2956 5190
740 305 807 369 340

172 498 297 577 dentes,
333 518 541 563 communem
570 499 737 582 quandam
761 498 1027 582 interpolationis.
1044 499 1158 564 labem
1180 500 1340 580 nuceum,

172 605 336 669 interdurn
364 606 511 671 nonnihil
539 606 715 683 variatam,
751 606 793 672 ab
824 609 888 671 bac
918 605 1085 671 communi
1114 604 1345 688 irrterpolatiom

174 711 247 776 labe
271 712 454 777 seiunctum
478 732 560 790 esse,
590 711 678 795 quod
701 712 883 778 orationem
905 711 1102 790 Sestiacum,
1138 730 1206 794 quo
1227 715 1348 794 tempore

174 818 290 884 litterae
319 820 462 901 antiquae
490 821 524 883 in
554 820 652 885 ltalia.
674 823 932 896 renascerentur,
967 818 1125 901 magister
1158 818 1283 900 aliquis,
1310 821 1351 901 qi

174 945 247 989 eam
272 925 437 1008 discipulis
460 930 637 1003 enarraret,
663 927 773 991 multis
796 927 875 992 loeis
899 926 1115 992 contraxisset
1137 925 1353 1008 omissisque

60 1084 63 1089 ,
175 1032 281 1096 minus
316 1031 498 1097 necessaria
534 1052 606 1096 esse
641 1036 698 1098 aut
732 1032 775 1098 ad
809 1052 879 1097 rem
913 1034 1077 1115 pertinere
1105 1032 1295 1097 viderentur
1312 1036 1355 1096 aut

174 1139 274 1203 etiam
298 1138 340 1202 ad
364 1139 584 1203 enarrandum
614 1138 757 1204 difficilia
786 1144 904 1216 essent,
940 1139 1027 1204 unde
1060 1141 1142 1204 nata
1179 1141 1287 1203 essent
1312 1157 1355 1203 er·

175 1245 283 1326 ampla
306 1246 339 1309 in
362 1246 493 1310 brevius
518 1250 694 1324 contracta,
730 1244 847 1311 deinde
875 1246 918 1310 ab
948 1245 1012 1311 alio
1035 1245 1136 1311 etiam
1161 1244 1262 1327 pauo
1282 1244 1358 1327 plura

174 1354 301 1415 resecta
335 1372 422 1430 esse,
463 1355 500 1416 ut
540 1352 764 1417 mutilatorum
799 1351 947 1417 codicum
982 1352 1104 1434 duplex
1139 1354 1230 1417 esset
1263 1371 1358 1434 genus

175 1457 260 1522 Fieri
287 1462 398 1523 tamen
426 1478 522 1540 posse
552 1458 709 1536 dixeram,
744 1462 780 1522 ut
815 1458 849 1522 in
882 1458 933 1522 his
968 1457 1136 1523 codicibus
1172 1457 1360 1540 interpolatis

176 1563 293 1628 lateret
315 1584 381 1629 una
405 1570 437 1630 et
460 1565 563 1630 altera
586 1566 748 1646 scriptura
772 1564 840 1628 eius
865 1565 1007 1642 familiae,
1030 1584 1132 1646 quam
1155 1567 1231 1629 tum
1250 1566 1361 1629 tertiam

176 1670 395 1752 appellabam,
430 1691 516 1736 nunc
552 1671 689 1736 alteram
725 1671 807 1750 dico,
844 1691 863 1735 a
894 1671 1055 1736 Gulielmo
1086 1674 1121 1735 et
1144 1671 1286 1736 Grutero
1311 1690 1363 1736 noo

176 1780 349 1854 annotata,
382 1778 471 1843 velut
499 1799 557 1860 pro
586 1777 668 1843 Sest.
698 1798 725 1842 c.
748 1778 807 1855 48,
845 1777 908 1842 103
936 1781 1102 1842 serratum
1134 1779 1275 1843 verbum
1303 1780 1364 1841 nde

177 1882 303 1947 bantur.
359 1885 451 1949 Nunc
486 1886 602 1950 collato
637 1884 807 1966 diligenter
841 1883 951 1948 codice
985 1882 1218 1949 Gemblacensi
1254 1904 1295 1950 ne
1323 1884 1365 1948 hic

178 1989 309 2071 quidem
332 1991 508 2056 testimonii
532 1992 654 2074 proprii
677 1990 766 2055 locus
790 1991 978 2072 vulgaribus
1000 1990 1062 2055 illis
1088 1991 1261 2057 codicibus
1282 1991 1366 2056 relin-

177 2096 296 2179 quitur.
342 2096 402 2162 His
426 2097 579 2178 expositis
603 2099 713 2162 omnia
736 2098 769 2161 in
791 2097 842 2161 lris
871 2096 1072 2162 orationibus
1100 2094 1317 2163 emendandis
1336 2117 1367 2162 eo

177 2202 350 2267 referenda
374 2203 532 2280 dixeram,
556 2208 593 2267 ut
616 2205 860 2285 comparatione
884 2204 983 2269 trium
1000 2204 1202 2268 familiarum
1222 2204 1367 2273 codicum,

179 2329 261 2390 quas
284 2329 371 2373 nunc
394 2310 477 2374 duas
501 2314 620 2388 statuo,
644 2311 732 2375 facta
756 2310 798 2375 ad
821 2310 941 2375 codicis
964 2310 1120 2392 primarii,
1152 2310 1244 2375 unde
1268 2330 1368 2375 omncs

179 2418 368 2498 propagatae
400 2420 518 2495 essent,
553 2417 747 2499 scripturam
781 2417 1005 2498 perveniretur
1029 2416 1134 2498 eique,
1170 2417 1199 2481 si
1224 2416 1369 2482 mendosa

180 2522 275 2586 certis
299 2520 423 2587 indiciis
447 2527 647 2605 argueretur,
671 2523 882 2588 adhiberetur
911 2523 1096 2588 coniectura
1119 2524 1175 2588 via
1199 2528 1234 2589 et
1258 2525 1370 2589 ratione

180 2627 373 2710 ingrediens.
430 2629 495 2694 Sed
529 2629 665 2694 feliciter
699 2630 829 2706 cecidit,
871 2634 908 2694 ut
941 2649 1057 2710 reapse
1091 2633 1229 2711 propter
1265 2631 1371 2695 codicis

179 2734 370 2799 Parisiensis
395 2739 526 2800 aetatern
551 2741 584 2800 et
607 2737 694 2816 quod
724 2757 799 2801 eum
831 2737 937 2801 solum
967 2737 1046 2800 satis
1078 2735 1188 2816 plene,
1224 2738 1287 2801 etsi
1316 2756 1371 2801 uon

180 2842 249 2904 sine
273 2842 447 2918 erroribus
480 2843 633 2906 collatum
663 2842 839 2919 habebam,
874 2845 973 2907 totius
997 2842 1240 2908 emendationis
1266 2843 1372 2908 funda·

179 2950 328 3011 mentum
351 2942 538 3030 poneretur.
585 2949 621 3011 ln
643 2949 774 3030 reliqua
798 2948 1016 3030 disputatione
1045 2969 1094 3025 ea,
1130 2968 1207 3030 quae
1239 2950 1283 3014 ad
1312 2950 1373 3032 opi·

180 3053 311 3119 nionem
336 3054 377 3118 de
400 3055 504 3119 tribus
528 3054 676 3118 codicum
701 3055 830 3119 familiis
855 3063 968 3137 aperte
997 3054 1250 3121 accommodata
1280 3059 1374 3127 erant,

181 3161 419 3225 transferentur
442 3161 484 3225 ad
508 3180 581 3225 eam
606 3163 812 3238 sententiam,
838 3182 936 3244 quam
961 3182 1047 3227 nunc
1070 3162 1112 3226 de
1135 3161 1270 3227 duabus
1290 3162 1375 3228 fami·

182 3267 231 3331 liis
265 3270 371 3332 teneo.
423 3267 540 3332 Cetera
575 3270 685 3365 omnia
719 3268 762 3332 ad
797 3289 870 3333 earn
906 3269 1045 3334 formam
1080 3288 1248 3343 revocare,
1286 3288 1376 3351 quam

181 3392 277 3448 nunc,
308 3375 334 3437 si
364 3374 404 3437 de
428 3374 553 3456 integro
576 3395 645 3438 rem
671 3375 875 3457 aggrederer,
905 3380 1077 3440 secuturus
1101 3394 1204 3451 eram,
1236 3374 1378 3440 difficilli-

182 3499 272 3542 mum
298 3483 330 3543 et
353 3480 465 3544 inutile
490 3481 601 3563 esset]

129 3923 168 3961 raa
272 3908 463 3989 Praeparata
485 3908 636 3971 universe
660 3909 776 3972 harum
801 3909 985 3972 orationum
1004 3906 1244 3983 emendatione,
1270 3908 1384 3989 singuli

183 4013 247 4076 iarn
272 4014 333 4077 loci
357 4014 572 4095 persequendi
597 4018 682 4091 sunt,
708 4015 739 4077 in
764 4014 882 4095 quibus
899 4013 1008 4078 Orellii
1030 4013 1176 4078 recensio
1200 4015 1300 4079 nobis
1324 4034 1385 4079 non

184 4120 358 4196 satisfaciu
383 4140 571 4201 quanquam
596 4140 708 4184 corum
733 4141 863 4201 quoque
889 4121 1042 4197 locorum,
1067 4140 1149 4202 quos
1174 4120 1224 4184 rir
1248 4121 1385 4185 clarissi-

185 4247 257 4289 mus
282 4232 368 4290 recte
393 4227 568 4302 constituit,
593 4228 738 4290 nonnulli
763 4227 885 4308 aliquid
910 4247 949 4290 ex
965 4227 1019 4291 illa
1036 4226 1259 4308 disputatione
1275 4228 1385 4293 firma·

184 4336 286 4397 nienti
311 4335 483 4415 accipiunt.
530 4334 597 4396 Nec
621 4334 747 4397 minora
771 4336 801 4395 et
827 4333 948 4397 leviora
977 4333 1198 4409 excludemus,
1232 4337 1386 4417 quoniam

184 4459 278 4504 novae
303 4441 498 4504 recensionis
524 4440 626 4502 ricem
655 4441 739 4503 hanc
764 4432 1016 4521 disputationem
1041 4445 1199 4520 praestare
1224 4442 1386 4506 volumus,
