2948 5206
710 327 775 399 rat

139 531 176 596 in
198 544 239 596 eo
260 528 383 608 codice,
406 527 494 593 unde
516 527 619 594 nostri
641 528 704 592 orti
726 529 813 606 sunt,
837 524 1016 603 librarium,
1047 539 1148 606 quom
1172 522 1216 588 ad
1237 525 1339 607 paru
1459 586 1463 595 .

137 636 250 703 culam
273 636 423 722 quoniam
439 646 541 699 unum
557 636 687 699 tentum
705 633 844 698 verbum
866 630 980 696 referri
1002 632 1134 713 poteret
1150 648 1211 694 nec
1234 631 1339 695 unim-

140 743 343 822 adverteret,
389 749 455 824 qua
498 740 552 805 vic
593 738 798 826 ratiocinatio
839 738 1044 821 procederet,
1088 736 1145 800 ubi
1187 736 1340 819 epodosis

134 850 240 929 esset,
269 862 310 913 ex
331 861 382 927 eo,
416 846 506 930 quod
528 847 667 912 aiterum
691 848 764 911 erat
785 844 928 928 protesis
950 842 1146 921 membrum,
1181 843 1340 927 epodosin

140 955 291 1021 effecisse
315 957 349 1019 et
369 964 430 1036 pro
457 956 520 1019 heo
542 952 664 1018 format
696 951 737 1016 A.
762 948 891 1016 ΰωοδηα
914 982 955 994 -—
973 951 1166 1034 potentat
1185 947 1340 1035 prosme-

136 1063 195 1139 rit,
230 1061 316 1126 hanc
344 1056 566 1124 substituisset
601 1058 643 1123 A.
670 1057 829 1122 (ierim
856 1088 900 1104 -·-
922 1056 1131 1140 perterritam
1150 1055 1339 1142 profecisse.

137 1167 225 1233 iliud
263 1165 479 1232 animadverti
511 1164 624 1245 veiim,
663 1176 724 1230 noc
762 1165 826 1230 hoc
863 1163 934 1229 loco
972 1146 1038 1227 nec
1063 1158 1083 1243 9
1111 1160 1171 1241 80,
1190 1148 1191 1151 '
1211 1161 1269 1227 uhi
1306 1161 1340 1226 in

135 1273 293 1340 omnibus
329 1271 493 1337 codicrirus
527 1271 597 1336 stne
630 1268 698 1337 ulia
731 1272 890 1337 varietate
923 1269 1105 1353 perscripto
1135 1270 1211 1333 sunt
1237 1267 1340 1334 rerba

135 1381 249 1464 specie
264 1380 390 1455 Latina,
415 1397 513 1443 sensu
536 1397 630 1443 cassa
654 1379 748 1442 etiam
770 1378 831 1442 illa
853 1377 989 1441 materia
1010 1373 1177 1461 equitatis,
1200 1392 1261 1439 nos
1284 1392 1339 1441 σοδ

134 1486 221 1552 dicis
244 1485 447 1569 palimpsesti
469 1484 691 1550 testimonium
714 1483 853 1560 hebere3
883 1499 1072 1567 quanquam
1095 1498 1180 1560 eam,
1209 1477 1251 1546 de
1274 1501 1338 1564 qua

136 1593 193 1658 hic
216 1609 287 1675 ago,
323 1611 344 1656 a
374 1593 544 1656 sementim
573 1594 606 1656 et
628 1590 844 1656 conclusionis
867 1589 1051 1672 argumenti
1074 1587 1180 1653 forma
1202 1589 1338 1654 oberte*

135 1699 262 1764 tionem
286 1697 386 1762 etiam
409 1697 595 1780 antiquiori,
619 1714 720 1780 quern
743 1696 799 1781 qui
821 1696 967 1762 codicem
982 1694 1074 1759 illum
1088 1694 1338 1777 palimpseetum

135 1805 278 1888 scripsit,
313 1803 446 1870 horario
477 1806 585 1870 minus
615 1808 742 1870 attento
773 1803 922 1870 accidere
951 1801 1096 1886 potuisse
1119 1798 1227 1865 credo.
1272 1800 1339 1866 Sed

134 1911 293 1996 quicquid
315 1910 350 1976 id
373 1914 433 1988 est,
456 1911 574 1975 saltem
597 1910 811 1993 aperiendum
835 1910 1015 1986 sententiae,
1039 1905 1144 1990 mralis
1166 1924 1254 1971 nuno
1277 1911 1336 1986 eet,

135 2018 254 2084 vitium
283 2017 354 2094 fuit,
368 2017 417 2081 ’si
445 2016 524 2080 nihil
555 2016 653 2095 aliud,
689 2020 726 2082 ut
748 2036 790 2082 ex
818 2035 857 2084 eo
885 2016 1068 2085 criticorum
1097 2031 1226 2097 genere,
1249 2012 1338 2095 quod

134 2125 234 2203 nosti,
262 2124 394 2200 oriatur,
429 2123 485 2203 qui
508 2141 568 2187 nos
590 2121 717 2202 doceat,
751 2124 808 2203 ito,
843 2125 880 2187 ut
902 2140 989 2186 nunc
1011 2119 1172 2198 scribitur,
1206 2136 1337 2184 summe

135 2233 209 2296 arte
233 2234 266 2294 et
289 2227 530 2311 elegantissimo
552 2228 671 2294 iudicio
694 2229 884 2296 Ciceronem
908 2222 1122 2311 scripsisse.¹)

226 2334 310 2418 (lbd.
328 2333 347 2416 9
364 2334 406 2398 27
424 2335 525 2400 miror
542 2336 782 2417 apertissimum
799 2334 1045 2400 annotationem
1067 2333 1124 2398 tec
1146 2339 1190 2397 cst
1206 2339 1336 2396 mortem

134 2443 325 2519 minoretur,
354 2442 389 2505 in
415 2459 481 2524 qua
504 2462 546 2506 ne
568 2442 705 2506 minima
727 2441 859 2523 quidem
883 2439 1060 2506 similitudo
1082 2444 1133 2505 est
1154 2440 1223 2505 veri
1246 2440 1335 2523 apud

134 2547 326 2614 (iseronem
348 2566 428 2612 usus
457 2548 606 2614 formulae
637 2546 694 2612 hcc
723 2553 777 2624 cst,
812 2546 846 2611 iu
876 2551 985 2613 vestro
1016 2547 1166 2630 exemplo
1197 2545 1334 2613 orationi

134 2656 293 2719 insertam
311 2673 393 2719 esse.
429 2655 541 2721 Cicero
558 2655 675 2720 saltem
692 2654 890 2737 scripsisset:
913 2656 1043 2737 mdum,
1062 2654 1119 2718 hoe
1133 2661 1179 2719 cst
1194 2651 1334 2734 mmm,
1364 2646 1367 2653 ’

133 2763 324 2838 minaretur,
359 2779 425 2825 non
452 2760 591 2825 verbum
619 2761 832 2844 geminasset3
866 2761 925 2826 sed
953 2778 1122 2843 nunquam
1149 2760 1213 2825 hcc
1239 2760 1334 2825 addi·

134 2867 248 2946 disset,
283 2867 407 2932 melum
437 2886 456 2930 a
484 2885 529 2946 se,
554 2871 602 2958 ,ut
624 2868 693 2933 iere
715 2867 759 2933 ab
782 2868 935 2934 omnibus
958 2882 1088 2950 semper
1110 2868 1144 2932 in
1166 2866 1221 2932 illa
1244 2867 1333 2932 locr-

134 2973 234 3052 tione,
258 2973 431 3056 significari
454 2971 619 3056 mortem.)

223 3080 294 3144 Ibd.
314 3077 333 3160 9
353 3078 396 3144 39
419 3079 620 3145 absolvenda
643 3084 714 3144 eret
737 3081 923 3145 emendatio
945 3083 1033 3145 recte
1056 3079 1333 3162 interpungendoz

136 3185 223 3265 Quid
245 3185 342 3271 cryc?
366 3183 435 3250 Hoc
458 3198 552 3271 quom
575 3184 668 3250 icis
689 3187 763 3264 vim,
786 3194 822 3250 ut
844 3185 965 3250 dicare
987 3185 1112 3271 aliquid
1134 3193 1190 3250 aut
1213 3205 1251 3250 cs
1273 3186 1333 3249 cii·

134 3309 200 3376 qao
216 3299 313 3375 porte
334 3291 467 3374 differre
491 3289 641 3356 'videatm
663 3289 819 3375 (barbare
841 3291 947 3356 dices:
982 3289 1025 3356 ad
1055 3291 1157 3356 ullam
1180 3290 1332 3356 differen-

134 3397 215 3463 tiam
238 3396 468 3478 efficiendam),
492 3405 599 3462 utrum
614 3428 657 3444 -
673 3403 739 3461 tum
762 3398 902 3482 cepcliar
918 3417 955 3461 ac
970 3396 1115 3478 ddicim,
1139 3416 1184 3460 aa
1200 3428 1243 3442 -
1260 3404 1333 3460 uste

133 3511 331 3586 ocmrratur,
354 3525 393 3568 rac
414 3537 459 3548 —
482 3503 629 3588 aspirare
645 3504 790 3590 poesim?
824 3503 907 3585 Orod
936 3500 1097 3587 (inquam)
1125 3495 1182 3566 hoc
1210 3501 1250 3565 ab
1276 3501 1332 3566 eto
1449 3540 1451 3543 ν

133 3606 254 3693 differt,
278 3616 313 3674 ut
333 3611 388 3674 illc
409 3618 540 3694 sopater
562 3615 623 3676 cet.
647 3609 723 3693 (hoo
745 3614 795 3676 est
817 3609 951 3676 iterum:
983 3610 1028 3676 ad
1049 3608 1266 3687 efficiendum,
1294 3594 1340 3674 ut'

133 3712 188 3781 ilie
210 3714 278 3799 —).
324 3716 413 3780 Idem
438 3719 488 3780 est
510 3723 544 3779 ut
567 3716 801 3782 coniunctionis
829 3737 907 3782 usus
936 3735 976 3782 ac
1003 3734 1105 3799 quum
1132 3714 1259 3792 dicitur,
1294 3720 1332 3782 ut

133 3821 257 3904 aliquid
280 3822 347 3898 fiat,
371 3823 433 3887 hec
455 3822 507 3887 rel
530 3822 586 3887 ille
608 3836 643 3887 re
666 3840 750 3904 opus
772 3841 855 3902 esse,
878 3825 941 3890 hcc
963 3823 1015 3889 vel
1030 3821 1110 3888 illud
1125 3821 1239 3888 deesse
1259 3821 1332 3906 (out

132 3942 316 4011 superesse,
339 3929 402 3993 hoc
426 3933 475 3993 est
498 3924 645 4009 restore),
669 3929 759 3994 velut
781 3930 871 4014 apud
887 3930 1075 3996 Ciceronem
1098 3928 1217 3996 Parad.
1235 3929 1254 4012 fi
1271 3927 1330 3997 452

132 4035 186 4099 eui
207 4041 330 4099 tarsum
352 4035 441 4111 desit,
469 4042 505 4099 at
533 4036 655 4119 expleas
678 4032 733 4117 (ad
758 4034 970 4122 explendum)
1001 4037 1046 4120 id,
1075 4037 1159 4122 quod
1186 4044 1329 4121 mptum

160 4313 184 4384 ¹)
202 4316 405 4372 Commentarn
424 4334 528 4384 eorum,
548 4317 595 4386 qui
613 4318 685 4372 hanc
697 4299 849 4373 orationem
863 4324 1034 4383 enarrarunt,
1053 4319 1112 4375 haec
1130 4321 1198 4375 mihi
1210 4322 1239 4376 in
1251 4323 1328 4376 cher·

202 4410 261 4460 iam
280 4406 433 4459 coniicienti
451 4407 485 4459 ad
504 4422 618 4461 manum
642 4423 697 4460 non
717 4412 803 4472 erant,
831 4412 870 4472 ut,
898 4425 966 4462 num
990 4409 1051 4478 quis
1073 4413 1138 4464 ante
1161 4426 1206 4464 me
1229 4411 1263 4465 in-
1276 4412 1328 4466 hoc

203 4493 263 4547 loco
282 4494 403 4548 offensem
421 4499 500 4559 esset,
528 4495 606 4549 cuius
630 4494 766 4548 sententio
781 4493 930 4551 inurunt
953 4503 1080 4553 vestreae
1097 4498 1225 4569 exempto
1242 4507 1327 4554 unho-

202 4585 261 4636 teto
279 4598 335 4636 non
354 4587 433 4648 essct,
452 4583 614 4652 ignorarem.
651 4583 710 4637 Hoc
729 4583 764 4638 de
782 4585 879 4640 ceteris
898 4602 1009 4656 quoque
1027 4587 1131 4641 dictum
1149 4587 1193 4642 sit
