2948 5206
659 285 724 350 235

148 497 197 542 rere
212 478 344 543 deductas
368 478 433 543 sint
462 476 564 562 [quod
588 484 686 563 negat
715 481 885 564 Appianus
915 481 982 548 Civ.
1007 483 1029 560 l,
1061 484 1119 561 35;
1155 485 1294 552 Cartha-

145 585 215 667 ghem
233 585 368 667 quidem,
393 585 434 650 de
458 586 548 651 cuius
572 586 771 653 deducendae
796 589 927 654 consilio
952 590 1133 656 omittendo
1159 611 1198 658 eo
1222 595 1294 676 ipso

145 694 255 774 tenpore,
276 710 341 773 quo
361 691 396 757 C.
414 691 579 759 Gracchus
603 695 728 760 occisus
752 698 811 773 est,
836 696 967 760 comitia
990 696 1104 762 habita
1122 699 1293 782 Appianus

143 796 188 863 lc.
203 798 312 877 scribit,
345 818 413 864 non
442 799 616 866 deductam
646 820 717 866 esse
748 803 848 866 etiam
876 821 917 866 ex
945 803 1092 869 eiusdem
1121 805 1203 870 Pun.
1230 806 1292 871 136

141 903 227 986 (ἂψ
242 910 257 976 ἢ
274 908 357 979 soors·
377 916 423 964 ωῡ
444 906 632 988 συνοικισμοῦ)
655 907 853 990 intelligitur,
877 928 1067 991 quanquam
1090 916 1293 994 repugnante

139 1011 251 1096 brhopio
271 1013 323 1091 IV,
348 1011 416 1095 21].
463 1014 544 1078 Livii
579 1013 675 1078 Drusi
710 1015 761 1078 lex
796 1015 837 1079 de
871 1015 929 1079 ΧΠ
964 1016 1097 1081 coloniis
1133 1019 1293 1084 trinutum

137 1119 233 1184 uillium
258 1118 436 1201 (Plutarch.
461 1119 497 1185 C.
521 1118 656 1184 Gracch.
681 1120 711 1197 9,
741 1121 882 1204 Appiam.
908 1121 975 1187 Civ.
999 1122 1022 1200 l,
1052 1122 1119 1204 23),
1155 1124 1222 1189 lata
1250 1125 1294 1190 ad

135 1224 204 1306 plebis
224 1227 350 1291 animos
373 1245 394 1290 a
414 1224 560 1291 Graccho
584 1227 789 1306 avertendos,
814 1230 850 1291 ut
873 1228 1025 1292 effectum
1048 1249 1114 1294 non
1137 1231 1347 1296 habuissem

133 1349 180 1396 un
197 1333 343 1416 savignio
367 1335 490 1414 putem,
515 1335 665 1414 quamvis
687 1334 882 1399 Plutarchus
905 1341 1029 1392 οἰκιστῶν
1047 1341 1186 1413 ἔκπεμψιν
1204 1356 1293 1403 com·

106 1443 253 1513 ,memoret
275 1437 317 1522 (c.
344 1439 395 1516 10,
419 1440 453 1503 in
475 1439 546 1521 lege
569 1441 720 1507 videlicet
742 1438 922 1523 scriptam),
948 1441 1024 1506 facit
1047 1440 1159 1507 Velleii
1178 1443 1293 1509 Pater·

131 1545 171 1609 culi
185 1545 352 1623 silentium,
387 1545 422 1610 in
444 1548 513 1610 tam
541 1548 725 1631 propinqua
748 1551 845 1612 aetate
868 1551 917 1613 tot
941 1548 1082 1613 colonias
1105 1569 1173 1615 non
1195 1552 1293 1616 ornis·

130 1652 181 1714 uri.
228 1651 379 1717 Fortasse
414 1672 481 1717 una
515 1655 549 1717 et
583 1654 687 1719 altera
721 1654 862 1719 deducta
896 1658 961 1732 est,
1002 1657 1039 1718 ut
1073 1655 1137 1720 illae
1171 1657 1290 1722 ltalicae

130 1757 246 1840 quinque,
270 1779 346 1841 quae
363 1759 453 1842 apud
469 1759 627 1824 Velleium
645 1762 865 1837 nominantur,
889 1780 955 1825 non
967 1780 1081 1826 omnes
1094 1762 1292 1828 Gracchanae

130 1861 178 1939 ht,
204 1865 331 1943 deinde,
368 1866 514 1931 Graccho
544 1868 640 1945 victo,
677 1872 746 1932 tota
768 1887 822 1931 res
846 1867 984 1932 abiecta.
1032 1867 1158 1933 Civium
1181 1872 1292 1934 auteur

130 1966 319 2054 mugendas
342 1993 457 2039 omnes
480 1976 541 2039 has
570 1973 713 2039 colonias
743 1977 849 2056 patet3
885 1994 962 2038 nam
997 1974 1102 2056 plebis
1133 1976 1293 2042 Romanae

130 2078 272 2144 ommodis
295 2081 565 2163 prospiciebatur,
587 2100 649 2145 nec
672 2080 842 2163 probabile
867 2080 932 2145 ullo
956 2080 1054 2146 modo
1072 2084 1131 2160 est,
1156 2102 1197 2146 ex
1216 2083 1319 2148 solis·

130 2178 219 2251 uuus
240 2186 384 2270 integras
414 2187 556 2253 colonias
580 2189 713 2252 Latinas
737 2187 930 2252 constitutas
959 2207 1041 2265 esse,
1071 2187 1126 2252 illa
1154 2208 1292 2271 pracser-

131 2284 169 2351 tim
184 2295 282 2371 state,
318 2313 384 2375 qua
413 2295 478 2358 iam
507 2296 586 2360 socii
614 2298 647 2360 et
670 2294 777 2359 Latini
801 2296 1012 2359 vehementer
1035 2293 1201 2360 civitatem
1225 2296 1292 2361 Ro-

131 2408 227 2462 manam
249 2403 363 2481 petere
386 2401 561 2483 coepissent
591 2405 624 2466 et
655 2400 838 2465 Gracchum
870 2400 1015 2482 aliosque
1046 2400 1195 2466 faventes
1225 2404 1293 2467 suis

132 2503 264 2570 mathus
287 2506 459 2572 haberent.
471 2502 498 2588 ¹)

189 2610 363 2677 Coniuncta
394 2614 536 2695 quodam
565 2613 664 2679 modo
693 2632 767 2677 curn
798 2612 859 2677 illis
892 2613 1089 2679 Gracchanis
1123 2615 1293 2697 conatibus
1403 2692 1407 2699 ⁵

133 2712 224 2782 u'delm
245 2719 345 2785 fuisse
369 2720 532 2786 Narbonis
556 2720 662 2786 Martii
688 2720 848 2799 deductio,
879 2740 978 2801 quarn
1003 2721 1164 2786 coloniam
1188 2742 1294 2805 popu-

133 2813 171 2883 ht
186 2822 246 2906 lege
269 2828 482 2891 constitutam
506 2846 588 2906 esse,
613 2847 633 2891 a
656 2827 820 2891 senatoria
841 2826 981 2892 factione
999 2828 1229 2910 improbatam,
1254 2847 1293 2892 ex

135 2919 256 2995 timonis
284 2932 409 3015 aliquot
437 2933 515 2998 locis
544 2928 777 3016 intelligunt)
823 2933 936 3015 ltaque
972 2933 1014 2997 ab
1032 2933 1034 2937 ’
1049 2933 1140 2999 initio
1175 2934 1292 2998 civium

135 3025 179 3109 llil,
199 3042 231 3102 ut
252 3039 438 3122 appellatur
460 3059 480 3104 a
504 3039 658 3105 Cicerone
683 3039 755 3122 (pro
778 3039 871 3104 Font.
884 3042 914 3118 5,
943 3040 1006 3122 13),
1031 3061 1096 3106 non
1120 3041 1191 3124 lege
1214 3041 1293 3105 lulia

137 3144 316 3227 umcipium.
363 3147 411 3211 Ea
434 3149 521 3211 enim
546 3147 597 3211 lex
620 3148 753 3229 triginta
776 3146 843 3211 iere
867 3149 961 3212 annis
991 3151 1065 3229 post
1088 3151 1122 3212 et
1145 3151 1293 3213 veterum

138 3243 294 3316 stauarum
317 3254 508 3318 Latinarum
532 3257 654 3319 statum
679 3255 819 3318 mutavit
850 3257 883 3318 et
912 3273 967 3319 eas
997 3254 1180 3319 deducendi
1204 3256 1293 3320 insti-

139 3347 209 3420 lttum
227 3361 356 3440 penitus
380 3360 532 3438 abolevit,
569 3361 665 3425 nullis
693 3360 813 3425 relictis
837 3361 975 3443 populis,
1012 3381 1052 3425 ex
1075 3361 1194 3444 quihus
1217 3382 1294 3444 pro·

140 3467 307 3543 omentum
336 3466 371 3530 iu
394 3468 485 3532 cuius
509 3467 615 3532 locum
640 3467 717 3532 iuris
741 3467 824 3531 Latii
848 3467 991 3532 donandi
1015 3487 1139 3532 morem
1164 3487 1294 3533 succes-

141 3561 189 3630 ise
211 3591 302 3654 supra
331 3567 518 3653 diximus.³)
564 3574 692 3640 Civium
721 3573 863 3638 colonias
893 3574 1084 3639 Gracchano
1112 3595 1213 3653 more,
1248 3577 1294 3639 ita
1308 3593 1346 3634 aar

143 3714 361 3741 N*—

160 3822 279 3898 liuore
300 3838 370 3893 rusa
396 3839 449 3893 ιω.
475 3838 832 3909 Rom.1p.203n0r.82
855 3839 967 3893 Latinas
991 3839 1041 3893 uas
1065 3840 1149 3894 fuisse
1174 3840 1294 3894 colonias

187 3925 262 3980 statuit
550 3928 556 3939 ’
743 3929 749 3940 ”
887 3948 892 3960 ·
1276 3929 1294 3966 ’-

189 3968 272 4070 nul
288 3927 530 4085 illm?
544 3928 968 4076 ltttttltll’tt
983 3929 1216 4086 illuit}
1234 3929 1293 4071 l?

190 4096 294 4159 brucos
313 4106 433 4160 colonos.
470 4105 524 4160 Sed
551 4110 645 4161 tamen
673 4106 747 4160 aliud
775 4111 817 4160 est
845 4106 951 4160 colonia
979 4123 1059 4170 nova,
1087 4106 1162 4161 aliud
1186 4107 1293 4175 supple-

191 4197 289 4248 uotum
307 4195 478 4249 colonorum.
515 4191 606 4261 1834]

166 4260 229 4332 ltro
242 4280 339 4338 ouen
359 4283 402 4348 51,
430 4283 482 4336 140
504 4283 564 4337 rou
602 4283 678 4338 brut.
697 4282 740 4347 43,
766 4282 818 4335 160
837 4288 863 4336 et
883 4284 917 4337 re
937 4283 1010 4337 orat.
1031 4283 1063 4343 u,
1083 4282 1125 4347 55,
1145 4281 1205 4337 aaa.
1244 4284 1293 4336 oe-

194 4360 254 4422 dtcta
268 4377 305 4426 cst
323 4389 349 4426 a„
369 4370 421 4424 118
439 4369 526 4438 (Vell,
546 4372 657 4441 Eutrop.
677 4373 720 4437 lv,
740 4371 783 4435 23,
803 4372 836 4425 al
857 4372 910 4437 10).
1118 4399 1120 4404 ι

168 4435 235 4506 'litu
249 4474 277 4513 ex
291 4460 332 4526 iis,
357 4476 420 4530 quae
439 4460 473 4515 de
490 4460 692 4531 Transpadanis
712 4461 839 4525 diximus,
863 4465 947 4530 patet,
972 4476 1056 4529 quam
1076 4476 1141 4514 vera
1159 4460 1194 4514 sit
1212 4459 1292 4514 inter·

197 4546 282 4602 lutatio
298 4549 351 4604 loci
370 4549 465 4604 Diouis
484 4549 568 4604 Cassii
587 4567 604 4604 a
622 4550 701 4604 nobis
719 4566 804 4619 supra
822 4566 848 4617 p.
867 4547 921 4601 248
938 4548 1036 4618 posita.
1063 4550 1293 4604 Latinorumve
