2948 5206
647 262 709 328 231

187 457 280 522 Redeo
303 457 346 522 ad
369 477 419 537 ea,
454 439 528 540 auae
557 458 597 523 de
626 458 824 524 coloniarum
849 459 1113 525 deducendarum
1137 461 1277 526 instituti
1291 477 1332 520 aas

128 563 220 629 labda
238 563 439 646 expedienda
462 568 602 642 restant;
624 585 703 630 nam
725 565 765 630 de
781 565 953 648 generibus
978 570 1011 631 et
1027 567 1096 632 iure
1114 567 1181 633 tere
1198 569 1278 634 satis

127 673 158 735 ut
172 671 285 736 dictum.
730 669 737 683 ’

179 777 272 842 ltnito
306 776 393 842 bello
421 777 544 842 Punico
573 778 726 856 secundo,
762 798 863 860 quum
899 799 1055 845 concussa
1089 780 1278 845 vehementi

122 886 181 959 potu
197 884 287 949 ltalia
310 883 474 948 firmanda
498 892 593 960 esset,
629 892 781 962 revocato
808 888 884 967 post
910 886 1041 968 longum
1070 887 1277 952 Intervallum

121 991 201 1055 icteris
222 990 382 1073 temporis
405 1009 496 1054 more
520 990 610 1072 (nam
633 1011 675 1055 ne
698 991 863 1056 maritima
886 993 1018 1074 quidem
1042 1013 1101 1075 per
1117 994 1278 1076 quinqua·

117 1095 175 1178 pinta
192 1117 294 1163 annos
318 1103 394 1179 post
416 1097 579 1179 Fregenas
603 1097 670 1162 ulla
693 1101 763 1162 erat
786 1097 949 1181 deducta),
973 1099 1006 1163 in
1030 1119 1070 1164 ea
1093 1100 1174 1179 loca,
1203 1120 1278 1182 quae

115 1201 149 1267 du
165 1203 323 1268 Hannibal
345 1207 508 1283 tenuerat,
546 1223 633 1269 anno
658 1204 721 1268 194
750 1205 932 1287 complures
963 1206 1081 1270 civium
1104 1206 1277 1272 maritImae

115 1308 213 1374 abniae
234 1309 378 1392 praesidii
414 1329 515 1375 causa
549 1311 657 1376 missae
687 1314 773 1389 sunt,
809 1312 943 1394 antiquo
978 1332 1107 1396 quoque
1140 1333 1278 1379 numero

115 1418 284 1480 iturarum
308 1403 505 1481 familiarum
524 1416 654 1501 scripto,
678 1417 841 1496 Puteolos,
864 1417 1070 1496 Vulturnum,
1095 1419 1274 1500 Liternum,

115 1519 257 1600 Salernum,
283 1523 480 1601 Buxentum,
504 1523 686 1606 Sipontum,
705 1523 894 1606 Tempsam,
912 1520 1133 1607 Crotonem.¹)
1167 1526 1275 1604 Quam

115 1647 194 1709 parum
217 1634 405 1695 constantes
429 1630 533 1695 socios
556 1632 675 1695 barum
703 1629 871 1712 regionum
901 1630 1023 1696 incolas
1053 1633 1194 1698 Romani
1218 1653 1275 1697 ex·

115 1735 167 1816 perti
185 1743 304 1814 essent,
338 1741 453 1801 notum
477 1740 536 1814 est,
572 1739 743 1818 exstatque
773 1736 814 1800 de
841 1736 915 1802 odio
939 1742 973 1803 et
995 1738 1138 1803 viudicta
1162 1759 1181 1803 a
1205 1739 1273 1805 Ro-

115 1842 185 1907 uanis
223 1843 265 1907 de
308 1843 442 1908 Bruttiis
488 1847 619 1925 sumpta
665 1843 887 1908 testImonium
931 1845 1142 1909 memorabile
1185 1845 1275 1927 apud

115 1945 226 2014 delium
234 1944 261 2032 ²)
307 1951 422 2032 ltaque
446 1950 561 2015 eodem
585 1950 807 2029 annotatum,
832 1952 869 2013 ut
885 1949 1010 2015 Latinae
1033 1970 1163 2033 quoque
1187 1951 1274 2016 colo-

117 2053 156 2118 nia
172 2056 266 2121 altera
289 2058 322 2120 in
346 2057 501 2135 Bruttios,
527 2057 631 2121 altera
654 2058 688 2121 in
704 2056 887 2122 Thurinum
905 2076 1021 2140 agrum
1034 2056 1274 2121 deducerentur
1288 2073 1328 2114 κο

118 2156 170 2239 (liv.
187 2162 324 2240 XXXIV,
349 2160 416 2244 53),
453 2167 486 2227 et
515 2163 644 2229 duobus
675 2164 769 2228 annis
796 2166 871 2247 post
900 2162 1059 2228 Vibonem
1088 2163 1151 2227 tria
1174 2161 1275 2228 millia

164 2398 194 2447 ost
214 2393 324 2447 coloniis
348 2392 492 2447 duodecim
516 2391 544 2445 in
563 2391 635 2446 bello
653 2391 764 2457 Punico,
793 2397 824 2445 ut
847 2409 865 2446 a
888 2393 945 2446 suis
970 2392 1081 2461 quidem
1106 2394 1273 2461 censoribus,

164 2482 201 2536 ut
216 2499 247 2537 ex
264 2481 385 2536 formula
403 2498 420 2534 a
438 2481 570 2536 Romanis
589 2483 653 2536 data
671 2485 849 2537 censerentur
872 2481 1028 2549 tabulaque
1047 2481 1165 2536 Romam
1188 2482 1275 2537 deier-

166 2576 242 2624 rentur
260 2569 329 2636 (Liv.
342 2571 437 2635 XXIX,
457 2570 511 2635 15).
539 2571 644 2640 Sapius
662 2571 842 2639 expetebatur
860 2587 996 2624 novorum
1014 2570 1173 2624 colonorum
1187 2571 1274 2625 adiec-

167 2658 298 2730 loquum
326 2677 425 2729 parurn
445 2661 601 2729 trequentes
620 2660 749 2713 oneribus
768 2660 924 2714 delectuum
943 2664 970 2713 et
989 2658 1083 2713 tributi
1102 2676 1136 2713 ex
1154 2660 1274 2714 formula

167 2747 279 2818 inpositis
306 2765 362 2803 non
391 2749 556 2814 sufficerent,
584 2754 616 2803 ut
638 2766 655 2802 a
678 2748 874 2802 Narniensibus
898 2753 925 2802 et
948 2748 1060 2802 Cosanis
1084 2765 1108 2802 a.
1129 2747 1181 2801 199
1203 2749 1273 2814 (Liv.

213 2838 221 2851 '
271 2836 307 2891 2.

141 2915 155 2986 ¹l
166 2834 338 2991 IVAEXXXIV
357 2926 401 2980 45.
429 2927 485 2981 Lex
502 2927 536 2981 de
549 2926 677 2991 Puteolis,
696 2927 839 2991 Vulturno,
858 2926 978 2990 Literna,
997 2924 1119 2990 Salerno,
1138 2923 1272 2989 Buxento,

168 3011 187 3066 ir
201 3017 291 3084 quihus
309 3031 457 3069 numerum
476 3014 569 3069 Livius
587 3020 710 3080 annotat,
729 3015 784 3069 iam
804 3032 828 3068 a.
843 3014 894 3066 197
912 3015 969 3068 lata
981 3032 1006 3067 a.
1020 3015 1048 3068 G.
1061 3013 1149 3068 Acilio
1162 3014 1273 3068 tribuno

167 3102 233 3169 plebis
250 3110 316 3168 erat,
336 3103 536 3173 triumvirique,
565 3104 611 3172 qui
635 3121 684 3174 per
707 3109 762 3158 tres
786 3121 874 3158 annos
898 3103 1089 3172 magistratum
1108 3119 1172 3157 eum
1191 3104 1273 3158 habe

167 3198 218 3257 rent
242 3194 325 3248 creati
348 3193 417 3259 (liu.
436 3193 543 3264 XXXII,
561 3191 615 3257 29),
644 3197 673 3247 ut
698 3192 843 3247 rideantur
866 3193 954 3246 multa
977 3193 1157 3261 praeparanda
1179 3193 1272 3248 fuisse.

167 3277 248 3334 also
271 3281 317 3351 Sp.
337 3282 495 3337 Postumius
523 3282 618 3336 consul
645 3282 821 3347 renuntiavit,
848 3286 1040 3351 peragrantem
1066 3298 1096 3335 se
1124 3286 1273 3351 utrumque

166 3365 213 3423 litus
227 3370 311 3424 ltaliae
329 3371 452 3426 desertas
471 3371 591 3425 colonias
610 3370 755 3440 Sipontum
774 3376 802 3424 et
819 3372 977 3425 Buxentum
1001 3371 1150 3430 invenisse;
1179 3371 1272 3440 itaque

166 3453 243 3512 terum
260 3458 371 3514 deducti
390 3460 478 3514 coloni
497 3464 562 3514 sunt
584 3456 653 3526 (Liv.
672 3459 791 3524 XXXIII,
814 3459 869 3527 23).
906 3461 1033 3524 Velleius,
1057 3464 1272 3514 commemorata

164 3544 206 3600 sire
220 3547 338 3602 Lunensi
350 3548 409 3601 slve
422 3548 538 3602 bucensi
557 3549 671 3614 colonia,
691 3565 775 3618 quam
788 3566 812 3604 a
826 3548 878 3602 118
891 3549 1038 3603 deductam
1057 3548 1143 3618 ponit,
1163 3550 1271 3612 mmm,

164 3632 241 3704 aquit
258 3646 409 3706 temporam
427 3645 525 3701 tractu,
545 3656 702 3707 quanquam
721 3641 796 3706 apud
814 3641 945 3708 quosdam
964 3639 1121 3705 ombtpu'tur,
1148 3637 1272 3691 Puteolos

164 3721 338 3795 &unumque
356 3734 382 3779 ot
399 3728 554 3780 Buxentum
572 3731 651 3781 missi
667 3729 761 3782 coloni.
799 3728 920 3796 Apparet
943 3743 1019 3781 error
1037 3742 1071 3779 ex
1091 3725 1159 3779 Livii
1178 3741 1270 3780 narra·

162 3811 225 3878 tione,
247 3816 305 3869 brec
324 3815 452 3869 distmcte
471 3816 505 3869 ad
524 3832 588 3870 suos
606 3832 694 3870 annos
712 3822 740 3870 et
758 3822 847 3871 certos
866 3816 991 3870 homines
1010 3813 1161 3869 referentis.
1200 3814 1271 3869 Reli-

163 3914 215 3968 11111
230 3903 348 3959 Velleius
366 3904 477 3958 omittit

138 3974 248 4057 'IlibX
269 3992 287 4045 3
305 3993 340 4047 de
359 3992 491 4047 ministris
510 3993 728 4061 magistratuum,
752 3992 799 4061 qui
824 3994 968 4045 Bruttiani
990 3992 1164 4046 dicebantur:
1194 3993 1271 4045 Post·

164 4093 227 4144 quau
243 4081 383 4134 Houmbol
406 4082 491 4134 Italia
508 4083 625 4149 decutit,
653 4085 828 4151 superatique
852 4083 931 4135 Poeut
952 4089 1024 4149 aaut,
1049 4082 1174 4134 Bruttios
1197 4083 1270 4148 tana

165 4168 236 4222 triuio
251 4186 340 4223 cauca
357 4187 413 4224 noa
431 4171 528 4223 mulius
545 4171 697 4223 scribebant
719 4187 766 4223 acc
779 4188 835 4237 pro
858 4173 938 4224 sociis
956 4170 1096 4236 trabebant,
1120 4171 1166 4222 aad
1183 4171 1270 4235 mopi-

166 4259 272 4312 Vruttbus
289 4262 320 4312 iu
334 4261 494 4327 procinctos
512 4259 636 4311 euutubus
651 4275 752 4326 parere
764 4266 789 4311 ct
803 4261 1024 4326 pramiaistrarc
1035 4275 1176 4312 amorum
1187 4260 1270 4310 oiccm

169 4341 287 4401 aarum.
325 4346 402 4401 lderu
421 4363 438 4401 a
457 4346 536 4402 Festo
559 4351 687 4401 narratur
710 4344 749 4413 [et
773 4363 790 4399 a
812 4347 948 4401 Strabone
965 4346 988 4398 V
1006 4364 1033 4415 p.
1052 4344 1103 4399 251
1124 4346 1193 4411 Cas,
1221 4346 1269 4400 ubi

169 4425 284 4489 Selemonr
303 4435 439 4489 coloniam
458 4436 611 4490 Picentium
629 4436 700 4505 parti
720 4437 754 4489 ad
773 4452 849 4490 mare
862 4434 981 4489 interum
994 4434 1127 4489 traducta
1139 4434 1270 4489 custodia

170 4526 231 4571 0⁸⁰&
246 4521 397 4592 impositam
418 4522 531 4591 narrat]¹
