2956 5190
692 298 756 362 368

125 499 158 563 S.
182 497 319 562 Victoris
343 500 376 561 et
398 495 516 559 Bernn.
541 498 600 569 est,
625 493 697 557 cod.
720 492 824 558 Paris.
847 494 877 557 ie
897 492 971 557 trib.
984 488 1143 577 plebie¹);
1166 498 1299 567 neutrum

125 606 250 688 opinor,
286 605 319 667 in
343 601 452 691 codice
476 600 653 682 archetypo
677 599 748 678 luit,
778 602 845 676 aut,
880 598 1003 677 siluit,
1037 602 1138 665 vetus
1160 602 1209 663 est
1227 598 1301 665 inter

126 712 257 793 polati0,
293 709 383 774 cuius
415 706 614 772 simillimam
645 706 743 770 aliam
774 707 886 770 statim
917 706 1101 787 proferam.
1146 704 1261 771 Deinde
1280 730 1302 773 rr

71 819 280 906 promittunt
302 816 377 880 Par.
402 817 435 878 et
457 813 576 877 Bemu.
606 811 812 895 (veteresque
842 810 941 892 edd).
993 812 1128 895 Duplex
1155 818 1206 879 est
1230 813 1304 897 igitu

125 921 321 988 emendandi
349 923 458 998 ratio,
478 924 514 983 ut
542 922 600 983 aut
627 918 803 984 scribatur:
838 921 867 983 sr'
889 918 1108 983 obnuntiasset
1132 918 1305 985 ramur

125 1029 171 1112 (id
195 1034 254 1106 est,
278 1029 353 1093 tolio
375 1025 516 1111 aliquia),
539 1027 594 1111 pru
616 1034 768 1090 armasset
790 1026 927 1099 decreto,
952 1025 1062 1091 deleto
1080 1025 1219 1103 dinoot,
1239 1028 1306 1109 quod

124 1137 272 1203 additum
296 1134 394 1199 sitin
418 1132 528 1197 codice
552 1134 739 1215 archetypo,
764 1152 865 1214 quum
888 1153 1031 1197 servasse
1053 1134 1214 1217 scriptum
1231 1142 1306 1201 eme„

125 1244 191 1317 aut,
227 1241 339 1305 addito
362 1261 403 1318 se,
439 1239 556 1303 deinde
584 1236 687 1320 [quod
710 1239 856 1303 Manutio
879 1240 913 1303 in
936 1243 1082 1305 mentem
1109 1238 1254 1323 venerat]
1271 1238 1307 1303 di

125 1355 205 1412 reret
228 1348 400 1423 scribatur,
436 1365 511 1427 quae
543 1345 586 1409 ad
617 1345 759 1426 speciem
787 1345 899 1423 lenior,
935 1365 972 1410 re
1000 1346 1075 1428 ipsa
1098 1347 1204 1413 multo
1225 1349 1308 1413 maior

125 1457 176 1518 est
210 1454 358 1518 mutatio.
416 1453 524 1534 Atque
560 1451 653 1527 illud,
694 1451 781 1532 quod
816 1452 857 1516 de
891 1452 1123 1519 additamento
1158 1454 1309 1519 manirera
1353 1484 1355 1501 ι

31 1576 34 1582 ·
120 1568 244 1644 praetor
277 1560 345 1623 sive
380 1559 453 1623 trib.
478 1558 561 1642 pleb.
593 1558 668 1633 dixi,
704 1559 915 1623 confirmatur
950 1561 1081 1643 egregie
1116 1560 1203 1626 infra
1224 1579 1249 1625 c.
1268 1560 1309 1627 59.

128 1667 200 1743 126,
225 1666 282 1730 ubi
305 1666 425 1730 editur:
450 1667 494 1729 At
516 1686 588 1729 oero
610 1664 664 1727 itte
686 1662 832 1728 tribuous
849 1665 961 1749 plebia,
986 1668 1042 1752 qui
1064 1667 1105 1731 de
1122 1688 1237 1730 me-
1256 1686 1310 1729 corr·

124 1775 239 1837 tionem
274 1774 471 1857 interrepere
505 1771 622 1836 solebat
656 1776 717 1837 cet.
779 1772 882 1836 Recte
922 1773 1123 1838 Garatonius
1165 1772 1310 1838 intellexit

125 1880 339 1961 apertissimis
362 1880 447 1943 notis
471 1878 644 1961 significari
661 1879 805 1962 Appium
822 1879 1006 1955 Claudium,
1024 1887 1212 1963 proteron,
1235 1898 1309 1944 earu·

125 2004 190 2067 que
205 1985 400 2050 sententiam
419 2005 506 2050 nunc
522 1984 712 2050 scholiastes
724 1986 901 2051 Vaticanus
920 1980 1103 2063 confirmat,
1127 2006 1192 2051 nec
1208 1990 1311 2055 tamea

125 2097 162 2156 ut
185 2111 225 2156 ex
249 2091 359 2155 Orellii
382 2091 490 2155 verbis
522 2091 707 2169 concludas,
743 2093 777 2156 id
807 2111 928 2157 nomen
960 2093 994 2156 in
1025 2096 1185 2158 contextu
1214 2092 1313 2161 habet:

125 2219 203 2263 nam
226 2199 359 2263 omnino
383 2201 454 2263 baec
477 2198 579 2262 verba
601 2217 667 2262 non
690 2200 791 2280 ponit.
801 2194 828 2279 ²)
874 2197 960 2276 Quid
988 2199 1108 2281 igitur?
1144 2198 1313 2264 Substitue-

125 2324 241 2369 musne
259 2307 453 2388 praetorem?
488 2302 560 2366 Non
584 2303 750 2381 faciemus,
784 2305 909 2386 opinor,
942 2305 1010 2380 sed,
1044 2310 1179 2371 vetusto
1202 2306 1313 2371 addita·

126 2416 237 2477 meuto
253 2411 393 2485 sublate,
410 2410 599 2474 Ciceronem
616 2411 782 2475 bominem
798 2411 1008 2494 significasse,
1032 2432 1100 2477 non
1117 2414 1314 2496 magistrates

125 2517 257 2582 nomine
281 2517 464 2600 appellasse
488 2516 687 2598 putabimus.
734 2517 778 2581 Ut
800 2518 844 2582 ad
867 2519 1011 2600 priorem
1039 2518 1148 2584 locum
1173 2524 1314 2591 revertar.

126 2623 264 2688 Orellius
298 2644 364 2688 non
399 2624 478 2687 satis
514 2623 690 2687 infirmavit
724 2623 883 2688 Wunderi
918 2625 1149 2707 suspicionem,
1186 2627 1220 2691 in
1251 2626 1314 2690 illis:

125 2731 255 2794 lusisset
277 2752 344 2794 reru
362 2730 535 2813 publ-icum,
566 2729 621 2793 sed
649 2730 898 2813 rempublicam
921 2734 991 2796 iure
1014 2733 1154 2810 tumeret,
1191 2735 1315 2799 alterum

125 2858 192 2901 ram
210 2837 299 2921 publ.
323 2837 477 2912 delentis:
512 2836 617 2899 omnis
647 2837 733 2900 enim
763 2839 919 2903 orationis
949 2840 997 2902 vis
1025 2847 1075 2903 est
1105 2840 1139 2904 in
1169 2839 1315 2905 contrarie

125 2944 236 3008 relatis
260 2945 388 3007 locasset
412 2946 444 3007 et
472 2944 542 3005 iore
571 2943 713 3018 lusisset:
749 2943 791 3020 id,
828 2945 916 3025 quod
945 2945 1084 3010 Orellius
1113 2947 1222 3012 inesse
1249 2945 1315 3011 vult

126 3070 232 3132 neque
255 3051 443 3130 intelligitur
467 3069 506 3112 cx
530 3049 638 3113 verbis
667 3058 699 3113 et
728 3050 825 3115 inane
849 3054 916 3127 est3
951 3070 1027 3115 nam
1060 3072 1131 3116 rem
1162 3053 1315 3135 publicam

126 3158 182 3236 qui
206 3156 304 3233 laedit,
340 3177 406 3221 non
429 3157 502 3220 ideo
526 3157 633 3220 minus
657 3156 755 3233 laedit,
791 3157 878 3238 quod
903 3177 942 3222 ea
967 3158 1055 3223 nulla
1078 3162 1196 3240 postea
1220 3160 1315 3225 lutura

126 3267 187 3326 est.
234 3264 270 3326 ln
292 3263 341 3340 ile,
371 3283 444 3344 quae
468 3263 693 3339 subiiciuntur,
725 3270 761 3326 ut
789 3263 1092 3345 interpretationem
1124 3286 1255 3348 quoque
1275 3271 1316 3331 al·

126 3368 260 3451 lingum,
285 3370 397 3434 Cicero
421 3369 569 3435 Clodium
592 3369 788 3450 gladiatores
811 3371 955 3434 novicios
977 3371 1117 3436 necdum
1135 3375 1317 3439 exercitatos

127 3478 338 3558 supposuisse
361 3477 498 3541 irridens
523 3476 600 3540 dicit
622 3496 682 3557 pro
703 3477 875 3558 magnifico
891 3479 1055 3543 aedilitatis
1071 3499 1218 3556 munere,
1242 3477 1318 3563 quod

126 3583 267 3665 populus
290 3584 333 3648 ab
362 3603 402 3649 eo
433 3585 465 3648 in
497 3584 681 3665 proximum
712 3602 835 3646 annum
868 3582 946 3665 (quo
977 3585 1048 3650 haec
1079 3585 1186 3651 oratio
1216 3585 1319 3651 habita

127 3694 176 3754 est
201 3689 399 3772 Clodiusque
423 3690 525 3754 aedilis
550 3685 624 3768 suit)
649 3692 863 3771 exspectaret.

73 3823 112 3863 rra
216 3797 252 3861 C.
277 3797 329 3873 37,
355 3797 396 3860 79
421 3798 542 3861 editur:
579 3796 678 3880 Atprr·
705 3817 744 3859 rre
773 3817 810 3858 ee
839 3817 872 3860 eo
900 3798 1025 3882 qrrr'deru
1049 3807 1187 3881 tempore
1210 3798 1246 3861 id
1268 3798 1321 3881 epil

127 3903 255 3983 Sestius,
280 3911 314 3967 ut
338 3926 358 3965 u
381 3905 448 3967 suis
471 3904 611 3966 recurritur
634 3911 699 3966 tuto
722 3904 757 3965 r'o
778 3901 851 3984 foro
869 3906 1091 3987 rrropietruturu
1107 3913 1240 3989 peroret,
1265 3926 1321 3969 reru

124 4010 284 4093 publicoru
308 4009 559 4075 rrdrrrirristrrtret.
596 4009 717 4073 Verum
743 4009 836 4073 codd.
861 4011 1097 4092 (praeterquam
1122 4012 1212 4093 quod
1233 4030 1324 4077 voces

126 4124 159 4177 ut
184 4138 204 4178 o
227 4117 294 4179 arria
316 4118 456 4180 :moritus
480 4138 587 4182 errore
618 4121 811 4200 repetuntur·
840 4118 954 4181 eodem
986 4118 1094 4193 mod0,
1132 4138 1198 4200 quo
1222 4118 1253 4193 5,
1290 4118 1325 4182 13

155 4377 177 4445 ι)
197 4377 297 4446 [Immo
317 4380 338 4433 is
358 4396 468 4448 quoquc
488 4382 571 4435 lmlrct
591 4387 615 4435 r'r
636 4386 667 4437 P.
686 4381 731 4450 R]

154 4465 176 4531 ³)
195 4469 249 4521 Nec
268 4486 284 4522 a
303 4469 412 4537 vulgata
438 4470 581 4525 discedunt
606 4471 678 4541 ll’rrr.
703 4470 742 4539 et]
766 4473 867 4526 Bernn.
910 4472 977 4524 ll'am
1003 4474 1044 4525 r‘llr‘
1068 4480 1091 4524 et
1115 4475 1148 4527 R.
1173 4480 1268 4543 aperte
1290 4478 1327 4526 rs:

199 4559 241 4610 r'lle
260 4567 304 4619 tr·.,
324 4558 350 4611 id
370 4564 418 4623 est,
438 4561 572 4616 tribunus.
