<?xml version="1.0" encoding="UTF-8"?>
<!DOCTYPE html PUBLIC "-//W3C//DTD XHTML 1.0 Transitional//EN"
    "http://www.w3.org/TR/xhtml1/DTD/xhtml1-transitional.dtd">
<html xmlns="http://www.w3.org/1999/xhtml" xml:lang="en" lang="en">
 <head>
  <title>
</title>
<meta http-equiv="Content-Type" content="text/html;charset=utf-8" />
  <meta name='ocr-system' content='tesseract 3.04.00' />
  <meta name='ocr-capabilities' content='ocr_page ocr_carea ocr_par ocr_line ocrx_word'/>
</head>
<body>
  <div class='ocr_page' id='page_1' title='image "./ionicolaimadvig02madvgoog_0094.png"; bbox 0 0 2948 5206; ppageno 0'>
   <div class='ocr_carea' id='block_1_1' title="bbox 83 90 1312 873">
    <p class='ocr_par' dir='ltr' id='par_1_1' title="bbox 83 90 1312 873">
     <span class='ocr_line' id='line_1_1' title="bbox 83 90 88 121; baseline 0 0"><span class='ocrx_word' id='word_1_1' title='bbox 83 90 88 121; x_wconf 88' lang='grc' dir='ltr'>Ι</span> 
     </span>
     <span class='ocr_line' id='line_1_2' title="bbox 83 452 1311 559; baseline 0.005 -28"><span class='ocrx_word' id='word_1_2' title='bbox 83 454 87 559; x_wconf 55' lang='grc' dir='ltr'><strong>ᾗ</strong></span> <span class='ocrx_word' id='word_1_3' title='bbox 159 468 304 531; x_wconf 56' lang='lat' dir='ltr'>wlnonis</span> <span class='ocrx_word' id='word_1_4' title='bbox 336 464 426 530; x_wconf 86' lang='lat' dir='ltr'>illam</span> <span class='ocrx_word' id='word_1_5' title='bbox 461 452 647 548; x_wconf 73' lang='lat' dir='ltr'>opinionem</span> <span class='ocrx_word' id='word_1_6' title='bbox 676 486 784 550; x_wconf 90' lang='lat' dir='ltr'>neque</span> <span class='ocrx_word' id='word_1_7' title='bbox 813 468 955 550; x_wconf 86' lang='lat' dir='ltr'>vestigiis</span> <span class='ocrx_word' id='word_1_8' title='bbox 984 469 1165 535; x_wconf 75' lang='lat' dir='ltr'><strong>manifestis</strong></span> <span class='ocrx_word' id='word_1_9' title='bbox 1193 472 1311 537; x_wconf 90' lang='lat' dir='ltr'>confir·</span> 
     </span>
     <span class='ocr_line' id='line_1_3' title="bbox 83 566 1312 665; baseline 0.005 -27"><span class='ocrx_word' id='word_1_10' title='bbox 83 566 88 665; x_wconf 63' lang='lat' dir='ltr'>l</span> <span class='ocrx_word' id='word_1_11' title='bbox 158 573 240 647; x_wconf 87' lang='lat' dir='ltr'>narit;</span> <span class='ocrx_word' id='word_1_12' title='bbox 266 591 332 648; x_wconf 89' lang='lat' dir='ltr'>nec,</span> <span class='ocrx_word' id='word_1_13' title='bbox 362 575 389 636; x_wconf 90' lang='lat' dir='ltr'>si</span> <span class='ocrx_word' id='word_1_14' title='bbox 418 573 474 651; x_wconf 72' lang='lat' dir='ltr'>illa</span> <span class='ocrx_word' id='word_1_15' title='bbox 496 574 605 656; x_wconf 90' lang='lat' dir='ltr'>poesis</span> <span class='ocrx_word' id='word_1_16' title='bbox 628 574 752 651; x_wconf 82' lang='lat' dir='ltr'>fuisset,</span> <span class='ocrx_word' id='word_1_17' title='bbox 788 573 938 638; x_wconf 81' lang='lat' dir='ltr'>cessisset</span> <span class='ocrx_word' id='word_1_18' title='bbox 961 575 1070 640; x_wconf 92' lang='lat' dir='ltr'>subito</span> <span class='ocrx_word' id='word_1_19' title='bbox 1092 576 1166 642; x_wconf 92' lang='lat' dir='ltr'>rudi</span> <span class='ocrx_word' id='word_1_20' title='bbox 1189 578 1312 644; x_wconf 80' lang='lat' dir='ltr'>Graecae</span> 
     </span>
     <span class='ocr_line' id='line_1_4' title="bbox 83 679 1311 767; baseline 0.006 -25"><span class='ocrx_word' id='word_1_21' title='bbox 83 722 85 765; x_wconf 55' lang='grc' dir='ltr'>Ι</span> <span class='ocrx_word' id='word_1_22' title='bbox 157 680 211 743; x_wconf 85' lang='lat' dir='ltr'>artis</span> <span class='ocrx_word' id='word_1_23' title='bbox 227 679 396 755; x_wconf 83' lang='lat' dir='ltr'>imitationi,</span> <span class='ocrx_word' id='word_1_24' title='bbox 432 699 507 761; x_wconf 84' lang='lat' dir='ltr'>quae</span> <span class='ocrx_word' id='word_1_25' title='bbox 534 700 576 744; x_wconf 91' lang='lat' dir='ltr'>ne</span> <span class='ocrx_word' id='word_1_26' title='bbox 605 683 719 762; x_wconf 90' lang='lat' dir='ltr'>postea</span> <span class='ocrx_word' id='word_1_27' title='bbox 748 680 881 762; x_wconf 90' lang='lat' dir='ltr'>quidem</span> <span class='ocrx_word' id='word_1_28' title='bbox 904 681 984 744; x_wconf 89' lang='lat' dir='ltr'>satis</span> <span class='ocrx_word' id='word_1_29' title='bbox 1007 681 1130 764; x_wconf 90' lang='lat' dir='ltr'>ubique</span> <span class='ocrx_word' id='word_1_30' title='bbox 1152 684 1311 767; x_wconf 90' lang='lat' dir='ltr'>populum</span> 
     </span>
     <span class='ocr_line' id='line_1_5' title="bbox 83 772 1310 873; baseline 0.007 -25"><span class='ocrx_word' id='word_1_31' title='bbox 83 772 85 829; x_wconf 73' lang='grc' dir='ltr'>ἷ</span> <span class='ocrx_word' id='word_1_32' title='bbox 156 790 232 850; x_wconf 86' lang='lat' dir='ltr'>tenere</span> <span class='ocrx_word' id='word_1_33' title='bbox 248 786 437 868; x_wconf 86' lang='lat' dir='ltr'>radicesque</span> <span class='ocrx_word' id='word_1_34' title='bbox 465 806 564 868; x_wconf 89' lang='lat' dir='ltr'>agere</span> <span class='ocrx_word' id='word_1_35' title='bbox 591 787 707 869; x_wconf 88' lang='lat' dir='ltr'>potuit,</span> <span class='ocrx_word' id='word_1_36' title='bbox 742 791 779 852; x_wconf 93' lang='lat' dir='ltr'>ut</span> <span class='ocrx_word' id='word_1_37' title='bbox 813 787 846 850; x_wconf 94' lang='lat' dir='ltr'>in</span> <span class='ocrx_word' id='word_1_38' title='bbox 879 787 1009 851; x_wconf 86' lang='lat' dir='ltr'>scenica</span> <span class='ocrx_word' id='word_1_39' title='bbox 1042 789 1133 869; x_wconf 89' lang='lat' dir='ltr'>poesi</span> <span class='ocrx_word' id='word_1_40' title='bbox 1162 795 1310 873; x_wconf 88' lang='lat' dir='ltr'>apparet.</span> 
     </span>
    </p>
   </div>
   <div class='ocr_carea' id='block_1_2' title="bbox 691 273 730 336">
    <p class='ocr_par' dir='ltr' id='par_1_2' title="bbox 691 273 730 336">
     <span class='ocr_line' id='line_1_6' title="bbox 691 273 730 336; baseline -0.026 0"><span class='ocrx_word' id='word_1_41' title='bbox 691 273 730 336; x_wconf 76' lang='lat'>71</span> 
     </span>
    </p>
   </div>
   <div class='ocr_carea' id='block_1_3' title="bbox 83 892 1441 4596">
    <p class='ocr_par' dir='ltr' id='par_1_3' title="bbox 83 892 1441 4596">
     <span class='ocr_line' id='line_1_7' title="bbox 155 892 1312 975; baseline 0.007 -21"><span class='ocrx_word' id='word_1_42' title='bbox 155 892 232 973; x_wconf 87' lang='lat' dir='ltr'>ltaque</span> <span class='ocrx_word' id='word_1_43' title='bbox 249 892 336 969; x_wconf 87' lang='lat' dir='ltr'>mihi,</span> <span class='ocrx_word' id='word_1_44' title='bbox 372 896 410 956; x_wconf 94' lang='lat' dir='ltr'>ut</span> <span class='ocrx_word' id='word_1_45' title='bbox 433 892 550 957; x_wconf 88' lang='lat' dir='ltr'>eadem</span> <span class='ocrx_word' id='word_1_46' title='bbox 580 894 721 974; x_wconf 83' lang='lat' dir='ltr'>imagine</span> <span class='ocrx_word' id='word_1_47' title='bbox 750 899 835 971; x_wconf 86' lang='lat' dir='ltr'>utar,</span> <span class='ocrx_word' id='word_1_48' title='bbox 870 912 936 975; x_wconf 91' lang='lat' dir='ltr'>qua</span> <span class='ocrx_word' id='word_1_49' title='bbox 966 894 1043 959; x_wconf 88' lang='lat' dir='ltr'>olim</span> <span class='ocrx_word' id='word_1_50' title='bbox 1072 896 1251 961; x_wconf 88' lang='lat' dir='ltr'>utebantur</span> <span class='ocrx_word' id='word_1_51' title='bbox 1278 899 1312 962; x_wconf 94' lang='lat' dir='ltr'>in</span> 
     </span>
     <span class='ocr_line' id='line_1_8' title="bbox 83 966 1312 1082; baseline 0.006 -21"><span class='ocrx_word' id='word_1_52' title='bbox 83 966 88 1049; x_wconf 53' lang='lat' dir='ltr'>l</span> <span class='ocrx_word' id='word_1_53' title='bbox 154 998 248 1063; x_wconf 86' lang='lat' dir='ltr'>historia</span> <span class='ocrx_word' id='word_1_54' title='bbox 270 999 453 1064; x_wconf 89' lang='lat' dir='ltr'>litterarum</span> <span class='ocrx_word' id='word_1_55' title='bbox 483 1000 673 1064; x_wconf 88' lang='lat' dir='ltr'>Latinarum</span> <span class='ocrx_word' id='word_1_56' title='bbox 709 999 751 1063; x_wconf 85' lang='lat' dir='ltr'>ad</span> <span class='ocrx_word' id='word_1_57' title='bbox 787 1003 972 1082; x_wconf 90' lang='lat' dir='ltr'>temporum</span> <span class='ocrx_word' id='word_1_58' title='bbox 1007 1002 1167 1066; x_wconf 87' lang='lat' dir='ltr'>rationem</span> <span class='ocrx_word' id='word_1_59' title='bbox 1203 1003 1312 1068; x_wconf 88' lang='lat' dir='ltr'>distri-</span> 
     </span>
     <span class='ocr_line' id='line_1_9' title="bbox 83 1070 1312 1233; baseline 0.004 -65"><span class='ocrx_word' id='word_1_60' title='bbox 83 1070 87 1233; x_wconf 45' lang='grc' dir='ltr'>,ι</span> <span class='ocrx_word' id='word_1_61' title='bbox 152 1103 254 1181; x_wconf 82' lang='lat' dir='ltr'>luenda,</span> <span class='ocrx_word' id='word_1_62' title='bbox 283 1105 373 1169; x_wconf 89' lang='lat' dir='ltr'>nulla</span> <span class='ocrx_word' id='word_1_63' title='bbox 397 1105 526 1169; x_wconf 86' lang='lat' dir='ltr'>videtur</span> <span class='ocrx_word' id='word_1_64' title='bbox 549 1124 621 1170; x_wconf 86' lang='lat' dir='ltr'>esse</span> <span class='ocrx_word' id='word_1_65' title='bbox 643 1108 762 1170; x_wconf 91' lang='lat' dir='ltr'>harum</span> <span class='ocrx_word' id='word_1_66' title='bbox 785 1106 967 1171; x_wconf 87' lang='lat' dir='ltr'>litterarum</span> <span class='ocrx_word' id='word_1_67' title='bbox 991 1107 1221 1186; x_wconf 86' lang='lat' dir='ltr'>adolescentia,</span> <span class='ocrx_word' id='word_1_68' title='bbox 1251 1110 1312 1174; x_wconf 88' lang='lat' dir='ltr'>etsi</span> 
     </span>
     <span class='ocr_line' id='line_1_10' title="bbox 83 1209 1312 1298; baseline 0.007 -27"><span class='ocrx_word' id='word_1_69' title='bbox 83 1236 86 1271; x_wconf 87' lang='grc' dir='ltr'>ι</span> <span class='ocrx_word' id='word_1_70' title='bbox 151 1209 226 1292; x_wconf 82' lang='lat' dir='ltr'>aliqua</span> <span class='ocrx_word' id='word_1_71' title='bbox 239 1212 296 1275; x_wconf 89' lang='lat' dir='ltr'>iuit</span> <span class='ocrx_word' id='word_1_72' title='bbox 312 1212 403 1276; x_wconf 90' lang='lat' dir='ltr'>rudis</span> <span class='ocrx_word' id='word_1_73' title='bbox 420 1218 516 1288; x_wconf 86' lang='lat' dir='ltr'>aetas;</span> <span class='ocrx_word' id='word_1_74' title='bbox 539 1214 611 1277; x_wconf 80' lang='lat' dir='ltr'>haec</span> <span class='ocrx_word' id='word_1_75' title='bbox 627 1213 713 1276; x_wconf 90' lang='lat' dir='ltr'>enim</span> <span class='ocrx_word' id='word_1_76' title='bbox 730 1214 763 1276; x_wconf 94' lang='lat' dir='ltr'>in</span> <span class='ocrx_word' id='word_1_77' title='bbox 779 1232 819 1276; x_wconf 95' lang='lat' dir='ltr'>eo</span> <span class='ocrx_word' id='word_1_78' title='bbox 835 1213 1037 1289; x_wconf 91' lang='lat' dir='ltr'>elaborabat,</span> <span class='ocrx_word' id='word_1_79' title='bbox 1054 1219 1091 1278; x_wconf 92' lang='lat' dir='ltr'>ut</span> <span class='ocrx_word' id='word_1_80' title='bbox 1105 1217 1312 1298; x_wconf 77' lang='lat' dir='ltr'>peregrinam</span> 
     </span>
     <span class='ocr_line' id='line_1_11' title="bbox 83 1316 1312 1403; baseline 0.005 -22"><span class='ocrx_word' id='word_1_81' title='bbox 83 1346 86 1389; x_wconf 75' lang='grc' dir='ltr'>ι</span> <span class='ocrx_word' id='word_1_82' title='bbox 149 1316 293 1382; x_wconf 85' lang='lat' dir='ltr'>litterarum</span> <span class='ocrx_word' id='word_1_83' title='bbox 315 1318 520 1383; x_wconf 81' lang='lat' dir='ltr'>&#39;excultarum</span> <span class='ocrx_word' id='word_1_84' title='bbox 545 1318 685 1384; x_wconf 87' lang='lat' dir='ltr'>formam</span> <span class='ocrx_word' id='word_1_85' title='bbox 709 1319 855 1383; x_wconf 90' lang='lat' dir='ltr'>nondum</span> <span class='ocrx_word' id='word_1_86' title='bbox 878 1323 1065 1403; x_wconf 83' lang='lat' dir='ltr'>praeparata</span> <span class='ocrx_word' id='word_1_87' title='bbox 1088 1320 1132 1384; x_wconf 91' lang='lat' dir='ltr'>ad</span> <span class='ocrx_word' id='word_1_88' title='bbox 1151 1340 1224 1385; x_wconf 85' lang='lat' dir='ltr'>earn</span> <span class='ocrx_word' id='word_1_89' title='bbox 1242 1342 1312 1387; x_wconf 92' lang='lat' dir='ltr'>rem</span> 
     </span>
     <span class='ocr_line' id='line_1_12' title="bbox 83 1404 1313 1503; baseline 0.004 -16"><span class='ocrx_word' id='word_1_90' title='bbox 83 1404 85 1439; x_wconf 79' lang='lat'><strong>¹</strong></span> <span class='ocrx_word' id='word_1_91' title='bbox 146 1427 251 1488; x_wconf 85' lang='lat' dir='ltr'>materia</span> <span class='ocrx_word' id='word_1_92' title='bbox 273 1429 307 1489; x_wconf 92' lang='lat' dir='ltr'>et</span> <span class='ocrx_word' id='word_1_93' title='bbox 330 1425 500 1489; x_wconf 91' lang='lat' dir='ltr'>elementis</span> <span class='ocrx_word' id='word_1_94' title='bbox 524 1425 567 1488; x_wconf 92' lang='lat' dir='ltr'>ad</span> <span class='ocrx_word' id='word_1_95' title='bbox 594 1445 629 1489; x_wconf 90' lang='lat' dir='ltr'>se</span> <span class='ocrx_word' id='word_1_96' title='bbox 653 1425 859 1503; x_wconf 78' lang='lat' dir='ltr'>transferret3</span> <span class='ocrx_word' id='word_1_97' title='bbox 889 1427 1109 1492; x_wconf 88' lang='lat' dir='ltr'>adolescentia</span> <span class='ocrx_word' id='word_1_98' title='bbox 1137 1433 1249 1493; x_wconf 89' lang='lat' dir='ltr'>autem</span> <span class='ocrx_word' id='word_1_99' title='bbox 1272 1449 1313 1493; x_wconf 91' lang='lat' dir='ltr'>ea</span> 
     </span>
     <span class='ocr_line' id='line_1_13' title="bbox 144 1530 1313 1616; baseline 0.004 -24"><span class='ocrx_word' id='word_1_100' title='bbox 144 1530 241 1595; x_wconf 76' lang='lat' dir='ltr'>ridetur</span> <span class='ocrx_word' id='word_1_101' title='bbox 263 1531 470 1614; x_wconf 87' lang='lat' dir='ltr'>appellanda,</span> <span class='ocrx_word' id='word_1_102' title='bbox 496 1551 596 1614; x_wconf 92' lang='lat' dir='ltr'>quum</span> <span class='ocrx_word' id='word_1_103' title='bbox 620 1532 785 1614; x_wconf 81' lang='lat' dir='ltr'>ingenium</span> <span class='ocrx_word' id='word_1_104' title='bbox 809 1532 917 1597; x_wconf 85' lang='lat' dir='ltr'>alacre</span> <span class='ocrx_word' id='word_1_105' title='bbox 941 1540 974 1597; x_wconf 91' lang='lat' dir='ltr'>et</span> <span class='ocrx_word' id='word_1_106' title='bbox 991 1541 1142 1615; x_wconf 90' lang='lat' dir='ltr'>vegetum</span> <span class='ocrx_word' id='word_1_107' title='bbox 1162 1554 1182 1598; x_wconf 88' lang='lat' dir='ltr'>a</span> <span class='ocrx_word' id='word_1_108' title='bbox 1199 1535 1313 1616; x_wconf 91' lang='lat' dir='ltr'>primis</span> 
     </span>
     <span class='ocr_line' id='line_1_14' title="bbox 142 1639 1312 1722; baseline 0.003 -22"><span class='ocrx_word' id='word_1_109' title='bbox 142 1639 284 1701; x_wconf 84' lang='lat' dir='ltr'>conatibus</span> <span class='ocrx_word' id='word_1_110' title='bbox 306 1658 516 1720; x_wconf 86' lang='lat' dir='ltr'>progressum</span> <span class='ocrx_word' id='word_1_111' title='bbox 540 1639 624 1702; x_wconf 90' lang='lat' dir='ltr'>vires</span> <span class='ocrx_word' id='word_1_112' title='bbox 648 1646 776 1703; x_wconf 82' lang='lat' dir='ltr'>exercet</span> <span class='ocrx_word' id='word_1_113' title='bbox 800 1659 945 1722; x_wconf 90' lang='lat' dir='ltr'>opesque</span> <span class='ocrx_word' id='word_1_114' title='bbox 974 1641 1093 1721; x_wconf 78' lang='lat' dir='ltr'>promit</span> <span class='ocrx_word' id='word_1_115' title='bbox 1123 1647 1155 1704; x_wconf 89' lang='lat' dir='ltr'>et</span> <span class='ocrx_word' id='word_1_116' title='bbox 1178 1640 1312 1719; x_wconf 82' lang='lat' dir='ltr'>formas,</span> 
     </span>
     <span class='ocr_line' id='line_1_15' title="bbox 140 1743 1313 1828; baseline 0.002 -20"><span class='ocrx_word' id='word_1_117' title='bbox 140 1743 232 1822; x_wconf 85' lang='lat' dir='ltr'>quibus</span> <span class='ocrx_word' id='word_1_118' title='bbox 260 1764 308 1808; x_wconf 84' lang='lat' dir='ltr'>eae</span> <span class='ocrx_word' id='word_1_119' title='bbox 336 1744 574 1821; x_wconf 88' lang='lat' dir='ltr'>contineantur,</span> <span class='ocrx_word' id='word_1_120' title='bbox 600 1745 717 1825; x_wconf 85' lang='lat' dir='ltr'>ipsum</span> <span class='ocrx_word' id='word_1_121' title='bbox 751 1746 812 1809; x_wconf 91' lang='lat' dir='ltr'>sihi</span> <span class='ocrx_word' id='word_1_122' title='bbox 847 1746 948 1828; x_wconf 85' lang='lat' dir='ltr'>fingit,</span> <span class='ocrx_word' id='word_1_123' title='bbox 984 1766 1049 1811; x_wconf 93' lang='lat' dir='ltr'>non</span> <span class='ocrx_word' id='word_1_124' title='bbox 1084 1747 1154 1810; x_wconf 87' lang='lat' dir='ltr'>sine</span> <span class='ocrx_word' id='word_1_125' title='bbox 1188 1746 1313 1828; x_wconf 90' lang='lat' dir='ltr'>legibus</span> 
     </span>
     <span class='ocr_line' id='line_1_16' title="bbox 137 1847 1312 1935; baseline 0.003 -21"><span class='ocrx_word' id='word_1_126' title='bbox 137 1847 209 1925; x_wconf 81' lang='lat' dir='ltr'>(nam</span> <span class='ocrx_word' id='word_1_127' title='bbox 229 1859 298 1914; x_wconf 90' lang='lat' dir='ltr'>tum</span> <span class='ocrx_word' id='word_1_128' title='bbox 321 1870 453 1932; x_wconf 90' lang='lat' dir='ltr'>quoque</span> <span class='ocrx_word' id='word_1_129' title='bbox 476 1851 563 1932; x_wconf 91' lang='lat' dir='ltr'>leges</span> <span class='ocrx_word' id='word_1_130' title='bbox 587 1851 742 1932; x_wconf 90' lang='lat' dir='ltr'>sequitur,</span> <span class='ocrx_word' id='word_1_131' title='bbox 773 1872 855 1933; x_wconf 92' lang='lat' dir='ltr'>quas</span> <span class='ocrx_word' id='word_1_132' title='bbox 884 1853 956 1935; x_wconf 85' lang='lat' dir='ltr'>ipsa</span> <span class='ocrx_word' id='word_1_133' title='bbox 980 1859 1097 1917; x_wconf 88' lang='lat' dir='ltr'>natura</span> <span class='ocrx_word' id='word_1_134' title='bbox 1120 1853 1312 1934; x_wconf 73' lang='lat' dir='ltr'>praescribit,</span> 
     </span>
     <span class='ocr_line' id='line_1_17' title="bbox 136 1957 1313 2041; baseline 0.005 -23"><span class='ocrx_word' id='word_1_135' title='bbox 136 1975 236 2037; x_wconf 82' lang='lat' dir='ltr'>easque</span> <span class='ocrx_word' id='word_1_136' title='bbox 257 1958 379 2021; x_wconf 87' lang='lat' dir='ltr'>sensim</span> <span class='ocrx_word' id='word_1_137' title='bbox 402 1977 468 2022; x_wconf 92' lang='lat' dir='ltr'>non</span> <span class='ocrx_word' id='word_1_138' title='bbox 491 1958 609 2034; x_wconf 88' lang='lat' dir='ltr'>verbis,</span> <span class='ocrx_word' id='word_1_139' title='bbox 633 1957 692 2021; x_wconf 92' lang='lat' dir='ltr'>sed</span> <span class='ocrx_word' id='word_1_140' title='bbox 715 1959 793 2039; x_wconf 90' lang='lat' dir='ltr'>ipsis</span> <span class='ocrx_word' id='word_1_141' title='bbox 817 1959 970 2040; x_wconf 89' lang='lat' dir='ltr'>operibus</span> <span class='ocrx_word' id='word_1_142' title='bbox 994 1960 1147 2041; x_wconf 81' lang='lat' dir='ltr'>exprimit</span> <span class='ocrx_word' id='word_1_143' title='bbox 1175 1963 1208 2023; x_wconf 91' lang='lat' dir='ltr'>et</span> <span class='ocrx_word' id='word_1_144' title='bbox 1236 1979 1313 2041; x_wconf 93' lang='lat' dir='ltr'>pro·</span> 
     </span>
     <span class='ocr_line' id='line_1_18' title="bbox 134 2062 1314 2148; baseline 0.002 -22"><span class='ocrx_word' id='word_1_145' title='bbox 134 2062 230 2143; x_wconf 80' lang='lat' dir='ltr'>ponit),</span> <span class='ocrx_word' id='word_1_146' title='bbox 252 2063 312 2128; x_wconf 91' lang='lat' dir='ltr'>sed</span> <span class='ocrx_word' id='word_1_147' title='bbox 334 2063 444 2145; x_wconf 89' lang='lat' dir='ltr'>legum</span> <span class='ocrx_word' id='word_1_148' title='bbox 467 2074 579 2128; x_wconf 88' lang='lat' dir='ltr'>tamen</span> <span class='ocrx_word' id='word_1_149' title='bbox 602 2064 748 2128; x_wconf 90' lang='lat' dir='ltr'>nondum</span> <span class='ocrx_word' id='word_1_150' title='bbox 772 2083 921 2146; x_wconf 90' lang='lat' dir='ltr'>gnarum,</span> <span class='ocrx_word' id='word_1_151' title='bbox 947 2069 980 2129; x_wconf 87' lang='lat' dir='ltr'>et</span> <span class='ocrx_word' id='word_1_152' title='bbox 1004 2066 1049 2129; x_wconf 90' lang='lat' dir='ltr'>ita</span> <span class='ocrx_word' id='word_1_153' title='bbox 1073 2070 1109 2129; x_wconf 92' lang='lat' dir='ltr'>ut</span> <span class='ocrx_word' id='word_1_154' title='bbox 1131 2067 1239 2148; x_wconf 92' lang='lat' dir='ltr'>operis</span> <span class='ocrx_word' id='word_1_155' title='bbox 1263 2065 1314 2130; x_wconf 91' lang='lat' dir='ltr'>sui</span> 
     </span>
     <span class='ocr_line' id='line_1_19' title="bbox 133 2170 1314 2253; baseline 0.004 -22"><span class='ocrx_word' id='word_1_156' title='bbox 133 2171 274 2234; x_wconf 85' lang='lat' dir='ltr'>rationem</span> <span class='ocrx_word' id='word_1_157' title='bbox 308 2170 372 2234; x_wconf 90' lang='lat' dir='ltr'>sibi</span> <span class='ocrx_word' id='word_1_158' title='bbox 405 2190 471 2235; x_wconf 91' lang='lat' dir='ltr'>non</span> <span class='ocrx_word' id='word_1_159' title='bbox 505 2170 633 2235; x_wconf 90' lang='lat' dir='ltr'>reddat.</span> <span class='ocrx_word' id='word_1_160' title='bbox 696 2171 818 2235; x_wconf 90' lang='lat' dir='ltr'>Latinis</span> <span class='ocrx_word' id='word_1_161' title='bbox 842 2192 955 2253; x_wconf 91' lang='lat' dir='ltr'>quum</span> <span class='ocrx_word' id='word_1_162' title='bbox 990 2173 1062 2236; x_wconf 88' lang='lat' dir='ltr'>haec</span> <span class='ocrx_word' id='word_1_163' title='bbox 1095 2193 1164 2237; x_wconf 85' lang='lat' dir='ltr'>suae</span> <span class='ocrx_word' id='word_1_164' title='bbox 1199 2172 1314 2236; x_wconf 84' lang='lat' dir='ltr'>iormae</span> 
     </span>
     <span class='ocr_line' id='line_1_20' title="bbox 133 2274 1313 2360; baseline 0.004 -21"><span class='ocrx_word' id='word_1_165' title='bbox 133 2274 274 2357; x_wconf 82' lang='lat' dir='ltr'>ingendae</span> <span class='ocrx_word' id='word_1_166' title='bbox 308 2277 377 2341; x_wconf 91' lang='lat' dir='ltr'>sive</span> <span class='ocrx_word' id='word_1_167' title='bbox 411 2279 590 2342; x_wconf 82' lang='lat' dir='ltr'>necessitas</span> <span class='ocrx_word' id='word_1_168' title='bbox 621 2278 689 2341; x_wconf 89' lang='lat' dir='ltr'>sive</span> <span class='ocrx_word' id='word_1_169' title='bbox 725 2279 852 2342; x_wconf 89' lang='lat' dir='ltr'>occasio</span> <span class='ocrx_word' id='word_1_170' title='bbox 886 2278 1060 2360; x_wconf 86' lang='lat' dir='ltr'>legumque</span> <span class='ocrx_word' id='word_1_171' title='bbox 1094 2298 1161 2344; x_wconf 91' lang='lat' dir='ltr'>non</span> <span class='ocrx_word' id='word_1_172' title='bbox 1195 2298 1313 2360; x_wconf 90' lang='lat' dir='ltr'>cogno·</span> 
     </span>
     <span class='ocr_line' id='line_1_21' title="bbox 132 2382 1314 2468; baseline 0.003 -23"><span class='ocrx_word' id='word_1_173' title='bbox 132 2382 320 2460; x_wconf 75' lang='lat' dir='ltr'>securarum,</span> <span class='ocrx_word' id='word_1_174' title='bbox 349 2384 407 2448; x_wconf 87' lang='lat' dir='ltr'>sed</span> <span class='ocrx_word' id='word_1_175' title='bbox 435 2384 701 2464; x_wconf 87' lang='lat' dir='ltr'>reperiendarum</span> <span class='ocrx_word' id='word_1_176' title='bbox 731 2390 845 2467; x_wconf 90' lang='lat' dir='ltr'>erepta</span> <span class='ocrx_word' id='word_1_177' title='bbox 875 2389 970 2461; x_wconf 88' lang='lat' dir='ltr'>esset,</span> <span class='ocrx_word' id='word_1_178' title='bbox 1006 2385 1142 2450; x_wconf 89' lang='lat' dir='ltr'>celerius</span> <span class='ocrx_word' id='word_1_179' title='bbox 1171 2405 1209 2450; x_wconf 92' lang='lat' dir='ltr'>eo</span> <span class='ocrx_word' id='word_1_180' title='bbox 1240 2405 1314 2468; x_wconf 91' lang='lat' dir='ltr'>per-</span> 
     </span>
     <span class='ocr_line' id='line_1_22' title="bbox 132 2490 1313 2572; baseline 0.004 -22"><span class='ocrx_word' id='word_1_181' title='bbox 132 2494 283 2565; x_wconf 74' lang='lat' dir='ltr'>venerunt,</span> <span class='ocrx_word' id='word_1_182' title='bbox 318 2497 355 2553; x_wconf 90' lang='lat' dir='ltr'>ut</span> <span class='ocrx_word' id='word_1_183' title='bbox 383 2491 417 2554; x_wconf 91' lang='lat' dir='ltr'>in</span> <span class='ocrx_word' id='word_1_184' title='bbox 445 2490 561 2554; x_wconf 88' lang='lat' dir='ltr'>litteris</span> <span class='ocrx_word' id='word_1_185' title='bbox 590 2490 631 2553; x_wconf 92' lang='lat' dir='ltr'>de</span> <span class='ocrx_word' id='word_1_186' title='bbox 659 2510 719 2554; x_wconf 86' lang='lat' dir='ltr'>sua</span> <span class='ocrx_word' id='word_1_187' title='bbox 743 2510 844 2572; x_wconf 89' lang='lat' dir='ltr'>opera</span> <span class='ocrx_word' id='word_1_188' title='bbox 867 2491 1001 2572; x_wconf 87' lang='lat' dir='ltr'>eiusque</span> <span class='ocrx_word' id='word_1_189' title='bbox 1024 2494 1161 2569; x_wconf 90' lang='lat' dir='ltr'>ratione,</span> <span class='ocrx_word' id='word_1_190' title='bbox 1197 2490 1313 2567; x_wconf 82' lang='lat' dir='ltr'>forma,</span> 
     </span>
     <span class='ocr_line' id='line_1_23' title="bbox 134 2595 1315 2678; baseline 0.003 -22"><span class='ocrx_word' id='word_1_191' title='bbox 134 2595 250 2676; x_wconf 82' lang='lat' dir='ltr'>legibus.</span> <span class='ocrx_word' id='word_1_192' title='bbox 275 2596 506 2677; x_wconf 88' lang='lat' dir='ltr'>aliquomodo</span> <span class='ocrx_word' id='word_1_193' title='bbox 530 2596 724 2677; x_wconf 82' lang='lat' dir='ltr'>cogitarent3</span> <span class='ocrx_word' id='word_1_194' title='bbox 757 2617 862 2678; x_wconf 92' lang='lat' dir='ltr'>neque</span> <span class='ocrx_word' id='word_1_195' title='bbox 887 2598 972 2661; x_wconf 91' lang='lat' dir='ltr'>enirn</span> <span class='ocrx_word' id='word_1_196' title='bbox 998 2599 1113 2662; x_wconf 89' lang='lat' dir='ltr'>eadern</span> <span class='ocrx_word' id='word_1_197' title='bbox 1138 2602 1188 2661; x_wconf 90' lang='lat' dir='ltr'>est</span> <span class='ocrx_word' id='word_1_198' title='bbox 1210 2598 1315 2661; x_wconf 91' lang='lat' dir='ltr'>medi-</span> 
     </span>
     <span class='ocr_line' id='line_1_24' title="bbox 133 2703 1315 2786; baseline 0.004 -23"><span class='ocrx_word' id='word_1_199' title='bbox 133 2704 247 2766; x_wconf 86' lang='lat' dir='ltr'>tationis</span> <span class='ocrx_word' id='word_1_200' title='bbox 265 2704 324 2779; x_wconf 82' lang='lat' dir='ltr'>ris,</span> <span class='ocrx_word' id='word_1_201' title='bbox 349 2722 450 2784; x_wconf 90' lang='lat' dir='ltr'>quum</span> <span class='ocrx_word' id='word_1_202' title='bbox 469 2703 590 2767; x_wconf 88' lang='lat' dir='ltr'>sensim</span> <span class='ocrx_word' id='word_1_203' title='bbox 608 2705 715 2781; x_wconf 78' lang='lat' dir='ltr'>rebuS,</span> <span class='ocrx_word' id='word_1_204' title='bbox 734 2724 815 2785; x_wconf 89' lang='lat' dir='ltr'>quas</span> <span class='ocrx_word' id='word_1_205' title='bbox 833 2705 894 2786; x_wconf 93' lang='lat' dir='ltr'>ipsi</span> <span class='ocrx_word' id='word_1_206' title='bbox 911 2708 1101 2783; x_wconf 85' lang='lat' dir='ltr'>tractamus,</span> <span class='ocrx_word' id='word_1_207' title='bbox 1126 2705 1315 2786; x_wconf 90' lang='lat' dir='ltr'>cogentibus</span> 
     </span>
     <span class='ocr_line' id='line_1_25' title="bbox 132 2809 1315 2892; baseline 0.004 -23"><span class='ocrx_word' id='word_1_208' title='bbox 132 2816 229 2872; x_wconf 86' lang='lat' dir='ltr'>nostra</span> <span class='ocrx_word' id='word_1_209' title='bbox 251 2816 368 2891; x_wconf 86' lang='lat' dir='ltr'>sponte</span> <span class='ocrx_word' id='word_1_210' title='bbox 392 2809 434 2874; x_wconf 87' lang='lat' dir='ltr'>ad</span> <span class='ocrx_word' id='word_1_211' title='bbox 458 2828 531 2873; x_wconf 90' lang='lat' dir='ltr'>eam</span> <span class='ocrx_word' id='word_1_212' title='bbox 556 2810 758 2880; x_wconf 81' lang='lat' dir='ltr'>deducimur.</span> <span class='ocrx_word' id='word_1_213' title='bbox 791 2818 823 2874; x_wconf 88' lang='lat' dir='ltr'>et</span> <span class='ocrx_word' id='word_1_214' title='bbox 847 2830 947 2892; x_wconf 89' lang='lat' dir='ltr'>quum</span> <span class='ocrx_word' id='word_1_215' title='bbox 973 2831 1012 2875; x_wconf 90' lang='lat' dir='ltr'>ea</span> <span class='ocrx_word' id='word_1_216' title='bbox 1035 2830 1101 2875; x_wconf 95' lang='lat' dir='ltr'>non</span> <span class='ocrx_word' id='word_1_217' title='bbox 1124 2811 1228 2875; x_wconf 90' lang='lat' dir='ltr'>solum</span> <span class='ocrx_word' id='word_1_218' title='bbox 1253 2812 1315 2874; x_wconf 88' lang='lat' dir='ltr'>irn-</span> 
     </span>
     <span class='ocr_line' id='line_1_26' title="bbox 133 2915 1316 2999; baseline 0.003 -22"><span class='ocrx_word' id='word_1_219' title='bbox 133 2915 247 2994; x_wconf 85' lang='lat' dir='ltr'>pellitur</span> <span class='ocrx_word' id='word_1_220' title='bbox 269 2916 411 2992; x_wconf 84' lang='lat' dir='ltr'>aliunde,</span> <span class='ocrx_word' id='word_1_221' title='bbox 435 2917 503 2991; x_wconf 91' lang='lat' dir='ltr'>sed,</span> <span class='ocrx_word' id='word_1_222' title='bbox 527 2917 646 2997; x_wconf 92' lang='lat' dir='ltr'>quibus</span> <span class='ocrx_word' id='word_1_223' title='bbox 670 2918 875 2998; x_wconf 87' lang='lat' dir='ltr'>aliquatenus</span> <span class='ocrx_word' id='word_1_224' title='bbox 898 2917 960 2980; x_wconf 92' lang='lat' dir='ltr'>sibi</span> <span class='ocrx_word' id='word_1_225' title='bbox 984 2918 1173 2993; x_wconf 85' lang='lat' dir='ltr'>satisfaciat,</span> <span class='ocrx_word' id='word_1_226' title='bbox 1198 2920 1316 2999; x_wconf 83' lang='lat' dir='ltr'>parata</span> 
     </span>
     <span class='ocr_line' id='line_1_27' title="bbox 133 3021 1316 3105; baseline 0.003 -21"><span class='ocrx_word' id='word_1_227' title='bbox 133 3021 168 3084; x_wconf 83' lang='lat' dir='ltr'>ah</span> <span class='ocrx_word' id='word_1_228' title='bbox 189 3023 254 3087; x_wconf 87' lang='lat' dir='ltr'>aliis</span> <span class='ocrx_word' id='word_1_229' title='bbox 279 3024 428 3104; x_wconf 84' lang='lat' dir='ltr'>accipit·</span> <span class='ocrx_word' id='word_1_230' title='bbox 452 3023 518 3087; x_wconf 87' lang='lat' dir='ltr'>Sed</span> <span class='ocrx_word' id='word_1_231' title='bbox 544 3023 620 3086; x_wconf 91' lang='lat' dir='ltr'>hinc</span> <span class='ocrx_word' id='word_1_232' title='bbox 651 3023 715 3087; x_wconf 88' lang='lat' dir='ltr'>alia</span> <span class='ocrx_word' id='word_1_233' title='bbox 743 3027 933 3105; x_wconf 88' lang='lat' dir='ltr'>sequuntur.</span> <span class='ocrx_word' id='word_1_234' title='bbox 980 3024 1125 3088; x_wconf 91' lang='lat' dir='ltr'>Primum</span> <span class='ocrx_word' id='word_1_235' title='bbox 1157 3025 1222 3088; x_wconf 89' lang='lat' dir='ltr'>iam</span> <span class='ocrx_word' id='word_1_236' title='bbox 1251 3044 1316 3088; x_wconf 94' lang='lat' dir='ltr'>non</span> 
     </span>
     <span class='ocr_line' id='line_1_28' title="bbox 135 3128 1316 3212; baseline 0.003 -22"><span class='ocrx_word' id='word_1_237' title='bbox 135 3128 236 3192; x_wconf 84' lang='lat' dir='ltr'>mirum</span> <span class='ocrx_word' id='word_1_238' title='bbox 274 3130 416 3205; x_wconf 89' lang='lat' dir='ltr'>videtur,</span> <span class='ocrx_word' id='word_1_239' title='bbox 452 3131 539 3211; x_wconf 91' lang='lat' dir='ltr'>quod</span> <span class='ocrx_word' id='word_1_240' title='bbox 574 3130 644 3211; x_wconf 93' lang='lat' dir='ltr'>ipse</span> <span class='ocrx_word' id='word_1_241' title='bbox 678 3131 817 3212; x_wconf 91' lang='lat' dir='ltr'>populus</span> <span class='ocrx_word' id='word_1_242' title='bbox 852 3133 959 3194; x_wconf 91' lang='lat' dir='ltr'>minus</span> <span class='ocrx_word' id='word_1_243' title='bbox 995 3150 1092 3211; x_wconf 91' lang='lat' dir='ltr'>quam</span> <span class='ocrx_word' id='word_1_244' title='bbox 1129 3131 1316 3195; x_wconf 86' lang='lat' dir='ltr'>Graecorum</span> 
     </span>
     <span class='ocr_line' id='line_1_29' title="bbox 133 3234 1316 3319; baseline 0.003 -23"><span class='ocrx_word' id='word_1_245' title='bbox 133 3234 242 3316; x_wconf 84' lang='lat' dir='ltr'>aliquot</span> <span class='ocrx_word' id='word_1_246' title='bbox 269 3242 382 3317; x_wconf 88' lang='lat' dir='ltr'>gentes</span> <span class='ocrx_word' id='word_1_247' title='bbox 416 3237 598 3301; x_wconf 90' lang='lat' dir='ltr'>litterarum</span> <span class='ocrx_word' id='word_1_248' title='bbox 629 3239 793 3319; x_wconf 85' lang='lat' dir='ltr'>particeps</span> <span class='ocrx_word' id='word_1_249' title='bbox 828 3245 878 3301; x_wconf 90' lang='lat' dir='ltr'>est</span> <span class='ocrx_word' id='word_1_250' title='bbox 913 3238 1035 3313; x_wconf 85' lang='lat' dir='ltr'>tactus,</span> <span class='ocrx_word' id='word_1_251' title='bbox 1071 3238 1131 3301; x_wconf 93' lang='lat' dir='ltr'>etsi</span> <span class='ocrx_word' id='word_1_252' title='bbox 1166 3239 1236 3301; x_wconf 87' lang='lat' dir='ltr'>eius</span> <span class='ocrx_word' id='word_1_253' title='bbox 1270 3237 1316 3300; x_wconf 92' lang='lat' dir='ltr'>rei</span> 
     </span>
     <span class='ocr_line' id='line_1_30' title="bbox 134 3341 1344 3425; baseline 0.003 -22"><span class='ocrx_word' id='word_1_254' title='bbox 134 3341 218 3405; x_wconf 88' lang='lat' dir='ltr'>etiam</span> <span class='ocrx_word' id='word_1_255' title='bbox 252 3342 326 3407; x_wconf 82' lang='lat' dir='ltr'>aliae</span> <span class='ocrx_word' id='word_1_256' title='bbox 360 3344 493 3407; x_wconf 85' lang='lat' dir='ltr'>fuerunt</span> <span class='ocrx_word' id='word_1_257' title='bbox 527 3362 650 3418; x_wconf 80' lang='lat' dir='ltr'>causae3</span> <span class='ocrx_word' id='word_1_258' title='bbox 691 3343 724 3406; x_wconf 94' lang='lat' dir='ltr'>in</span> <span class='ocrx_word' id='word_1_259' title='bbox 759 3363 824 3425; x_wconf 90' lang='lat' dir='ltr'>quo</span> <span class='ocrx_word' id='word_1_260' title='bbox 858 3344 1036 3420; x_wconf 88' lang='lat' dir='ltr'>interdum,</span> <span class='ocrx_word' id='word_1_261' title='bbox 1072 3344 1127 3424; x_wconf 93' lang='lat' dir='ltr'>qui</span> <span class='ocrx_word' id='word_1_262' title='bbox 1162 3344 1315 3419; x_wconf 90' lang='lat' dir='ltr'>iudicant,</span> <span class='ocrx_word' id='word_1_263' title='bbox 1342 3342 1344 3346; x_wconf 71' lang='grc'>’</span> 
     </span>
     <span class='ocr_line' id='line_1_31' title="bbox 132 3447 1317 3532; baseline 0.002 -21"><span class='ocrx_word' id='word_1_264' title='bbox 132 3447 269 3512; x_wconf 88' lang='lat' dir='ltr'>iniuriam</span> <span class='ocrx_word' id='word_1_265' title='bbox 292 3449 417 3513; x_wconf 83' lang='lat' dir='ltr'>iaciunt</span> <span class='ocrx_word' id='word_1_266' title='bbox 439 3450 550 3532; x_wconf 92' lang='lat' dir='ltr'>populi</span> <span class='ocrx_word' id='word_1_267' title='bbox 574 3449 717 3531; x_wconf 90' lang='lat' dir='ltr'>ingenio;</span> <span class='ocrx_word' id='word_1_268' title='bbox 742 3450 906 3514; x_wconf 88' lang='lat' dir='ltr'>interdum</span> <span class='ocrx_word' id='word_1_269' title='bbox 931 3469 996 3514; x_wconf 93' lang='lat' dir='ltr'>non</span> <span class='ocrx_word' id='word_1_270' title='bbox 1018 3451 1164 3532; x_wconf 90' lang='lat' dir='ltr'>potuisse</span> <span class='ocrx_word' id='word_1_271' title='bbox 1187 3449 1317 3531; x_wconf 89' lang='lat' dir='ltr'>placere</span> 
     </span>
     <span class='ocr_line' id='line_1_32' title="bbox 131 3555 1356 3638; baseline 0.002 -20"><span class='ocrx_word' id='word_1_272' title='bbox 131 3556 238 3636; x_wconf 86' lang='lat' dir='ltr'>populo</span> <span class='ocrx_word' id='word_1_273' title='bbox 261 3556 413 3620; x_wconf 90' lang='lat' dir='ltr'>Romano</span> <span class='ocrx_word' id='word_1_274' title='bbox 437 3557 614 3638; x_wconf 73' lang='lat' dir='ltr'>peregrina</span> <span class='ocrx_word' id='word_1_275' title='bbox 639 3556 769 3637; x_wconf 90' lang='lat' dir='ltr'>originis</span> <span class='ocrx_word' id='word_1_276' title='bbox 794 3557 918 3620; x_wconf 88' lang='lat' dir='ltr'>litteras</span> <span class='ocrx_word' id='word_1_277' title='bbox 943 3557 1063 3629; x_wconf 88' lang='lat' dir='ltr'>dicunt,</span> <span class='ocrx_word' id='word_1_278' title='bbox 1091 3555 1179 3636; x_wconf 94' lang='lat' dir='ltr'>quod</span> <span class='ocrx_word' id='word_1_279' title='bbox 1202 3575 1315 3618; x_wconf 90' lang='lat' dir='ltr'>verum</span> <span class='ocrx_word' id='word_1_280' title='bbox 1329 3581 1356 3620; x_wconf 79' lang='lat' dir='ltr'>cs</span> 
     </span>
     <span class='ocr_line' id='line_1_33' title="bbox 132 3661 1317 3744; baseline 0 -21"><span class='ocrx_word' id='word_1_281' title='bbox 132 3668 185 3738; x_wconf 80' lang='lat' dir='ltr'>est,</span> <span class='ocrx_word' id='word_1_282' title='bbox 218 3663 244 3726; x_wconf 92' lang='lat' dir='ltr'>si</span> <span class='ocrx_word' id='word_1_283' title='bbox 274 3663 320 3726; x_wconf 90' lang='lat' dir='ltr'>ita</span> <span class='ocrx_word' id='word_1_284' title='bbox 349 3663 551 3744; x_wconf 88' lang='lat' dir='ltr'>intelligitur,</span> <span class='ocrx_word' id='word_1_285' title='bbox 588 3683 653 3726; x_wconf 91' lang='lat' dir='ltr'>non</span> <span class='ocrx_word' id='word_1_286' title='bbox 681 3663 754 3738; x_wconf 82' lang='lat' dir='ltr'>ideo</span> <span class='ocrx_word' id='word_1_287' title='bbox 784 3663 912 3744; x_wconf 89' lang='lat' dir='ltr'>placere</span> <span class='ocrx_word' id='word_1_288' title='bbox 941 3682 1006 3727; x_wconf 93' lang='lat' dir='ltr'>non</span> <span class='ocrx_word' id='word_1_289' title='bbox 1034 3662 1194 3744; x_wconf 91' lang='lat' dir='ltr'>potuisse,</span> <span class='ocrx_word' id='word_1_290' title='bbox 1230 3661 1317 3742; x_wconf 93' lang='lat' dir='ltr'>quod</span> 
     </span>
     <span class='ocr_line' id='line_1_34' title="bbox 132 3768 1316 3851; baseline 0 -20"><span class='ocrx_word' id='word_1_291' title='bbox 132 3786 232 3832; x_wconf 80' lang='lat' dir='ltr'>aarum</span> <span class='ocrx_word' id='word_1_292' title='bbox 266 3773 333 3833; x_wconf 88' lang='lat' dir='ltr'>tota</span> <span class='ocrx_word' id='word_1_293' title='bbox 365 3769 471 3832; x_wconf 85' lang='lat' dir='ltr'>forma</span> <span class='ocrx_word' id='word_1_294' title='bbox 503 3788 523 3832; x_wconf 90' lang='lat' dir='ltr'>a</span> <span class='ocrx_word' id='word_1_295' title='bbox 554 3769 753 3850; x_wconf 87' lang='lat' dir='ltr'>proprietate</span> <span class='ocrx_word' id='word_1_296' title='bbox 789 3770 898 3851; x_wconf 90' lang='lat' dir='ltr'>populi</span> <span class='ocrx_word' id='word_1_297' title='bbox 936 3789 1069 3850; x_wconf 91' lang='lat' dir='ltr'>prorsus</span> <span class='ocrx_word' id='word_1_298' title='bbox 1101 3768 1316 3843; x_wconf 85' lang='lat' dir='ltr'>abhorruerit,</span> 
     </span>
     <span class='ocr_line' id='line_1_35' title="bbox 131 3875 1318 3957; baseline -0.002 -20"><span class='ocrx_word' id='word_1_299' title='bbox 131 3876 181 3938; x_wconf 90' lang='lat' dir='ltr'>sed</span> <span class='ocrx_word' id='word_1_300' title='bbox 202 3876 289 3957; x_wconf 93' lang='lat' dir='ltr'>quod</span> <span class='ocrx_word' id='word_1_301' title='bbox 312 3895 409 3940; x_wconf 92' lang='lat' dir='ltr'>nemo</span> <span class='ocrx_word' id='word_1_302' title='bbox 432 3875 606 3957; x_wconf 88' lang='lat' dir='ltr'>quicquam</span> <span class='ocrx_word' id='word_1_303' title='bbox 631 3876 727 3956; x_wconf 90' lang='lat' dir='ltr'>plane</span> <span class='ocrx_word' id='word_1_304' title='bbox 744 3876 830 3940; x_wconf 87' lang='lat' dir='ltr'>intra</span> <span class='ocrx_word' id='word_1_305' title='bbox 847 3896 883 3938; x_wconf 90' lang='lat' dir='ltr'>se</span> <span class='ocrx_word' id='word_1_306' title='bbox 900 3876 1035 3956; x_wconf 89' lang='lat' dir='ltr'>recipiat</span> <span class='ocrx_word' id='word_1_307' title='bbox 1051 3895 1090 3939; x_wconf 90' lang='lat' dir='ltr'>ac</span> <span class='ocrx_word' id='word_1_308' title='bbox 1106 3895 1174 3938; x_wconf 84' lang='lat' dir='ltr'>suae</span> <span class='ocrx_word' id='word_1_309' title='bbox 1191 3880 1318 3937; x_wconf 71' lang='lat' dir='ltr'>naturae</span> 
     </span>
     <span class='ocr_line' id='line_1_36' title="bbox 132 3979 1441 4064; baseline -0.003 -19"><span class='ocrx_word' id='word_1_310' title='bbox 132 3983 286 4064; x_wconf 87' lang='lat' dir='ltr'>adiungat,</span> <span class='ocrx_word' id='word_1_311' title='bbox 322 3982 410 4062; x_wconf 91' lang='lat' dir='ltr'>quod</span> <span class='ocrx_word' id='word_1_312' title='bbox 439 3987 509 4046; x_wconf 89' lang='lat' dir='ltr'>turn</span> <span class='ocrx_word' id='word_1_313' title='bbox 538 3983 567 4046; x_wconf 93' lang='lat' dir='ltr'>ei</span> <span class='ocrx_word' id='word_1_314' title='bbox 595 3982 700 4058; x_wconf 90' lang='lat' dir='ltr'>detur,</span> <span class='ocrx_word' id='word_1_315' title='bbox 738 4002 837 4063; x_wconf 91' lang='lat' dir='ltr'>quum</span> <span class='ocrx_word' id='word_1_316' title='bbox 867 3983 1012 4046; x_wconf 90' lang='lat' dir='ltr'>nondum</span> <span class='ocrx_word' id='word_1_317' title='bbox 1038 3984 1241 4063; x_wconf 85' lang='lat' dir='ltr'>praeparatus</span> <span class='ocrx_word' id='word_1_318' title='bbox 1265 3979 1316 4054; x_wconf 93' lang='lat' dir='ltr'>sit,</span> <span class='ocrx_word' id='word_1_319' title='bbox 1432 3986 1441 4000; x_wconf 93' lang='lat'><em>&#39;</em></span> 
     </span>
     <span class='ocr_line' id='line_1_37' title="bbox 133 4085 1318 4169; baseline -0.003 -19"><span class='ocrx_word' id='word_1_320' title='bbox 133 4090 184 4151; x_wconf 90' lang='lat' dir='ltr'>etsi</span> <span class='ocrx_word' id='word_1_321' title='bbox 205 4089 290 4153; x_wconf 91' lang='lat' dir='ltr'>idem</span> <span class='ocrx_word' id='word_1_322' title='bbox 319 4088 384 4153; x_wconf 89' lang='lat' dir='ltr'>alio</span> <span class='ocrx_word' id='word_1_323' title='bbox 410 4090 559 4168; x_wconf 89' lang='lat' dir='ltr'>tempore</span> <span class='ocrx_word' id='word_1_324' title='bbox 588 4092 781 4169; x_wconf 91' lang='lat' dir='ltr'>accepturus</span> <span class='ocrx_word' id='word_1_325' title='bbox 810 4088 903 4151; x_wconf 87' lang='lat' dir='ltr'>facile</span> <span class='ocrx_word' id='word_1_326' title='bbox 932 4093 1028 4163; x_wconf 89' lang='lat' dir='ltr'>esset,</span> <span class='ocrx_word' id='word_1_327' title='bbox 1064 4106 1164 4167; x_wconf 92' lang='lat' dir='ltr'>quurn</span> <span class='ocrx_word' id='word_1_328' title='bbox 1196 4085 1318 4167; x_wconf 92' lang='lat' dir='ltr'>aliquid</span> 
     </span>
     <span class='ocr_line' id='line_1_38' title="bbox 134 4191 1318 4276; baseline -0.001 -21"><span class='ocrx_word' id='word_1_329' title='bbox 134 4194 194 4275; x_wconf 85' lang='lat' dir='ltr'>ipse</span> <span class='ocrx_word' id='word_1_330' title='bbox 215 4197 355 4272; x_wconf 78' lang='lat' dir='ltr'>afferret,</span> <span class='ocrx_word' id='word_1_331' title='bbox 380 4195 431 4259; x_wconf 90' lang='lat' dir='ltr'>cui</span> <span class='ocrx_word' id='word_1_332' title='bbox 454 4194 487 4257; x_wconf 94' lang='lat' dir='ltr'>id</span> <span class='ocrx_word' id='word_1_333' title='bbox 510 4194 733 4258; x_wconf 88' lang='lat' dir='ltr'>adhaerescere</span> <span class='ocrx_word' id='word_1_334' title='bbox 751 4197 872 4276; x_wconf 93' lang='lat' dir='ltr'>posset.</span> <span class='ocrx_word' id='word_1_335' title='bbox 909 4194 994 4257; x_wconf 86' lang='lat' dir='ltr'>Turn</span> <span class='ocrx_word' id='word_1_336' title='bbox 1013 4213 1089 4256; x_wconf 90' lang='lat' dir='ltr'>vero</span> <span class='ocrx_word' id='word_1_337' title='bbox 1107 4213 1147 4255; x_wconf 82' lang='lat' dir='ltr'>ex</span> <span class='ocrx_word' id='word_1_338' title='bbox 1164 4191 1318 4273; x_wconf 90' lang='lat' dir='ltr'>singulari</span> 
     </span>
     <span class='ocr_line' id='line_1_39' title="bbox 134 4298 1317 4382; baseline -0.003 -19"><span class='ocrx_word' id='word_1_339' title='bbox 134 4299 188 4363; x_wconf 85' lang='lat' dir='ltr'>hac</span> <span class='ocrx_word' id='word_1_340' title='bbox 208 4302 388 4366; x_wconf 86' lang='lat' dir='ltr'>litterarum</span> <span class='ocrx_word' id='word_1_341' title='bbox 411 4301 713 4381; x_wconf 89' lang='lat' dir='ltr'>antiquissimarum</span> <span class='ocrx_word' id='word_1_342' title='bbox 737 4300 827 4382; x_wconf 91' lang='lat' dir='ltr'>apud</span> <span class='ocrx_word' id='word_1_343' title='bbox 849 4301 1017 4364; x_wconf 85' lang='lat' dir='ltr'>Romanos</span> <span class='ocrx_word' id='word_1_344' title='bbox 1045 4299 1170 4362; x_wconf 88' lang='lat' dir='ltr'>ratione</span> <span class='ocrx_word' id='word_1_345' title='bbox 1195 4298 1317 4361; x_wconf 87' lang='lat' dir='ltr'>factum</span> 
     </span>
     <span class='ocr_line' id='line_1_40' title="bbox 138 4407 1317 4490; baseline -0.002 -22"><span class='ocrx_word' id='word_1_346' title='bbox 138 4412 188 4482; x_wconf 78' lang='lat' dir='ltr'>est</span> <span class='ocrx_word' id='word_1_347' title='bbox 220 4414 254 4473; x_wconf 90' lang='lat' dir='ltr'>ut</span> <span class='ocrx_word' id='word_1_348' title='bbox 280 4408 369 4490; x_wconf 94' lang='lat' dir='ltr'>apud</span> <span class='ocrx_word' id='word_1_349' title='bbox 400 4427 455 4471; x_wconf 90' lang='lat' dir='ltr'>eos</span> <span class='ocrx_word' id='word_1_350' title='bbox 485 4408 644 4471; x_wconf 89' lang='lat' dir='ltr'>maturius</span> <span class='ocrx_word' id='word_1_351' title='bbox 674 4427 713 4471; x_wconf 87' lang='lat' dir='ltr'>ea</span> <span class='ocrx_word' id='word_1_352' title='bbox 742 4407 924 4471; x_wconf 89' lang='lat' dir='ltr'>studiorum</span> <span class='ocrx_word' id='word_1_353' title='bbox 952 4424 1072 4487; x_wconf 88' lang='lat' dir='ltr'>genera</span> <span class='ocrx_word' id='word_1_354' title='bbox 1095 4407 1317 4479; x_wconf 86' lang='lat' dir='ltr'>nascerentur,</span> 
     </span>
     <span class='ocr_line' id='line_1_41' title="bbox 140 4510 1318 4596; baseline -0.004 -19"><span class='ocrx_word' id='word_1_355' title='bbox 140 4531 202 4591; x_wconf 80' lang='lat' dir='ltr'>qua</span> <span class='ocrx_word' id='word_1_356' title='bbox 232 4515 318 4596; x_wconf 83' lang='lat' dir='ltr'>apud</span> <span class='ocrx_word' id='word_1_357' title='bbox 348 4514 479 4578; x_wconf 81' lang='lat' dir='ltr'>Graecos</span> <span class='ocrx_word' id='word_1_358' title='bbox 514 4513 638 4577; x_wconf 89' lang='lat' dir='ltr'>litteras</span> <span class='ocrx_word' id='word_1_359' title='bbox 663 4512 791 4577; x_wconf 90' lang='lat' dir='ltr'>adultas</span> <span class='ocrx_word' id='word_1_360' title='bbox 827 4517 860 4576; x_wconf 91' lang='lat' dir='ltr'>et</span> <span class='ocrx_word' id='word_1_361' title='bbox 894 4515 1057 4576; x_wconf 90' lang='lat' dir='ltr'>vetustate</span> <span class='ocrx_word' id='word_1_362' title='bbox 1092 4510 1318 4576; x_wconf 87' lang='lat' dir='ltr'>corroboratas</span> 
     </span>
    </p>
   </div>
   <div class='ocr_carea' id='block_1_4' title="bbox 0 0 1478 5206">
    <p class='ocr_par' dir='ltr' id='par_1_4' title="bbox 0 0 1478 5206">
     <span class='ocr_line' id='line_1_42' title="bbox 0 0 1478 5206; baseline 0 0"><span class='ocrx_word' id='word_1_363' title='bbox 0 0 1478 5206; x_wconf 95' lang='lat' dir='ltr'> </span> 
     </span>
    </p>
   </div>
  </div>
 </body>
</html>
