2948 5206
667 337 730 400 193

155 523 292 608 lonurims,
314 531 501 609 Fundanos
525 530 725 609 Formianos
751 533 930 607 Cumanos3
955 531 1018 594 vid.
1037 531 1105 595 Lir.
1125 531 1204 609 vul,
1228 531 1297 613 14);

152 635 220 699 etue
237 637 363 702 dubium
387 637 439 716 sit,
469 638 511 702 de
533 637 596 701 hac
619 657 696 702 emn
719 639 907 702 condicione
931 638 1029 720 loqui,
1059 637 1205 703 additur:
1234 642 1299 724 qui

143 750 200 820 pot
215 744 352 826 aliquot
375 765 495 808 annos
524 743 581 827 (ab
604 744 695 808 initio
718 746 788 809 eius
811 743 1021 825 condicionis)
1050 746 1130 808 cives
1159 745 1299 810 Romam?

143 845 210 927 timi
239 859 318 914 sunt.
380 851 503 915 Eorum
543 850 663 933 duplex
704 850 872 934 distinguit
912 870 1030 933 genus,
1071 871 1210 933 quorum
1250 854 1297 917 al-

139 955 178 1019 ton'
192 956 324 1038 aliquam
351 958 495 1039 speciem
523 977 660 1022 suarum
690 977 800 1023 rerum
830 957 1120 1021 administrationis
1150 959 1298 1023 retinuis-

132 1067 183 1126 sent
199 1062 314 1146 (itaque
338 1064 473 1128 Tusculi
502 1068 535 1128 et
563 1064 700 1128 Lanuvii
728 1069 843 1146 postea
871 1066 1041 1145 supererat
1072 1067 1165 1128 vetus
1194 1067 1298 1147 magi-

127 1174 221 1234 status
261 1189 398 1248 nomen,
446 1168 644 1252 dictatoris),
691 1169 801 1234 alteris
847 1190 980 1253 prorsus
1027 1171 1077 1234 sui
1123 1173 1297 1254 magistra·

125 1284 164 1339 tus
189 1277 329 1359 adempti
366 1280 492 1353 essent;
532 1277 642 1358 itaque
683 1277 715 1341 in
756 1277 818 1341 hac
855 1281 948 1360 parte
983 1276 1173 1359 Anagninos
1211 1270 1298 1343 recte

122 1383 201 1462 pouit.
211 1379 235 1463 ¹)
278 1383 340 1448 His
371 1403 436 1461 eos,
473 1383 528 1465 qui
556 1388 671 1465 postea
699 1384 795 1466 vulgo
825 1385 1004 1466 municipes
1034 1383 1297 1464 appellabantur,

122 1488 253 1571 adiungit,
288 1490 344 1572 qui
374 1508 545 1572 nunquam
576 1491 741 1554 civitatem
772 1491 841 1555 sine
872 1490 1028 1572 suffragio
1060 1490 1261 1555 habuissent.
1271 1485 1298 1572 ²)

121 1593 259 1661 inaltero
282 1597 353 1661 loco
377 1616 479 1678 quum
503 1597 686 1678 expositum
710 1600 805 1675 esset,
830 1597 1008 1679 quotuplici
1031 1596 1157 1660 ratione
1182 1597 1298 1678 aliquis

122 1702 264 1785 municeps
287 1703 424 1768 alicuius
447 1703 614 1785 municipii
638 1723 678 1768 ex
701 1704 826 1785 vulgari
855 1703 908 1768 illo
938 1722 1057 1785 genere
1081 1722 1153 1768 esse
1176 1709 1354 1785 possetne

125 1807 282 1890 adiungitur
305 1829 345 1874 ex
369 1808 453 1873 alius
476 1808 693 1874 iurisconsulti
716 1810 800 1874 libro
824 1811 1043 1891 fragmentum
1062 1809 1105 1874 ad
1123 1811 1228 1875 altera
1244 1811 1300 1876 illa

126 1916 272 1998 municipia
301 1916 421 1980 civium
451 1915 521 1979 sine
551 1916 705 1998 suffragio
733 1917 916 1999 pertinens3
951 1917 985 1980 in
1013 1936 1078 1997 quo
1107 1936 1208 1997 quum
1237 1917 1299 1982 tria

130 2020 176 2084 siut
192 2023 345 2105 exempla,
381 2023 448 2087 duo
479 2022 596 2086 eadem
625 2027 724 2105 atque
752 2023 786 2086 in
815 2023 918 2086 altero
942 2022 1012 2087 loco
1036 2028 1113 2087 sunt
1136 2023 1298 2105 (011111αηί,

133 2126 279 2209 turrem).
326 2129 392 2194 Sed
416 2130 469 2193 hic
492 2134 605 2212 aperte
629 2150 649 2193 a
672 2130 808 2194 Servilio
832 2131 912 2192 cives
943 2128 988 2192 illi
1010 2129 1161 2194 homines
1186 2132 1299 2214 appel-

136 2228 219 2311 lantur,
240 2237 294 2317 qui
306 2236 411 2302 altero
428 2236 499 2300 loco
517 2237 603 2300 cives
622 2255 687 2300 non
706 2235 804 2299 luisse
823 2235 984 2314 dicuntur,
1009 2236 1127 2301 eadem
1145 2237 1300 2301 nimirum

140 2334 323 2419 umentia,
348 2362 424 2424 quae
446 2343 480 2405 in
503 2344 565 2406 hoc
588 2344 758 2406 hominum
781 2362 899 2424 genere
924 2342 1121 2425 appellando
1146 2343 1299 2426 frequen-

143 2441 227 2511 t'ss'una
246 2453 305 2526 est,
340 2448 374 2512 in
403 2449 442 2512 iis
470 2448 597 2525 saltem,
633 2448 687 2530 qui
717 2449 859 2531 speciem
884 2449 973 2513 illam
996 2469 1066 2513 suae
1090 2450 1137 2513 rei
1160 2450 1300 2532 publicae

146 2550 326 2635 eruebant>
373 2555 487 2637 Itaque
510 2575 550 2619 ex
573 2554 660 2617 Festi
690 2554 768 2619 locis
797 2555 859 2620 hoc
888 2576 989 2619 unum
1014 2555 1163 2633 eflicitur,
1200 2560 1299 2621 etiam

148 2656 239 2723 utacta
259 2665 289 2724 et
314 2661 465 2743 parentia
488 2663 605 2725 civium
630 2663 699 2725 sine
723 2663 877 2744 suffragio
902 2663 1022 2744 oppida
1045 2664 1221 2745 municipia
1241 2685 1300 2746 ap-

150 2762 226 2839 ltllata
246 2787 323 2831 esse.
371 2769 419 2831 De
443 2768 585 2851 Dionysii
610 2788 671 2831 usu
696 2769 845 2832 vocabuli
869 2776 1045 2833 ἰσοπολιτείας
1062 2770 1127 2833 iarn
1145 2770 1220 2847 dixi,
1246 2772 1301 2852 qui

152 2867 210 2943 tion
237 2873 413 2938 Formianis
448 2874 678 2955 Fundanisque
714 2875 850 2956 aliisque
886 2876 970 2939 bello
1006 2877 1120 2940 Latino
1156 2877 1300 2941 subactis

152 2976 273 3045 taurica
289 2991 486 3057 μηαδοθῆνω
505 2982 617 3045 scribit
645 2981 691 3063 (in
721 2983 870 3063 Excerpt.
895 3003 926 3063 p.
952 2983 1017 3046 245
1042 2982 1190 3046 Tauclur.
1216 2982 1298 3063 [XV,

155 3076 298 3168 illitati),
333 3088 422 3169 quod
445 3088 541 3169 quale
565 3089 616 3165 sit,
653 3108 692 3151 ex
728 3088 817 3153 Livio
852 3090 1040 3170 intelligitur
1070 3093 1102 3152 et
1131 3109 1171 3153 ex
1200 3091 1300 3172 ipsius

155 3193 295 3257 untione.
341 3195 425 3258 Nam
451 3195 639 3259 sollicitatos
675 3216 729 3259 eos
764 3195 864 3259 tradit
899 3196 941 3259 ad
972 3197 1082 3276 iugum
1111 3197 1300 3261 Romanurn

157 3295 337 3363 excutiendum.
385 3301 481 3379 Quod
505 3302 622 3365 deinde
646 3302 843 3365 Niebuhrius
868 3299 913 3382 (p.
940 3302 991 3377 72,
1017 3303 1058 3365 7ss
1083 3302 1164 3383 not.)
1189 3304 1301 3368 Velleii

158 3392 264 3470 Pourculi
285 3408 471 3472 testimonio
495 3408 596 3472 utitur
620 3409 661 3472 de
685 3410 814 3472 civitate
846 3410 1019 3490 (lampares
1048 3417 1076 3472 et
1094 3412 1187 3493 porti
1211 3412 1301 3475 Sour-

160 3503 220 3569 dom
241 3512 309 3578 data
336 3515 376 3579 T.
407 3515 541 3579 Veturio
569 3515 713 3590 Calvino,
749 3515 804 3596 Sp.
829 3515 997 3579 Postumio
1027 3535 1110 3579 coss.
1143 3516 1186 3598 (a.
1211 3515 1300 3596 334),

160 3620 364 3647 X*-

177 3691 239 3759 tin.
254 3709 292 3774 lx,
310 3709 352 3774 13,
372 3727 457 3778 supra
476 3728 501 3778 p.
520 3708 572 3762 234
593 3716 648 3762 not.

178 3779 262 3860 ilaec
286 3815 395 3867 prorsus
425 3799 577 3851 necessario
606 3804 745 3867 receptam
773 3816 831 3852 esse
855 3798 1019 3866 scripturam
1049 3801 1205 3857 Urbiuotco3
1237 3815 1301 3851 narn

204 3882 319 3949 Arpinates
337 3888 373 3941 ad
391 3887 514 3956 primum
532 3903 618 3955 genus
637 3887 819 3955 pertinebant.

180 3955 303 4040 ¹1th
330 3993 400 4044 quos
423 3976 516 4029 Livius
540 3976 599 4044 ipse
622 3993 646 4029 a.
665 3975 718 4027 aaa
741 3976 850 4028 civitate
875 3977 990 4029 donatos
1013 3976 1116 4033 scriba.
1145 3977 1179 4027 aa
1204 3992 1228 4028 a.
1249 3975 1302 4026 ara

205 4054 243 4123 (IX,
257 4063 294 4130 to)
315 4069 400 4119 socios
425 4065 558 4133 appellat;
587 4065 727 4118 Romanos
750 4065 962 4132 Campanorum,
992 4066 1037 4132 qui
1065 4064 1120 4117 iam
1145 4065 1217 4117 cives
1242 4065 1301 4117 sine

206 4148 302 4219 Suffrogio
318 4160 396 4208 erant
416 4153 495 4220 (Vlll,
517 4152 569 4219 14),
589 4154 676 4207 socios
696 4154 820 4206 nominat
840 4155 884 4218 lx,
905 4155 928 4217 o',
949 4154 973 4217 1,
998 4155 1154 4220 Campanos
1175 4153 1301 4206 universe

208 4235 269 4291 scios
282 4241 371 4303 XXIII,
391 4242 416 4295 5.
446 4243 547 4296 Contra
565 4243 725 4301 Acerranos,
746 4260 832 4310 quum
852 4243 949 4295 eodem
963 4243 1080 4294 civitatis
1094 4258 1193 4309 genere
1207 4243 1299 4294 donati

209 4333 280 4389 “etit
296 4332 427 4386 Romanoa
445 4333 531 4385 iactos
550 4332 643 4385 scribit
663 4332 732 4395 Vlll,
754 4331 794 4383 17.
824 4332 919 4399 ltaque
938 4347 1010 4383 nunc
1029 4330 1190 4398 suffragium
1206 4331 1301 4383 datum

210 4406 361 4484 1111111111,
380 4438 397 4473 a
416 4420 614 4474 iurisconsultis
634 4420 686 4472 illis
706 4421 871 4488 discrepans
896 4419 967 4472 cives
986 4419 1044 4471 sine
1065 4419 1194 4486 suffragio
1214 4420 1301 4472 muni·

211 4496 278 4566 cipum
292 4509 394 4562 nomine
420 4509 545 4562 excludit.
583 4510 703 4563 Tenetur
727 4509 860 4562 inferioris
884 4509 979 4571 etatis,
1009 4524 1095 4575 quum
1119 4507 1187 4560 nulli
1211 4514 1303 4560 essent
1336 4527 1341 4533 ·

213 4586 313 4649 eiusnodi
329 4598 408 4663 cives,
427 4598 557 4666 loquendi
577 4598 768 4662 inconstantia,
789 4597 855 4650 nihil
875 4597 958 4650 aliud.

1055 4683 1088 4736 13
