2956 5190
702 287 769 351 415

131 482 280 557 utuntur,
309 479 362 544 ille
386 480 494 559 aliiae,
523 480 576 545 hic
599 481 697 546 aliine
719 483 842 546 inimici
865 482 992 560 delens3
1016 483 1211 551 Garatonius
1235 485 1334 550 etiam

130 585 353 651 nominativos
376 586 557 668 pendentes
581 586 690 652 efficit.
736 588 887 653 Baiterus
915 589 1122 654 scribendum
1152 594 1263 674 putat:
1294 627 1333 637 -

131 690 174 756 1..
202 678 348 774 Crassis,
384 694 454 775 alii,
489 683 612 757 inimici
641 716 746 760 oaeaes
769 694 906 760 Metelli:
942 696 996 777 qui
1025 697 1052 760 si
1075 698 1121 760 sic
1144 697 1334 781 interpunx-

130 799 230 863 isset:
256 800 314 863 olii
336 800 469 882 inimici,
494 821 599 865 manes
622 800 752 880 Metelli,
777 802 942 883 effugisset
963 802 1238 870 nominativorum
1253 824 1334 887 pen·
1404 827 1407 833 ·

130 905 281 970 dentium
306 907 607 988 reprehensionem
630 908 665 971 in
688 926 727 972 eo
749 910 861 972 tamen
877 909 1135 991 redargueretur,
1160 911 1248 992 quod
1263 911 1334 976 illos

131 1012 217 1075 alios
251 1013 335 1076 inter
370 1016 474 1077 certos
508 1012 673 1090 homines,
715 1015 769 1096 qui
804 1015 944 1097 exempli
980 1034 1080 1080 causa
1113 1017 1333 1096 nominantur,

131 1118 261 1183 medios
290 1120 547 1201 interposuisset.
592 1120 660 1184 Nec
692 1121 790 1183 aliiae
823 1140 863 1184 ex
894 1122 954 1185 alii
983 1125 1091 1186 ortum
1121 1141 1192 1186 esse
1215 1126 1333 1205 potest.

133 1224 273 1289 Duabus
297 1225 411 1290 litteris
435 1226 640 1308 transpositis
663 1226 812 1304 efficitur,
837 1227 925 1309 quod
948 1228 1104 1310 probem:
1129 1227 1168 1292 L.
1189 1228 1334 1307 Crassus,

133 1330 183 1395 M.
214 1330 354 1395 &auras
389 1333 487 1396 alieni
491 1355 505 1412 ;
538 1333 661 1396 inimici
694 1353 799 1397 manes
834 1333 962 1397 Metelli.
1014 1333 1194 1398 Adscendit
1216 1335 1333 1409 orati03

131 1438 207 1503 illos
230 1438 306 1503 dicit
329 1439 435 1504 alieno
459 1439 558 1503 tuisse
582 1439 700 1517 animo,
734 1441 789 1522 qui
813 1440 854 1504 de
876 1459 912 1503 re
934 1460 967 1522 p.
993 1436 1013 1504 a
1035 1440 1139 1505 Mario
1162 1440 1334 1505 dissensis-

132 1553 219 1622 sent,
244 1565 377 1628 prorsus
401 1546 548 1610 inimicos
572 1545 727 1623 Metellos,
760 1544 816 1628 qui
843 1545 918 1610 odia
947 1545 1078 1610 familiae
1103 1548 1332 1612 exercuissent.

225 1652 260 1717 C.
284 1652 315 1729 9,
340 1652 393 1729 22,
417 1651 474 1716 ubi
498 1651 621 1716 editur:
645 1654 768 1716 atillam
792 1654 886 1715 etiam
910 1652 948 1715 L.
967 1651 1119 1716 Lucullus
1141 1653 1194 1716 ille
1208 1654 1333 1732 viveret,

132 1763 357 1841 praeterquam
390 1758 478 1840 quod
511 1759 648 1822 verbum
684 1757 879 1823 mendosum
913 1777 995 1836 esse,
1031 1758 1158 1824 codices
1192 1766 1333 1842 arguunt

132 1863 311 1946 (desiderat
333 1865 360 1929 P
382 1865 413 1929 A
435 1864 462 1928 B
485 1862 535 1946 Ε),
559 1864 712 1929 vitiosum
736 1872 785 1928 est
808 1865 909 1928 etiam
931 1884 1122 1946 pronomen,
1155 1885 1256 1947 quum
1279 1866 1332 1930 Ci-

132 1990 210 2036 cero
233 1990 297 2036 non
321 1971 480 2035 illustrem
505 1970 646 2052 aliquem
670 1990 711 2048 ex
728 1971 921 2053 antiquitate
938 1972 1104 2035 hominem
1121 1956 1331 2049 demonstret,

132 2077 194 2143 sed
219 2097 304 2155 eum,
329 2096 427 2159 quem
450 2080 634 2141 senatorem
658 2096 772 2141 omnes
795 2077 961 2155 vidissent,
990 2078 1101 2143 addito
1125 2078 1224 2143 etiam
1246 2098 1332 2161 prae-

132 2183 266 2249 nomine
297 2183 448 2267 appellet.
495 2183 531 2247 ld
553 2201 637 2247 unus
660 2183 762 2248 sensit
784 2183 972 2248 Lambinus.
1019 2184 1066 2248 Ex
1093 2185 1147 2248 ille
1173 2183 1333 2248 desiderat

133 2289 321 2354 iaciendum
352 2290 494 2354 videtur:
529 2289 596 2353 illic
623 2288 785 2354 assideret.
831 2289 867 2353 In
895 2290 1047 2354 assideret
1070 2290 1168 2354 etiam
1193 2289 1331 2355 Orellius

133 2395 256 2461 nerea.
266 2393 292 2478 1)
671 2376 677 2386 '
1070 2413 1074 2421 ·

224 2502 259 2567 C.
286 2503 336 2579 13,
365 2502 418 2578 33,
447 2503 503 2566 ubi
534 2500 672 2566 Orellius
701 2521 719 2566 e
748 2501 841 2566 codd.
865 2501 983 2566 Bemn.
1008 2505 1041 2567 et
1064 2502 1130 2567 Eri.
1154 2503 1255 2567 edidit
1278 2503 1330 2567 ele-
1345 2528 1369 2563 11

127 2615 269 2690 putaret,
294 2609 412 2673 codicis
427 2608 618 2673 Parisiensis
642 2608 835 2673 auctoritate
859 2608 1044 2673 defenditur
1060 2616 1191 2693 pataret
1214 2613 1248 2674 et
1269 2628 1331 2695 usu
1441 2669 1445 2677 .

133 2714 308 2793 Ciceronis,
343 2717 398 2799 qui
429 2734 598 2798 nunquam
629 2715 812 2779 obsoletum
844 2714 923 2779 illud
952 2720 985 2780 et
1007 2717 1171 2798 poeticum
1194 2717 1331 2781 verbum

133 2822 252 2903 posuit,
285 2824 375 2887 cuius
398 2823 460 2887 hoc
484 2823 554 2887 loco
577 2821 682 2904 positi,
715 2822 748 2885 in
772 2821 1010 2904 simplicissima
1033 2823 1188 2887 orationis
1213 2823 1329 2901 torma,

133 2928 223 2992 nulla
247 2948 346 2993 causa
369 2929 445 3010 tingi
468 2932 587 3011 potest.
678 2956 681 2961 ·

225 3034 260 3100 C.
279 3036 330 3111 14,
354 3035 407 3112 35,
431 3035 487 3099 ubi
504 3035 627 3099 editur:
652 3033 778 3097 Etenim
793 3035 822 3098 si
839 3033 989 3098 Fortuaoe
1004 3035 1186 3099 muneribus
1202 3037 1330 3119 araplis-

133 3142 224 3204 nmis
239 3149 371 3206 oritatas
394 3143 510 3225 soepius
527 3143 594 3205 eius
610 3140 678 3204 ‹leoe
689 3141 868 3223 periculum
878 3139 987 3222 facere
1000 3141 1102 3219 nollet,
1125 3141 1225 3207 miror
1236 3140 1329 3207 Orel-

132 3245 213 3311 lium
236 3249 365 3312 tantum
389 3268 429 3313 ex
452 3248 523 3313 cod.
548 3248 613 3312 urf.
638 3248 754 3311 afferre
781 3247 863 3326 Quia
886 3249 923 3325 si,
954 3254 990 3311 ut
1013 3248 1145 3330 vulgata
1168 3248 1329 3331 scriptura

132 3353 283 3418 videatur
306 3374 378 3420 esse
406 3356 439 3419 in
463 3355 580 3419 Bernn.
627 3354 692 3418 Sed
721 3355 795 3418 Par.
824 3354 935 3431 habet,
971 3361 1006 3417 ut
1036 3354 1136 3419 edidit
1164 3374 1205 3419 ex
1233 3356 1328 3420 simili

131 3461 243 3526 codice
268 3462 460 3527 Lambinus:
498 3461 560 3541 oue
582 3462 610 3525 si
634 3460 784 3524 For-tane
808 3463 868 3525 cet.
914 3461 1022 3543 Atque
1045 3461 1121 3524 huie
1144 3462 1329 3526 auctoritati

131 3568 226 3632 tacite
250 3568 376 3647 cedent,
400 3569 427 3633 si
450 3559 526 3633 iere
551 3567 753 3645 dissentiunt,
784 3567 975 3646 Bemenses,
988 3592 991 3597 ·
1005 3568 1038 3631 in
1061 3567 1123 3631 hac
1146 3568 1327 3649 praesertim

130 3693 242 3739 causa.
288 3675 371 3739 Nam
404 3694 464 3757 pro
487 3674 674 3739 huiusmodi
702 3673 846 3738 relativis
875 3673 918 3737 ad
945 3675 1123 3738 sententias
1151 3673 1329 3738 nectendas

128 3780 244 3863 positis
268 3780 366 3846 etiam
396 3781 467 3845 aliis
500 3780 578 3845 locis
609 3779 851 3845 coniunctiones
880 3779 1065 3844 substitutae
1094 3770 1180 3846 sunt.
1227 3781 1329 3844 Paulo

128 3891 205 3969 post
238 3907 305 3952 non
338 3887 522 3952 necessaria
556 3891 606 3951 est
641 3888 796 3952 correctio
826 3887 935 3951 nescio
964 3886 1055 3951 cuius
1086 3888 1145 3951 viri
1176 3887 1262 3951 docti
1286 3887 1328 3950 ab

157 4096 180 4166 ¹)
200 4100 228 4154 C.
251 4099 292 4165 11,
312 4099 348 4152 27
367 4116 383 4153 e
402 4099 480 4153 codd.
498 4098 627 4153 omnibus
644 4097 678 4164 (P
696 4099 726 4161 E,
746 4097 813 4153 Oxx.
833 4098 858 4163 5,
877 4097 966 4162 Barb,
985 4104 1051 4152 vett.
1072 4099 1145 4163 edd.;
1171 4098 1205 4151 de
1228 4097 1328 4152 Bemn.

200 4187 305 4255 siletur)
324 4188 482 4243 addendum
501 4196 539 4241 est
558 4192 623 4240 ante
641 4188 811 4255 supplicatio,
830 4187 1060 4256 scribendumque
1075 4185 1107 4252 (P
1121 4186 1152 4249 E)
1167 4195 1192 4241 et
1205 4190 1328 4254 confecto.

199 4279 319 4332 Deorum
337 4294 387 4347 pro
407 4279 513 4331 dieram
536 4276 565 4329 in
583 4275 642 4330 cod.
661 4275 809 4345 archetypo
833 4275 924 4340 luisse,
953 4276 1067 4330 dubium
1091 4292 1147 4331 non
1171 4281 1212 4330 est
1235 4274 1328 4342 (etiam

199 4367 234 4420 ob
252 4365 298 4433 P);
326 4367 374 4420 sed
399 4366 532 4420 mendum
556 4370 611 4437 est;
639 4364 708 4418 nihii
733 4369 792 4418 erat
811 4366 874 4419 novi
893 4371 921 4419 et
939 4366 1080 4420 honorifici
1099 4366 1128 4419 in
1147 4366 1262 4419 deorum
1280 4381 1329 4417 nu·

199 4471 284 4520 mero,
311 4456 360 4509 sed
385 4455 413 4509 iu
439 4455 554 4519 dierum,
583 4471 634 4508 nec
656 4459 730 4507 certo
755 4453 869 4508 deorum
889 4471 1003 4509 numero
1022 4453 1184 4524 supplicatio
1203 4454 1329 4508 decerne·

202 4545 297 4604 batum
317 4545 456 4599 diversum
477 4550 518 4598 ost
536 4541 744 4598 lectisternium.
