2956 5190
628 257 694 324 555

61 450 117 528 12,
141 452 201 516 11:
225 451 319 516 Nunc
341 461 370 516 et
392 452 513 517 dartana
535 456 656 535 iuvaret,
680 461 753 519 aunt
775 455 847 537 ipsa
865 455 1012 539 periendo
1035 454 1135 534 larda·
1165 453 1261 517 Stan-

57 558 110 621 tia
132 578 194 622 non
211 567 361 642 poterant
383 567 462 625 acta
480 559 620 643 probare
642 560 731 636 deos;
755 581 821 644 quo
844 561 915 626 loco
939 561 1038 624 etiarn
1062 560 1103 624 de
1122 580 1157 624 re
1176 579 1261 642 prae·

57 664 159 729 terita
182 665 313 744 dicitur;
336 667 459 731 Plinius
482 667 561 743 VIII,
585 667 622 730 4:
654 666 864 733 Circumvndi
887 665 1078 751 (elephanti)
1103 687 1124 731 a
1146 687 1261 730 vcnan-

57 770 144 836 tibuc
160 775 286 855 primos
308 775 505 855 emorituram,
541 772 653 857 quibua
675 771 818 857 (dentes)
849 783 922 839 sunt
949 775 1083 854 minimi,
1119 794 1158 836 ne
1180 774 1262 837 tanti

51 879 209 961 proeliwn
225 887 358 963 pretatur
382 879 428 963 (id
451 885 516 944 est:
540 883 576 943 ut
599 883 771 945 venatores
795 901 904 963 operae
928 881 1069 963 pretium
1086 899 1127 943 ne
1145 882 1262 961 putent

56 984 197 1050 tantillae
220 987 341 1068 praedae
372 1008 430 1069 spe
460 986 612 1068 proelium
644 984 749 1068 inire).
795 987 922 1051 Horum
953 987 1097 1051 locorum
1129 1004 1261 1067 prorsus

58 1089 176 1156 similis
199 1095 250 1156 est
271 1093 433 1158 Iuvenabs
456 1093 519 1170 ille,
543 1111 564 1156 a
588 1111 653 1173 quo
676 1093 812 1175 profecti
835 1087 995 1174 sumus.¹)

24 1238 33 1253 ·
150 1197 267 1263 Restat
289 1200 379 1264 illud.
425 1198 711 1278 Quemadmodum
734 1200 806 1264 haec
829 1200 935 1264 forma
951 1199 1120 1263 Romanos
1140 1199 1259 1262 sensim

57 1302 95 1367 in
129 1304 230 1368 alium
258 1325 354 1370 usum
388 1307 550 1372 transiens
586 1305 755 1385 fefellerat,
791 1307 847 1384 sic,
883 1325 984 1388 quum
1018 1310 1105 1370 esset
1139 1304 1262 1386 ahquid

58 1427 236 1475 commune
259 1411 293 1475 in
316 1417 454 1496 utroque
478 1434 550 1490 usu,
575 1431 693 1490 causae,
718 1432 776 1476 cur
793 1415 952 1493 ageretur,
977 1411 1178 1492 signiticatio,
1202 1411 1262 1475 sed

58 1517 126 1583 alio
149 1537 189 1583 ac
212 1519 374 1584 contrario
397 1520 496 1588 modo
520 1538 684 1600 expressa,
709 1519 765 1583 ubi
788 1518 952 1582 interdurn
971 1522 1146 1600 utrumque
1164 1537 1261 1582 usum

58 1624 312 1706 coniungebant,
337 1626 390 1689 vix
413 1624 475 1707 ipsi
499 1625 722 1690 diversitatem
746 1625 943 1702 sentiebant,
967 1623 1084 1689 sallem
1101 1643 1168 1688 non
1186 1642 1261 1705 per·

57 1731 172 1812 spicue
201 1731 517 1809 animadvertebant,
547 1731 637 1796 velut
665 1730 800 1796 Ovidius
829 1732 863 1794 iu
884 1730 1052 1795 Remediis
1075 1729 1206 1794 Amoris
1230 1748 1260 1793 v.

59 1836 128 1902 750
151 1842 184 1902 et
207 1839 286 1903 751:
317 1838 389 1902 Non
412 1845 517 1901 tamen
540 1838 596 1901 hoc
618 1840 700 1902 tanti
724 1845 776 1919 cat,
801 1858 928 1920 pauper
951 1843 984 1900 ut
1007 1857 1070 1901 case
1096 1837 1188 1917 vella·
1218 1838 1262 1899 At

58 1943 118 2007 titi
140 1946 181 2008 ait
203 1947 285 2009 torui
307 1965 369 2008 non
392 1945 556 2029 indulperc
579 1944 721 2025 theatris,
752 1944 840 2008 Dum
864 1943 937 2007 benc
959 1944 999 2007 de
1021 1964 1118 2006 vacuo
1136 1950 1261 2027 pectore

59 2049 152 2114 cedat
175 2071 274 2114 amor.
320 2053 478 2134 Apparet,
503 2052 536 2114 in
559 2052 667 2132 priore
691 2071 785 2115 versu
810 2050 927 2114 mercis
950 2069 1016 2114 non
1039 2053 1132 2114 tanto
1155 2050 1261 2131 pretio

60 2157 220 2228 emendae,
244 2158 278 2221 in
301 2158 404 2222 altero
427 2159 473 2222 rei
497 2161 630 2239 propter
652 2158 752 2221 talem
776 2176 911 2221 causam
929 2156 1145 2238 suscipiendae
1162 2156 1260 2238 signi·

58 2261 246 2327 ficatIonem
269 2264 385 2328 inesse.
432 2263 518 2342 Quiu
548 2265 582 2328 in
612 2284 713 2328 unum
747 2268 886 2344 utraque
917 2262 1108 2344 sIgnificatio
1141 2260 1260 2325 coaluit

61 2367 133 2432 loco
157 2369 265 2451 aliquo
289 2370 422 2435 Senecae
446 2370 528 2434 mtra
553 2369 696 2463 quadam
720 2370 848 2433 dicendi
872 2369 1044 2446 brevitate,
1074 2367 1131 2432 tali
1154 2368 1260 2448 posito

60 2474 219 2552 subiecto,
248 2477 282 2540 in
306 2496 371 2558 quo
393 2478 440 2541 rei
464 2477 656 2558 expetendae
680 2479 713 2540 et
736 2477 782 2539 rei
806 2475 950 2539 ferendae
972 2475 1062 2539 notio
1086 2476 1260 2555 coniunge·

59 2584 166 2657 retur;
190 2601 268 2645 narn
292 2583 333 2646 de
356 2582 565 2646 Providentia
589 2584 620 2660 5,
647 2585 684 2645 ll
711 2582 882 2647 Phaethon
905 2582 951 2646 sic
973 2582 1130 2663 loquItur:
1155 2580 1262 2643 Placet
1275 2602 1314 2641 or

61 2688 134 2769 via,·
169 2689 296 2751 escendo
301 2712 315 2770 ,·
350 2697 393 2753 eat
423 2691 505 2752 tanti
533 2710 592 2772 per
624 2691 687 2752 iata
716 2690 764 2752 r're
792 2708 915 2752 casuro.
962 2687 1187 2769 Expetendum
1212 2691 1261 2750 est

55 2815 120 2878 per
142 2797 204 2858 ista
226 2797 274 2858 ire
298 2794 412 2877 (Turdi
435 2802 478 2858 est
496 2816 558 2878 per
581 2797 642 2859 ista
667 2797 722 2877 ire,
752 2803 786 2860 ut
814 2795 938 2872 codam,
968 2795 1076 2876 pri0re
1099 2793 1261 2875 signitica-

60 2898 172 2980 tione),
209 2901 362 2966 serendus
395 2922 489 2966 casus
522 2905 556 2965 et
587 2922 675 2966 mors
707 2902 749 2966 ob
781 2901 881 2966 talem
912 2920 1048 2965 causam
1079 2886 1194 2982 (Tanti
1217 2907 1260 2964 eat

61 3007 186 3089 cadere,
209 3016 243 3071 ut
260 3029 323 3092 per
346 3011 408 3072 lala
432 3029 510 3086 eoru,
535 3009 681 3072 secunda
703 3007 962 3090 significatione).

150 3115 222 3179 Non
254 3135 332 3179 usus
362 3135 435 3179 sum
467 3115 500 3178 in
532 3116 594 3179 hac
623 3115 842 3197 disputatione
871 3115 995 3194 aliquot
1017 3113 1106 3191 locis,
1142 3113 1260 3194 quibus

36 3253 41 3263 ·
60 3219 198 3285 forsitan
220 3224 314 3303 putet
343 3223 415 3305 quis
438 3221 596 3286 utendum
621 3221 731 3286 luisse.
777 3221 867 3286 Raro
896 3219 1055 3302 exemplo,
1079 3219 1140 3284 sed
1162 3222 1259 3297 recte,

60 3327 214 3391 scribitur
236 3329 326 3410 apud
350 3328 414 3394 Cic.
440 3349 491 3410 ep.
515 3328 558 3392 ad
582 3327 672 3392 Brut.
696 3328 719 3406 I,
747 3329 797 3405 16,
821 3328 858 3392 4:
884 3327 977 3391 Nihil
999 3328 1081 3390 tardi
1102 3325 1177 3407 fuit,
1201 3346 1260 3410 quo

61 3433 265 3498 caederemus
285 3434 382 3516 fidem
404 3443 544 3499 nostram
569 3442 596 3498 et
619 3434 803 3512 libertatem,
827 3436 889 3499 hoc
913 3437 977 3498 est:
1002 3433 1091 3497 nulla
1108 3451 1160 3496 res
1178 3432 1261 3496 tanti

61 3539 132 3617 fuit,
157 3543 193 3603 ut
216 3545 400 3623 propterea.
438 3542 558 3606 Contra
582 3542 670 3622 quod
694 3542 800 3605 edItur
823 3542 912 3623 apud
936 3532 1088 3604 O‘ridium
1112 3539 1258 3621 (Heroid.

60 3647 114 3725 IX,
140 3648 160 3711 9
184 3652 217 3712 et
243 3648 312 3729 10):
348 3650 391 3711 At
414 3669 477 3711 non
499 3649 553 3710 ille
575 3649 657 3729 velit,
686 3650 738 3711 cui
752 3643 832 3729 'noa
861 3650 890 3710 si
918 3646 1068 3727 credatur,
1097 3666 1163 3708 unc
1189 3644 1258 3707 Non

59 3756 152 3835 tanti,
187 3762 222 3818 ut
249 3763 356 3820 lavatus
383 3756 587 3839 consauciare,
620 3754 695 3836 fuit,
731 3755 774 3818 ad
805 3757 986 3818 ceterorum
1015 3752 1259 3817 slmilitudinem
1332 3814 1335 3821 .

59 3861 150 3926 nullo
178 3863 276 3927 modo
305 3863 440 3928 accedit.
486 3861 581 3938 Nam,
616 3860 643 3924 si
677 3861 784 3942 priore
819 3860 1052 3944 significatione
1087 3860 1134 3924 uti
1170 3858 1258 3935 velis,

60 3968 226 4050 quidhoc
249 3973 308 4047 est,
336 3969 480 4033 noluisse
503 3968 612 4032 Iovem
636 3987 737 4031 unam
760 3973 889 4033 noctem
914 3968 1061 4050 accipere
1085 3986 1125 4031 ea
1149 3965 1260 4030 condi-

60 4076 163 4153 cione,
193 4081 229 4140 ut
252 4080 363 4140 tantus
386 4075 479 4139 fieret
501 4074 680 4139 Hercules?
709 4075 759 4138 siu
782 4075 896 4152 altera,
925 4094 990 4139 nou
1015 4075 1121 4137 minus
1146 4073 1260 4137 absur-

89 4337 112 4407 ¹)
131 4338 293 4408 [Commode
316 4341 462 4410 Siesbyeus
490 4347 632 4410 comparat
655 4342 736 4410 plane
759 4339 879 4394 similem
901 4337 1106 4407 significationis
1129 4336 1260 4407 anrbigui·

133 4436 218 4485 tatem
237 4430 266 4484 in
285 4447 325 4495 eo,
345 4431 419 4499 quod
438 4435 480 4484 est
496 4431 567 4483 nibet
584 4447 684 4494 moror,
703 4429 777 4498 quod
801 4428 901 4482 dicitur
919 4433 947 4481 et
965 4427 999 4481 de
1017 4427 1162 4482 commodo
1181 4432 1210 4480 et
1227 4427 1261 4480 de

133 4519 307 4575 incommodo
325 4519 487 4589 negligendo
505 4524 533 4574 et
551 4515 775 4585 contemnendo]
