2948 5206
699 302 764 367 743

125 500 184 565 loc
206 495 358 579 iraterest),
382 497 471 579 quod
493 517 596 580 genus
619 498 662 562 ab
685 498 841 563 hocloco
864 497 1098 562 alienissimum
1121 493 1217 580 est.¹)
1257 499 1331 565 Non

126 606 255 683 dubito,
280 606 357 687 quin
382 605 533 668 Halmius
556 603 590 669 in
612 603 696 669 libro
718 604 747 668 11
770 604 812 669 de
828 603 969 669 Divinat.
993 602 1012 685 ἕ
1035 604 1098 669 145
1121 609 1209 670 recte
1224 607 1329 689 scrip·

126 717 223 778 turus
246 714 299 788 sit,
330 715 367 775 ut
389 712 457 776 scio
480 711 514 775 in
537 710 703 776 codicibus
726 711 821 776 bonis
845 730 931 775 esse:
968 710 1201 776 Gubernatores
1235 733 1330 797 qaam

126 821 320 884 exsultantes
334 819 477 903 lolipiaes
492 817 650 899 viderunt,
673 824 883 901 tempestatem
898 816 1076 902 sipalfieam'
1085 825 1220 901 pataat3
1243 838 1330 883 nunc

126 926 238 991 editur
260 924 408 989 uiderint.
455 923 570 1008 (Video
593 943 680 988 nunc
703 925 736 987 in
759 923 900 989 editione
919 924 1149 989 Teubneriana
1169 925 1330 990 Klotzium

125 1037 218 1098 recte
241 1029 435 1113 scripsisse.)

218 1139 256 1215 11,
283 1139 324 1202 12
347 1137 437 1202 tenui
461 1157 545 1214 eam,
581 1155 680 1218 quam
710 1140 786 1218 post
808 1136 888 1202 alios
912 1141 1043 1202 secutus
1067 1157 1168 1216 eram,
1203 1141 1331 1204 coniec-

124 1250 238 1311 turam
262 1244 462 1327 (coniectura
493 1243 579 1307 enim
612 1241 674 1324 est)
702 1244 826 1326 paruit,
861 1245 928 1308 luit.
984 1243 1139 1308 Hesterno
1168 1244 1230 1321 die,
1264 1264 1331 1310 non

125 1353 217 1436 quod
241 1356 365 1417 certam
389 1354 512 1434 putem,
537 1349 596 1414 sed
620 1349 708 1445 quod
730 1349 946 1432 probabilem,
973 1351 1120 1416 oratione
1144 1354 1176 1415 et
1199 1354 1330 1415 senten-

127 1462 177 1525 tia
201 1459 416 1542 aptissimam,
451 1456 595 1538 vestigiis
623 1456 772 1520 codicum
803 1455 930 1540 (paruit
957 1459 1012 1543 qul
1039 1465 1074 1522 at
1101 1458 1243 1523 hesterno
1265 1457 1331 1538 die)

125 1586 195 1632 non
220 1566 298 1630 satis
323 1566 566 1646 congruentem.
600 1562 686 1626 Nam
709 1563 796 1645 quod
817 1563 978 1641 Halmius,
1002 1564 1128 1629 adscita
1150 1584 1330 1647 paucorum

125 1673 279 1738 codicum
303 1672 464 1754 scriptura
488 1690 528 1735 ex
551 1668 727 1733 manifesta
743 1670 942 1736 correctione
958 1675 1030 1736 orta
1046 1669 1184 1754 (paruit.
1226 1670 1333 1750 Quid?

131 1779 173 1844 Ut
196 1778 339 1843 hesterno
362 1778 414 1842 dte
437 1775 522 1859 cet),
548 1779 684 1841 conatus
708 1780 758 1840 est
781 1777 1040 1859 interpunctione
1062 1777 1133 1842 loco
1156 1778 1329 1842 subvenire

124 1905 269 1967 eumque
304 1885 347 1949 ad
381 1904 475 1949 suam
511 1882 552 1947 de
586 1883 701 1964 primae
729 1883 885 1948 orationis
919 1902 1094 1964 rerumque
1125 1902 1145 1947 a
1174 1882 1328 1948 Cicerone

123 1996 459 2057 commemoratarum
495 1994 642 2072 tempore
677 1991 874 2054 sententiam
909 1991 956 2054 ita
990 1990 1254 2066 accommodare,
1292 1994 1329 2054 ut

123 2099 233 2165 omnis
256 2098 484 2180 discrepantiae
507 2095 632 2178 species
655 2095 846 2161 aCicerone
861 2101 1093 2174 removeretur,
1117 2116 1183 2161 non
1203 2096 1327 2175 dubito,

123 2207 206 2288 quin
230 2206 277 2269 vir
301 2204 447 2288 egregius
471 2203 658 2268 admonitus
682 2202 776 2267 facile
799 2202 1024 2268 intellecturus
1047 2203 1098 2279 sit,
1125 2222 1224 2284 quam
1247 2203 1328 2268 inte·

122 2312 230 2377 liciter
251 2313 473 2377 narrationem
498 2312 586 2375 recte
610 2313 643 2372 et
666 2309 831 2391 eleganter
855 2329 914 2391 per
937 2312 1057 2392 gradus
1082 2329 1191 2373 rerum
1212 2328 1327 2391 proce·

123 2420 258 2484 dentem
282 2417 333 2500 (ut
354 2422 468 2483 notato
490 2420 639 2498 tempore
663 2419 695 2479 et
717 2415 765 2480 rei
788 2417 923 2498 agendae
947 2417 1048 2493 initio,
1081 2417 1197 2481 deinde
1229 2436 1328 2481 scena

125 2527 220 2609 quasi
244 2525 431 2601 constituta,
455 2528 526 2588 tum
550 2523 683 2588 demum
706 2525 779 2605 ipsa
794 2525 939 2589 narratio
955 2525 1151 2606 adiungatur
1171 2524 1328 2606 incipiens

124 2652 146 2696 a
170 2632 449 2697 demonstratione
483 2631 580 2695 huius
614 2630 878 2712 praeparationis:
917 2631 982 2696 Hic
1016 2632 1082 2716 epa)
1117 2630 1326 2713 perturbarit,

123 2757 229 2821 quum
251 2740 285 2803 in
309 2758 408 2802 unam
432 2737 604 2819 periodum
635 2737 745 2801 multis
774 2738 879 2802 modis
909 2737 1131 2803 incredibilem
1160 2737 1326 2802 conflaret.

123 2846 208 2910 Illud
236 2845 346 2922 miror,
382 2845 437 2927 qui
466 2864 542 2908 eum
571 2843 697 2925 fugerit,
734 2845 789 2925 qui
818 2844 864 2909 sic
893 2844 996 2909 dicat:
1038 2844 1077 2909 Ut
1099 2844 1241 2908 hesterno
1265 2844 1326 2925 die,

124 2972 222 3038 qaum
240 2973 333 3035 pane
356 2951 538 3033 interfectas
561 2970 667 3032 essem,
691 2957 834 3014 senatum
857 2952 892 3014 in
916 2951 1013 3015 aedem
1038 2950 1124 3015 Iovis
1152 2953 1326 3031 convocavi,

125 3093 169 3103 -
193 3060 324 3144 quanm
346 3079 367 3121 a
392 3057 533 3121 Catilina
556 3055 631 3137 (etsi
653 3076 750 3121 nemo
773 3057 819 3120 sic
842 3057 885 3121 ab
910 3065 944 3121 ut
966 3077 1098 3123 orsurus
1119 3061 1199 3134 erat,
1224 3076 1325 3138 quum

124 3166 330 3231 occasionem
356 3169 389 3228 et
418 3163 596 3245 primordia
623 3162 671 3225 rei
698 3162 872 3226 narrandae
900 3161 1120 3245 significaret),
1156 3182 1230 3227 eum
1260 3182 1326 3227 non

124 3273 234 3336 minus
258 3276 381 3353 aperte,
406 3290 504 3351 quam
529 3269 585 3351 qui
607 3268 653 3332 sio
678 3268 781 3332 dicat:
806 3267 962 3333 Hesterno
979 3270 1041 3351 die,
1065 3289 1160 3354 qaam
1180 3304 1220 3314 -
1233 3290 1326 3353 paene

123 3378 309 3461 interfectas
332 3398 438 3458 essem,
461 3384 605 3440 senatum
622 3376 796 3451 convocavi,
820 3375 934 3440 mortis
951 3376 1131 3458 periculum
1149 3376 1182 3440 in
1198 3376 1326 3441 hester-

124 3505 207 3550 num
242 3486 330 3549 diem
366 3483 523 3548 conterre.
578 3481 746 3545 Sententia
781 3481 868 3546 enim
902 3501 962 3564 per
995 3503 1090 3567 qaam
1123 3482 1324 3564 interposita,

125 3593 283 3675 quoniam
307 3591 430 3655 nullam
453 3589 556 3654 habet
578 3588 650 3670 ipsa
674 3588 830 3670 temporis
845 3593 968 3665 notam,
993 3593 1132 3671 utroque
1147 3589 1245 3654 modo
1263 3589 1325 3653 sub

124 3718 211 3776 eam,
240 3718 314 3780 quae
337 3697 502 3780 praecedit,
532 3696 629 3760 cadit.
675 3695 869 3760 Desinemus
892 3696 990 3777 igitur
1013 3714 1062 3773 ea,
1092 3716 1165 3777 quae
1188 3696 1325 3778 integer-

124 3807 210 3870 rima
233 3809 319 3883 sunt,
343 3804 488 3868 lacerare
511 3803 759 3884 litterarumque
783 3804 838 3887 qui
859 3810 894 3866 ut
917 3822 992 3867 earn
1009 3822 1195 3885 quaeramus
1213 3822 1325 3867 emen·

124 3911 303 3988 dationem,
338 3931 412 3992 quae
447 3909 643 3974 sententiam
679 3909 721 3973 ab
754 3908 909 3973 Hesterno
943 3909 996 3973 die
1023 3909 1231 3991 incipientem
1260 3929 1326 3974 non

124 4018 276 4099 attingat.
322 4017 452 4081 Fuitne:
472 4017 586 4100 paruit
609 4023 700 4101 atque
722 4017 788 4092 tait,
813 4019 850 4080 ut
872 4017 906 4081 in
921 4017 1060 4100 repetita
1076 4016 1186 4080 littera
1209 4013 1325 4097 ttieat)

124 4123 236 4189 mendi
261 4124 384 4188 initium
410 4117 508 4204 sit?²)

154 4332 177 4402 ¹)
196 4337 251 4390 Sua
271 4336 365 4405 regula
382 4337 410 4389 in
430 4336 550 4390 secunda
568 4351 686 4404 persona
709 4335 824 4389 subiecti
842 4333 898 4389 llcti
917 4334 970 4388 dici
989 4333 1163 4388 coniunctim
1181 4333 1277 4387 modo:
1300 4336 1327 4386 at

198 4443 299 4493 aquam
316 4425 423 4492 liberta
442 4426 537 4479 matio
553 4425 592 4491 fit,
611 4440 667 4477 non
686 4423 788 4478 Halmii
807 4439 890 4477 causa
909 4423 978 4477 dico.
1070 4464 1072 4469 .

154 4511 177 4580 ¹)
196 4515 228 4577 ll,
248 4513 265 4566 5
283 4530 338 4567 non
358 4530 441 4567 ausus
465 4530 528 4567 sum
551 4529 601 4582 pro
629 4530 663 4566 ex
690 4510 853 4576 (Gallicanis
880 4509 1038 4580 homnibus)
1065 4510 1231 4564 substituere
1253 4527 1324 4578 pra,

198 4602 249 4657 etsi
267 4599 429 4656 durissimus
447 4602 560 4656 ablativi
578 4618 646 4656 usus
665 4606 714 4656 ast
