2948 5206
698 317 764 384 665

121 512 220 580 binas
243 514 413 580 centurias
434 513 607 591 haberent,
639 512 673 578 in
695 514 774 596 ipsis
798 512 957 591 centuriis,
975 511 1130 577 classium
1154 511 1331 578 discrimen

122 622 229 687 scrisse
250 624 420 697 statuunt:
440 622 552 703 itaque
574 619 689 685 Cicero
712 623 825 685 narrat
847 619 989 702 primum
1008 619 1237 701 praerogativae
1252 636 1330 684 cen·

122 729 223 795 turioe
250 727 454 793 sortitionem
481 727 604 792 iactam
640 730 859 809 eventumque
894 725 1071 791 sortitionis
1106 726 1329 792 renuntiatum

123 854 212 912 esse3
236 834 354 899 deinde
377 833 603 917 praerogativae
626 832 783 898 centuriae
804 834 944 915 primam
969 833 1110 897 classem
1127 832 1213 898 intro
1229 853 1327 900 voca·

122 944 193 1007 turn
217 941 372 1023 suffragia
395 944 551 1006 consueto
579 959 671 1004 more
702 939 824 1017 tulisse,
859 943 931 1005 tum
961 939 1141 1004 secundam
1172 939 1330 1017 classem3

122 1048 177 1113 hic
199 1047 333 1113 demmn
356 1048 536 1113 Antonium
561 1046 784 1112 obnuntiasse.
829 1046 942 1111 Prima
970 1046 1075 1111 classe
1104 1048 1221 1110 vocata
1249 1065 1328 1111 nec-

123 1154 204 1219 dum
227 1152 391 1236 suffragiis
413 1155 488 1220 latis
510 1153 599 1219 nulla
619 1153 819 1219 renuntiatio
834 1152 967 1235 intelligi
984 1155 1111 1234 potest3
1134 1171 1198 1216 vox
1213 1173 1330 1217 recun-

122 1263 228 1325 tc'otsr
248 1280 289 1325 ex
312 1261 478 1343 superiore
501 1279 597 1325 versu
621 1278 730 1326 errore
754 1260 786 1324 in
802 1259 889 1325 hunc
904 1260 1011 1325 locum
1028 1258 1168 1340 irrepsit.
1202 1257 1323 1341 (Quam

123 1369 243 1451 exigua
264 1386 342 1450 pars
364 1367 594 1450 suffragiorum
618 1370 651 1432 et
674 1366 878 1432 comitiorum
908 1369 1043 1449 peracta
1072 1365 1180 1443 fuerit,
1215 1365 1323 1432 decla·

122 1477 199 1540 rant
221 1473 338 1539 verba:
362 1474 470 1537 manin
493 1473 585 1537 citius
605 1472 707 1555 facto,
731 1492 826 1558 quam
849 1469 943 1554 diui.)
987 1470 1068 1554 [Cir.
1093 1491 1168 1554 quae
1191 1473 1327 1556 exposui

122 1582 156 1647 in
179 1599 281 1664 opere
303 1580 344 1645 de
367 1579 523 1645 institutis
545 1579 592 1644 rei
616 1579 757 1661 publicae
779 1578 969 1645 Romanael
992 1599 1024 1661 p.
1044 1578 1108 1643 119
1132 1579 1183 1645 ed.
1200 1579 1326 1663 Germ]

211 1686 261 1751 De
290 1686 406 1751 ceteris
441 1686 642 1751 orationibus
676 1689 805 1750 tantum
841 1686 916 1763 dixi,
952 1688 1113 1768 qnantum
1146 1685 1223 1751 huic
1256 1687 1329 1754 loco

123 1794 204 1860 setis
228 1812 302 1859 esse
323 1797 421 1875 puto;
455 1794 551 1856 renio
578 1792 622 1857 ad
653 1791 870 1870 Catilinarias‚
906 1811 987 1875 quas
1016 1792 1150 1874 seposui
1178 1813 1327 1858 seorsum

118 1899 442 1973 commemorandas.
477 1899 542 1963 Eas
565 1897 715 1976 Orethus,
740 1918 842 1981 quum
865 1899 932 1964 iarn
951 1899 1180 1964 Steinmetzius
1203 1900 1328 1983 aliquot

124 2006 266 2090 insignes
289 2007 468 2089 scriptmas
492 2025 510 2071 e
534 2005 701 2071 codicibus
732 2005 869 2089 egregiis
900 2006 1137 2088 Tegernseensi
1166 2010 1200 2071 et
1227 2007 1329 2072 Salis-

123 2111 280 2196 burgensi
303 2112 382 2195 (non
406 2133 455 2193 eo,
491 2113 546 2195 qui
575 2114 609 2177 in
638 2112 810 2195 Ligariana
838 2117 872 2178 et
894 2112 1105 2178 Deiotariana
1127 2133 1328 2179 commemo-

124 2224 217 2285 ratus
251 2224 310 2293 est,
346 2219 406 2284 sed
436 2218 500 2285 alio
528 2219 724 2300 antiquiore)
752 2220 950 2302 protulisset,
986 2222 1074 2284 totas
1108 2219 1152 2283 ad
1186 2219 1326 2285 eundem

125 2326 268 2391 codicem
308 2326 586 2408 Tegernseeusern
627 2330 660 2391 et
698 2327 742 2391 ad
780 2326 1064 2409 Rhenaugiensem
1110 2326 1233 2408 exegit,
1273 2325 1326 2389 cui

123 2430 266 2498 Klotzius
300 2433 466 2499 successit.
514 2433 580 2498 Sed
615 2452 733 2516 parum
767 2433 1036 2498 animadversum
1071 2431 1213 2508 videtur,
1249 2450 1324 2513 quae

121 2544 209 2605 esset
234 2540 287 2604 hic
309 2540 417 2605 cautio
441 2540 638 2605 adhibenda.
684 2540 769 2603 Nam
792 2539 844 2603 hae
867 2539 1044 2615 orationes,
1073 2558 1148 2621 quae
1175 2537 1250 2602 inde
1278 2539 1322 2602 ab

119 2647 332 2729 antiquorum
355 2647 523 2713 rhetorum
547 2651 581 2712 et
603 2646 890 2730 grammaticorum
913 2649 1013 2710 oetate
1039 2645 1072 2708 in
1104 2644 1223 2710 scholis
1250 2664 1324 2726 reg·

117 2758 255 2831 nerunt,
278 2754 361 2820 adeo
385 2774 475 2837 saepe
498 2755 702 2836 transcriptae
725 2757 812 2831 sunt,
841 2756 878 2817 ut
906 2752 1032 2818 codices
1057 2752 1156 2817 etiam
1179 2753 1324 2834 peranti-
1343 2771 1381 2812 an

117 2862 177 2945 qui
212 2865 324 2926 tamen
366 2862 469 2927 rnnlto
502 2861 649 2944 pluribus
683 2860 839 2943 gradibus
873 2859 916 2925 ab
951 2859 1074 2942 origine
1110 2859 1227 2924 remoti
1261 2857 1327 2922 sint

116 2986 224 3051 quarn
248 2969 282 3032 in
304 2968 376 3033 aliis
400 2968 510 3032 multis
533 2968 735 3033 orationibus
758 2967 903 3031 eiusdem
926 2966 1043 3043 aetatu,
1066 2965 1241 3048 pluresque
1258 2964 1325 3029 iarn

117 3074 177 3140 illo
208 3077 358 3156 ternpore
387 3074 683 3157 interpretamentis
713 3074 1030 3155 correctionibusque
1065 3071 1186 3137 menda
1219 3069 1325 3135 occul·

115 3180 271 3246 tentibus
295 3181 498 3263 aliquantum
522 3181 690 3264 depravati
716 3184 819 3257 erant,
843 3200 907 3262 quo
931 3183 1058 3244 ceteros
1083 3198 1122 3242 ea
1146 3177 1237 3241 labes
1258 3195 1325 3241 non

117 3287 168 3352 ita
192 3287 333 3352 multum
356 3290 519 3371 attigerat.
554 3288 724 3354 Postremo
746 3288 818 3351 haec
841 3285 1048 3368 interpolatio
1071 3284 1198 3350 codices
1225 3286 1324 3347 state

120 3396 155 3459 et
179 3392 327 3459 bonitate
351 3394 538 3459 coniunctos
561 3394 608 3458 ita
630 3395 710 3459 alios
734 3395 805 3459 aliis
829 3395 905 3459 locis
929 3393 1058 3467 invasit,
1088 3392 1181 3455 utin
1203 3408 1324 3471 magua

120 3499 335 3565 similitudine
360 3504 470 3566 tamen
493 3521 558 3566 non
582 3500 694 3566 leviter
717 3503 882 3566 interdurn
905 3499 1093 3580 discrepent
1115 3516 1176 3561 nec
1194 3495 1326 3560 uniant

121 3606 253 3672 duobus
276 3606 375 3671 fidem
399 3606 551 3672 addicere
574 3606 679 3685 liceat,
711 3608 770 3671 sed
793 3607 949 3683 omnium,
986 3604 1042 3689 qui
1065 3603 1323 3670 recentissimam

120 3713 394 3796 depravationem
416 3717 514 3779 aetate
538 3713 722 3789 excludunt,
754 3713 938 3779 testimonia
963 3709 1109 3796 conquiri
1133 3714 1166 3776 et
1189 3726 1323 3791 compa-

119 3817 188 3884 rari
213 3814 372 3896 debeant;
407 3820 440 3885 in
472 3840 537 3902 qua
560 3840 596 3884 re
618 3820 793 3885 molestum
817 3826 876 3899 est,
909 3822 997 3902 quod
1020 3816 1138 3885 codicis
1162 3818 1323 3900 praestan·

119 3924 240 3990 tissimi
264 3925 472 3999 Coloniensis,
497 3946 562 4008 quo
585 3927 712 3991 Modins
735 3930 768 3991 et
791 3927 971 3992 Gulielmus
994 3927 1042 3992 usi
1061 3929 1147 4002 sunt,
1172 3927 1207 3988 et
1222 3923 1323 3988 Salis·

119 4031 297 4114 burgensis
319 4036 368 4097 tot
397 4033 474 4098 locis
502 4033 671 4116 scripturae
699 4033 897 4114 ignorantur.
907 4030 933 4114 ¹)
987 4034 1071 4098 Nam
1103 4032 1163 4096 etsi
1195 4029 1321 4095 codices

120 4138 378 4221 Tegernseensis
412 4142 445 4203 et
475 4140 734 4223 Rhenaugiensis
765 4140 1025 4222 praestantissimi
1054 4140 1140 4217 sunt,
1176 4136 1322 4219 Tegern·

150 4402 174 4472 ¹)
193 4402 278 4473 [Cum
297 4405 337 4468 iis,
356 4420 418 4474 quae
436 4406 480 4459 hic
498 4406 676 4475 proximeque
694 4405 817 4475 exposita
834 4410 906 4469 sunt,
926 4405 1110 4469 conserantur,
1128 4416 1191 4473 qum
1208 4416 1242 4456 ex
1256 4416 1322 4470 pne

195 4494 299 4549 latione
318 4500 423 4563 quarite
441 4496 595 4549 orationum
614 4497 777 4549 selectarum
792 4494 918 4548 editionis
932 4501 1060 4564 excerpta
1073 4493 1125 4548 sub
1141 4492 1225 4546 linem
1240 4489 1322 4544 huius

195 4583 345 4637 voluminis
363 4580 545 4649 adiicientur.]
