2948 5206
690 345 753 410 261

157 542 262 607 brorum
283 541 425 622 corrupti
454 540 515 605 loci
544 541 772 605 examinentur
800 539 1012 622 codicumque
1040 539 1176 622 vestigia
1203 544 1319 605 noten-

159 651 207 725 tur,
224 646 395 730 complures
418 647 539 713 similes
563 649 730 730 repertum
747 645 809 728 iri),
833 646 930 712 simul
953 665 1106 728 magnam
1130 645 1196 711 vim
1219 646 1320 711 habet

162 753 193 817 ud
216 754 301 818 aliam
335 756 551 837 quaestionem
586 754 627 819 de
662 753 801 818 Lucretii
841 752 985 817 carmine
1019 756 1153 817 motam.
1211 753 1320 832 Quum

132 882 135 893 ·
163 861 223 924 enim
240 881 277 925 ex
297 880 348 939 eo,
372 861 462 943 quod
483 861 688 944 grammatici
711 860 835 942 aliquot
858 860 993 941 antiqui,
1023 860 1165 923 maxime
1189 860 1321 942 quidem

164 964 258 1032 Servius
280 987 319 1033 eo
344 967 452 1046 modo,
486 972 524 1033 ut
552 969 669 1033 erroris
698 969 731 1031 et
759 965 956 1032 confusionis
984 965 1152 1030 nominum
1180 966 1320 1049 suspicio

165 1072 268 1152 tollatur,
301 1093 417 1139 versus
447 1075 606 1157 quosdam
630 1072 770 1139 Lucretii
799 1075 1065 1151 commemorant,
1101 1072 1156 1156 qui
1178 1074 1321 1138 nuncin

164 1176 206 1242 boc
222 1180 353 1245 carmine
376 1199 443 1245 non
466 1184 606 1259 exstant,
634 1180 714 1246 satis
744 1183 917 1259 constaret,
952 1179 1114 1263 pleniores
1138 1199 1194 1246 eos
1216 1181 1321 1245 habu·
1335 1199 1374 1240 un

164 1284 208 1349 isse
219 1286 333 1352 codices
349 1286 500 1366 Lucretii,
516 1306 617 1369 quam
632 1286 735 1353 nostri
752 1290 838 1365 sunt,
854 1287 895 1351 de
916 1274 1042 1369 duplici*
1054 1285 1151 1352 buius
1168 1285 1321 1352 carminis

164 1392 312 1458 nonime
347 1395 484 1476 antiqua
518 1393 658 1476 suspicio
692 1398 764 1459 orta
799 1396 858 1472 est,
894 1413 994 1475 quam
1028 1394 1214 1476 opinionem
1247 1395 1322 1475 post

164 1493 372 1565 dicbstcedtium
401 1499 448 1582 (in
471 1500 745 1566 commentatione
768 1500 809 1564 de
833 1501 960 1565 Lucret.
984 1499 1040 1565 vit.
1065 1503 1098 1564 et
1120 1519 1221 1565 carm.
1245 1503 1321 1564 ante

164 1604 211 1670 dus
231 1604 414 1690 editionem)
448 1626 553 1689 nuper
586 1606 741 1690 Forbiger
775 1606 822 1690 (in
855 1607 1074 1671 dissertatione
1107 1606 1146 1671 de
1180 1606 1324 1671 Lucretii

162 1715 266 1779 anniae
293 1737 313 1778 a
342 1715 494 1798 emptore
522 1715 653 1778 serioris
687 1714 790 1778 oetotio
817 1713 919 1778 denuo
946 1711 1156 1797 pertractato)
1190 1714 1237 1779 ita
1265 1733 1321 1778 ex·

162 1834 246 1885 ornare
276 1821 415 1899 studuit,
455 1823 493 1885 ut
525 1824 638 1885 tamen
671 1819 755 1885 illius
791 1820 987 1885 recensionis
1021 1839 1128 1902 neque
1162 1821 1322 1885 rationem

162 1938 236 2006 licque
256 1947 372 1993 causas
404 1928 484 1992 satis
512 1927 698 2010 explicaret.
744 1926 813 1990 lam
847 1930 959 1991 autern
993 1929 1095 2009 patet,
1130 1925 1200 1991 illos
1235 1927 1322 1992 locos

162 2026 300 2101 boosbm
324 2034 491 2115 codicibus
519 2037 652 2116 propter
680 2033 820 2098 eandem
848 2053 983 2099 causam
1012 2033 1189 2098 desiderari
1224 2035 1323 2115 atque

115 2150 118 2221 ;
162 2150 208 2215 cos,
233 2161 366 2223 quorum
396 2140 488 2206 initia
516 2144 574 2206 aut
602 2141 707 2205 exitus
735 2160 906 2223 superesse
930 2141 1088 2218 videmus,
1123 2159 1224 2221 quum
1248 2140 1322 2205 reli·

163 2258 208 2320 qua
230 2248 419 2331 exciderint,
454 2250 588 2330 propter
622 2249 691 2311 eius
726 2246 859 2327 codicis,
900 2267 940 2312 ex
974 2267 1039 2330 quo
1074 2266 1187 2312 omnes
1221 2247 1323 2312 nostri

163 2342 224 2415 duco
239 2357 323 2434 sunt,
360 2354 593 2420 condicionem.
639 2353 736 2418 Velut
763 2353 851 2435 quod
874 2353 1006 2419 Servius
1030 2353 1073 2418 ad
1095 2353 1182 2436 Virg.
1206 2352 1322 2435 Georg.

164 2448 238 2531 fleti
263 2480 335 2543 sqq.
365 2464 399 2525 et
426 2460 468 2525 ad
491 2460 616 2525 AEneid.
640 2460 691 2539 VI,
722 2461 787 2525 625
810 2481 881 2543 sqq.
906 2458 993 2542 (Non
1021 2480 1075 2545 eqo
1105 2467 1216 2525 euecta
1246 2461 1324 2524 meis

115 2584 118 2631 l
166 2565 272 2647 carleol
301 2566 443 2631 omnbus
470 2574 549 2650 opto,
586 2565 668 2649 Non,
703 2567 783 2630 eniti
810 2569 839 2631 ai
867 2569 984 2652 linquoe
1012 2574 1133 2632 centena
1160 2567 1223 2631 sint
1250 2586 1322 2629 orc-

115 2640 119 2773 ι
166 2686 203 2746 pc
226 2680 356 2755 oentunr,
393 2672 513 2736 Ferrea
547 2692 606 2735 coc
640 2670 715 2755 cet.)
750 2673 876 2753 scribit,
918 2675 1057 2765 Lucretii
1092 2693 1164 2738 esse
1198 2692 1321 2751 versus

167 2775 204 2838 scd
220 2797 284 2844 eum
309 2800 442 2844 aeneam
469 2800 580 2857 nocero,
605 2800 671 2844 non
698 2779 841 2861 ferrea-m
872 2780 990 2857 dicere,
1025 2781 1233 2862 perspicuum
1262 2788 1321 2857 est,

167 2874 313 2952 huiusmodi
337 2905 451 2951 versus
480 2885 601 2967 optime
634 2886 740 2950 locum
773 2886 896 2951 habere
926 2888 1072 2968 potuisse
1103 2886 1137 2950 in
1164 2887 1213 2964 iis,
1249 2905 1323 2968 quae

169 2992 217 3053 ute
233 3013 259 3057 r.
281 2994 348 3058 610
376 2992 449 3056 libri
478 2994 561 3057 sexti
593 2993 750 3057 excidisse
781 2992 857 3071 dixi,
892 2983 991 3075 poeta
1020 2994 1064 3057 ad
1092 2992 1323 3057 miraculorum

168 3098 243 3163 unu
278 3098 488 3165 diversissimi
527 3099 654 3181 generis
696 3100 855 3164 rationem
895 3099 1097 3164 reddendam
1137 3100 1322 3164 accedente.

168 3193 249 3268 lerum
282 3205 381 3270 simul
414 3205 476 3270 hac
510 3209 622 3270 nostra
662 3206 881 3289 disputatione
921 3206 1015 3287 quasi
1056 3205 1160 3271 obiter
1199 3206 1323 3288 aliquot

170 3312 285 3393 erempbs
321 3312 431 3395 aliqua
466 3331 506 3376 ex
540 3316 633 3393 parte
668 3313 871 3395 patefactum
906 3331 977 3376 esse
1012 3314 1107 3393 puto,
1143 3313 1247 3394 qualis
1281 3313 1323 3376 sit

168 3409 232 3481 lubus
262 3418 357 3484 huius
393 3417 545 3482 carminis
580 3419 690 3483 critica
725 3418 884 3497 condici0,
926 3437 1091 3501 quamque
1125 3418 1260 3495 frustra,
1296 3418 1323 3481 si

167 3525 323 3594 uurbsima
358 3524 524 3606 exceperis
559 3529 592 3589 et
615 3525 693 3589 iere
728 3527 864 3603 minuta,
899 3526 1096 3590 recentiores
1123 3525 1184 3588 sibi
1211 3526 1322 3606 gratu·

167 3617 202 3688 llll
223 3632 280 3696 sint
309 3632 350 3697 de
381 3633 451 3696 eius
483 3631 722 3710 emendatione,
758 3652 859 3715 quum
890 3634 1011 3714 partim
1041 3652 1102 3714 pro
1133 3630 1323 3696 coniecturis

115 3730 117 3823 ξ
165 3725 276 3802 tannim
318 3741 352 3803 et
393 3738 532 3803 aliorum
581 3738 826 3803 substituissent
872 3758 938 3803 non
981 3739 1089 3803 minus
1131 3738 1322 3803 auctoritate

115 3830 117 3837 ’
162 3833 282 3909 destituta
316 3848 350 3909 et
385 3845 487 3910 multo
522 3846 635 3926 peiora
670 3849 854 3910 commenta
889 3845 1073 3924 hominum,
1116 3844 1170 3926 qni
1203 3843 1323 3909 saeculo

156 3940 198 4007 XV
230 3951 467 4016 recentissimos
510 3951 637 4017 codices
679 3950 933 4033 interpolarunt,
976 3953 1095 4033 partim
1138 3950 1324 4033 simpliciter

154 4054 284 4138 tauquam
308 4076 391 4123 sana
414 4056 638 4123 defendissent
660 4061 692 4123 et
721 4058 854 4140 intelligi
882 4078 978 4139 posse
1005 4062 1177 4139 putassent
1202 4056 1323 4122 menda

146 4161 273 4229 codicum
308 4164 510 4242 communia,
546 4184 680 4229 sensum
714 4164 839 4228 nullum
874 4164 1045 4242 habentia,
1081 4185 1155 4247 quae
1189 4167 1323 4229 eatenus

143 4270 254 4335 lantum
289 4291 364 4336 cum
400 4270 615 4353 corruptionis
649 4275 728 4336 nota
763 4271 948 4336 revocanda
982 4276 1090 4350 erant,
1132 4273 1182 4348 ut,
1221 4289 1323 4352 quum

135 4381 217 4442 certa
253 4377 441 4443 emendatio
479 4397 545 4443 non
585 4381 788 4460 suppeteret,
831 4396 872 4441 ne
915 4377 1102 4442 luderemur
1143 4375 1322 4442 temerariis
1338 4395 1376 4436 crs

131 4484 330 4550 coniecturis.
395 4484 503 4567 Atque
541 4484 637 4549 huius
676 4483 803 4567 generis
843 4483 904 4548 loci
944 4484 1036 4549 multi
1076 4483 1197 4566 ubique
1236 4484 1321 4560 sunt,
