2948 5206
628 331 693 395 589

53 521 237 587 inhaere
266 524 433 600 molestiae,
469 524 567 604 quod,
603 543 704 606 quum
737 543 856 607 magna
887 544 963 607 pars
991 529 1257 608 argumentorum

54 628 189 694 illomm
212 629 539 712 testimoniorumque
567 629 669 695 refelli
697 635 810 695 nostra
839 638 936 696 aetate
964 652 1030 696 non
1058 632 1180 697 debeat
1207 631 1257 715 (ut

56 737 262 817 comparatio
284 735 339 800 illa
363 736 549 813 verborum,
573 736 748 819 inquibus
772 740 804 801 et
827 737 998 802 materiam
1023 740 1160 804 affectus
1179 758 1255 803 sen·

55 844 162 907 tentia
184 843 310 908 infinita
334 846 367 906 et
390 862 523 908 causam
547 843 707 925 particula
730 844 812 928 quod
827 844 1008 926 sipiificare
1023 843 1120 925 licet),
1145 851 1256 910 tamen

56 949 197 1028 nescias,
225 948 304 1032 quid
326 952 397 1014 tuto
421 948 526 1014 omitti
549 950 661 1031 possit.
707 949 890 1027 Praestabit,
920 952 1043 1032 opinor,
1073 953 1106 1015 in
1129 955 1257 1034 partem

56 1056 214 1120 tutiorem
245 1075 391 1139 peccare.
444 1057 590 1121 Primum
621 1056 733 1138 igitur,
769 1056 867 1120 etiam
898 1075 919 1121 a
949 1057 1110 1139 Zumptio,
1145 1059 1258 1125 Cicero

57 1162 180 1227 citatur
206 1165 308 1241 testis,
343 1164 399 1245 qui
427 1163 467 1227 de
500 1162 593 1227 Offic.
616 1163 655 1238 ll,
684 1163 736 1239 20,
767 1163 810 1227 70
838 1162 980 1245 scripsit:
1022 1163 1259 1250 Videndumque
1271 1182 1310 1222 aar

55 1267 142 1331 iliud
166 1276 219 1349 ast,
254 1268 346 1355 quad,
380 1271 610 1354 aiopaalantam
631 1269 890 1354 fortunatumque
912 1270 1103 1351 defenderis,
1138 1273 1173 1335 in
1195 1292 1258 1335 arao

56 1374 113 1438 illa
137 1382 244 1439 raanat
263 1377 389 1460 pratia3
417 1377 450 1441 in
474 1396 538 1459 quo
561 1377 632 1441 loco
655 1395 755 1457 quum
781 1375 823 1439 ad
846 1395 1026 1457 pronomen
1049 1377 1131 1441 illud
1153 1381 1259 1443 atten-

57 1480 189 1546 dendus
217 1487 288 1547 erat
315 1484 444 1548 animus
472 1488 543 1548 tum
573 1482 616 1555 ad
638 1481 850 1546 indicativum
873 1484 965 1547 verbi
990 1483 1135 1559 modurn,
1171 1485 1258 1567 quod

58 1587 151 1653 modi
175 1587 349 1653 discrimen
372 1590 491 1654 mirum
515 1588 656 1654 estsere
680 1588 722 1652 ab
746 1588 794 1664 iis,
825 1588 880 1669 qui
903 1589 988 1653 hanc
1011 1610 1080 1655 rem
1104 1595 1256 1668 tractant,

57 1693 194 1777 negligi,
218 1713 258 1758 ex
280 1699 420 1778 utroque
443 1696 530 1760 enim
552 1700 654 1778 patet,
678 1694 772 1776 longe
792 1680 890 1759 ‘aliter
912 1699 1108 1762 sententiam
1129 1696 1258 1764 aCice·

59 1819 140 1865 rone
164 1801 275 1865 animo
305 1802 576 1884 comprehensam
605 1820 687 1878 esse,
723 1802 811 1864 acsi
835 1800 984 1867 dixisset:
1019 1804 1179 1868 sciendum
1203 1813 1256 1885 eat,

58 1926 190 1970 mame
210 1909 368 1992 qratiam
391 1927 457 1971 non
480 1909 567 1973 enim
590 1911 652 1974 hoc
675 1928 696 1973 a
718 1928 754 1971 se
777 1907 897 1989 promit
914 1909 1026 1975 Cicero
1049 1910 1194 1991 aliosque
1212 1911 1257 1976 ila

60 2031 133 2079 esse
156 2012 262 2092 docet,
297 2014 355 2078 sed
382 2033 451 2078 rem
480 2018 593 2079 notam
622 2019 656 2079 et
683 2034 870 2080 concessam
901 2013 1035 2096 (factam
1063 2036 1149 2080 nunc
1179 2017 1257 2081 dici-

60 2117 148 2200 mus)
183 2118 379 2183 considerari
415 2119 515 2184 iubet.
561 2121 675 2203 ltaque
710 2123 782 2184 orta
816 2124 867 2184 est
896 2122 1051 2186 orationis
1082 2122 1187 2187 tonna
1217 2143 1258 2188 ex

62 2225 227 2293 communi
250 2245 312 2289 usu
335 2227 502 2309 particulae
525 2226 616 2311 qaod,
651 2246 753 2308 quum
782 2226 828 2290 sic
855 2246 907 2291 res
935 2227 1023 2293 lacta
1045 2228 1186 2310 ponitur,
1221 2233 1258 2294 ut

63 2330 102 2395 de
125 2350 166 2395 ea
189 2330 312 2413 aliquid
336 2331 473 2397 dicatur.
519 2333 656 2398 Prorsus
678 2332 775 2414 igitur
804 2333 918 2397 eodem
942 2334 1040 2399 modo
1063 2334 1191 2417 scripsit
1215 2335 1257 2399 ad

63 2436 152 2503 Fam.
176 2437 228 2515 llI,
252 2439 283 2513 8,
308 2438 344 2502 6:
368 2439 422 2501 Aa
444 2438 524 2501 milri
546 2439 585 2502 dc
607 2446 635 2502 ta
658 2438 739 2501 nita
762 2459 825 2502 asae
848 2439 965 2503 dictum
984 2461 1128 2525 utiquam
1141 2442 1260 2525 paras?

64 2564 100 2609 aa
133 2544 189 2608 lrac
223 2545 360 2630 quidem,
394 2544 486 2629 quad,
521 2566 615 2629 quum
649 2566 698 2608 mc
733 2544 925 2609 Laodiceam
959 2549 1065 2610 venire
1099 2548 1256 2628 valuisses,

70 2649 211 2715 Taurum
233 2652 300 2734 ipae
322 2652 488 2715 transisti?
518 2652 590 2715 Non
606 2651 783 2715 indicatum
808 2652 870 2715 sibi
893 2655 955 2717 hoc
978 2654 1140 2735 ignoranti
1162 2654 1258 2736 signi·

66 2754 147 2835 licat,
181 2758 241 2822 sed
268 2776 339 2822 rem
361 2762 472 2821 notam
498 2761 530 2822 et
553 2758 736 2822 confessam
761 2764 1049 2824 commemoratam
1074 2780 1146 2825 esse
1170 2761 1259 2842 apud

68 2881 107 2928 se.
142 2863 334 2945 Eademque
357 2872 405 2928 est
429 2865 512 2928 ratio
536 2864 618 2928 alius
634 2864 797 2929 Ciceronis
821 2865 881 2929 loci
904 2867 937 2929 in
960 2866 1043 2931 libro
1067 2867 1079 2930 l
1104 2868 1145 2931 de
1162 2869 1257 2950 Legg.

132 3166 203 3234 Aug.
215 3164 251 3217 43
269 3168 387 3229 (tuntum
404 3173 434 3218 ut
452 3167 607 3231 aataadcrct,
626 3166 767 3231 quoderat
786 3165 903 3231 bipedali
914 3163 1013 3231 minor)
1032 3168 1103 3234 quad
1121 3168 1258 3220 causalem

132 3252 360 3322 significationem
380 3252 489 3307 habere.
526 3251 645 3306 Omnino
663 3269 800 3321 nusquam
820 3253 911 3306 minus
934 3253 1103 3308 Perizonium
1128 3271 1258 3323 agnoscas

133 3358 218 3411 quam
237 3341 266 3395 in
285 3340 332 3395 illo
350 3356 440 3409 opere,
460 3341 599 3394 communi
612 3341 685 3395 illius
697 3342 784 3394 aetatis
797 3341 871 3406 vitio,
890 3342 971 3410 quod,
990 3344 1113 3410 neglecta
1125 3343 1258 3396 sermonis

132 3430 161 3484 in
180 3446 229 3483 ore
247 3429 392 3483 hominum
411 3429 527 3483 viventis
546 3430 784 3498 contemplatione,
812 3431 881 3484 adeo
904 3447 1079 3485 communem
1104 3431 1163 3484 eius
1182 3436 1258 3484 natu·

132 3535 194 3572 ram
212 3518 385 3588 ignorabant,
404 3523 443 3583 ut,
462 3517 485 3571 si
503 3518 577 3572 ultra
595 3518 783 3588 exemplorum
802 3520 989 3573 collectionem
1009 3520 1132 3590 progredi
1149 3521 1259 3583 vellem,

133 3608 229 3661 omnia
247 3606 454 3661 contunderent.
484 3607 545 3660 Alia
563 3608 669 3661 ratione
688 3613 715 3660 et
734 3609 768 3661 ad
787 3609 905 3677 speciem
925 3610 1011 3662 multo
1030 3609 1171 3663 subtiliore
1186 3609 1259 3663 idem

133 3695 213 3750 multi
233 3712 307 3749 nunc
326 3696 437 3750 faciunt.
475 3697 602 3750 Ceterum
627 3696 673 3764 qui
692 3702 791 3765 praeter
810 3713 863 3757 eos,
892 3714 960 3765 quos
979 3697 1127 3760 nominavi,
1156 3698 1259 3751 dehac

133 3784 286 3853 quastione
305 3785 441 3847 dixerunt,
469 3791 612 3839 enumerat
635 3786 846 3839 lluddimaunus
865 3786 995 3839 lnstitutt.
1015 3788 1039 3839 ll
1058 3804 1084 3854 p.
1103 3786 1137 3837 12
1157 3792 1213 3840 not.
1232 3792 1260 3840 et

132 3873 373 3927 Drakenborchius
391 3875 425 3926 ad
445 3874 502 3927 Liv.
515 3875 561 3937 lll,
580 3872 623 3939 52,
642 3874 667 3927 ⁶2.
696 3872 759 3940 [Sed
780 3873 802 3927 si
821 3873 894 3941 ipsos
912 3874 995 3927 libros
1014 3875 1172 3943 inspexeris,
1192 3875 1260 3929 nihil

134 3962 263 4031 reperias,
291 3962 343 4016 nisi
370 3962 541 4032 superiorum
566 3962 688 4016 eiusdem
711 3962 854 4015 sententiae
877 3962 1052 4017 defensorum
1077 3964 1189 4018 nomina
1214 3962 1260 4030 (ne

133 4052 208 4121 apud
230 4051 372 4106 Dukerum
400 4051 512 4120 quidem
540 4051 575 4104 ad
594 4051 664 4104 Flor.
684 4051 703 4109 1.
722 4049 767 4115 ⁸23)
795 4067 917 4105 unumve
944 4057 971 4105 et
998 4053 1113 4107 alterurn
1143 4070 1260 4122 pravum

134 4140 323 4194 testimonium
351 4141 415 4193 inde
443 4140 589 4209 repetitum
621 4139 663 4204 (ut
691 4141 764 4207 apud
792 4140 949 4195 Noltenium
981 4142 1009 4195 in
1042 4142 1137 4210 partic.
1170 4142 1260 4210 arad).

135 4228 227 4296 Nuper
254 4229 282 4282 in
310 4229 421 4297 Reisigii
449 4229 548 4282 scholis
581 4229 614 4282 de
641 4245 755 4296 gramm.
784 4230 882 4283 Latina
909 4228 936 4296 (ξ
958 4229 1021 4295 331)
1050 4230 1135 4284 veteri
1163 4247 1261 4285 acervo

135 4332 237 4370 novum
261 4317 375 4371 accessit
398 4318 564 4387 exemplum,
587 4317 664 4370 locus
688 4317 824 4371 Ciceronis
843 4319 869 4372 in
890 4320 958 4372 libro
978 4319 1000 4372 V
1019 4321 1054 4373 de
1072 4319 1130 4372 Fin.
1151 4319 1193 4384 11,
1216 4319 1260 4384 30,

135 4404 309 4460 aGoerenzio
328 4406 477 4460 icadissime
495 4407 683 4474 interpolatus,
712 4406 758 4459 ubi
783 4407 929 4461 verborum
948 4416 1036 4476 pateat
1058 4411 1129 4477 quod
1152 4409 1260 4462 nullum

136 4494 282 4549 minimum
310 4501 351 4549 est
378 4495 406 4548 in
439 4495 577 4548 codicibus
609 4494 761 4562 vestigium.
812 4495 888 4549 Adeo
921 4495 1055 4550 incuriose
1087 4513 1130 4550 res
1163 4497 1259 4567 agitur.

138 4580 226 4624 1849]
