2956 5190
748 287 812 353 258

315 483 382 548 Nec
404 482 581 565 persectari
604 482 781 565 primordia
803 483 931 565 singula
953 502 1105 567 quaeque,

315 589 360 655 Ut
383 589 523 667 videant,
548 609 614 671 qua
637 589 779 671 quidque
802 592 933 672 geratur
955 608 1029 655 cum
1052 591 1196 655 ratione.

183 749 369 832 Sequuntur
392 748 544 831 deinceps
568 767 691 825 versuS,
718 748 836 830 quihus
860 751 893 812 in
917 769 972 815 eos
995 753 1095 832 poeta
1118 750 1295 828 invehitur,
1321 754 1361 834 qoi

182 857 243 921 nisi
267 854 376 923 divino
404 854 537 919 numine
565 855 724 919 mundum
752 859 821 921 tam
857 844 1103 921 accommodate
1141 856 1188 921 ad
1221 856 1363 923 humanas

182 963 324 1027 rationes
348 960 523 1044 gubernari
546 980 611 1025 non
634 981 732 1043 posse
755 961 899 1026 credant.
946 962 1043 1028 Miror
1071 964 1105 1028 in
1135 963 1189 1028 his
1218 965 1363 1029 neminen

182 1068 277 1133 valde
300 1068 443 1144 haesisse,
478 1087 552 1150 quae
582 1067 741 1133 infinitam
763 1068 887 1132 hahent
910 1069 1177 1152 reprehendendi
1198 1071 1364 1145 materiam

182 1174 363 1257 explicandi
393 1174 516 1239 nullam
547 1176 717 1239 rationem.
769 1174 833 1239 Cur
864 1177 963 1241 atomi
995 1176 1132 1242 celerius
1165 1177 1254 1242 irent
1283 1197 1365 1261 quan

181 1281 258 1347 solis
281 1280 414 1356 lumina,
443 1282 522 1345 satis
546 1284 617 1345 erat
640 1285 716 1346 ante
740 1284 933 1364 expositum,
962 1282 1050 1364 quod
1079 1302 1191 1366 neque
1214 1286 1365 1367 perceris

182 1388 287 1453 undas
314 1388 492 1464 obstantes
528 1388 586 1452 sed
616 1407 675 1469 per
705 1388 801 1453 inane
831 1392 1049 1465 morerentur,
1085 1408 1198 1472 neque
1226 1408 1365 1456 connexe

182 1496 290 1578 plures
313 1495 397 1559 inter
420 1513 455 1558 se
478 1494 723 1559 retraherentur
752 1493 830 1577 (149
855 1492 936 1575 [150
958 1493 1011 1577 B.]
1034 1494 1132 1578 sqq).
1181 1495 1250 1561 Sed
1271 1500 1366 1561 tamen

182 1602 396 1667 subiiciuntur
423 1620 518 1665 novae
549 1620 656 1665 causae
681 1600 767 1664 Nom
789 1622 886 1687 neque
908 1602 1036 1665 coasilio
1060 1607 1122 1666 cet.
1164 1602 1290 1668 Verum
1309 1603 1367 1668 har

182 1728 356 1773 causarum
379 1706 501 1772 mentio
529 1726 629 1788 quam
658 1712 709 1772 est
736 1707 895 1773 absurda!
931 1708 1004 1773 Non
1031 1708 1211 1773 tardantur
1239 1708 1367 1775 consilio.

181 1816 261 1894 Quis
284 1815 318 1880 id
340 1818 398 1880 aut
421 1815 454 1878 in
481 1815 599 1880 atomis
628 1815 810 1896 suspicatus
839 1818 888 1879 est
917 1818 974 1879 aut
1001 1814 1160 1897 suspicari
1190 1817 1297 1897 potuit
1322 1820 1368 1879 aut

183 1924 216 1987 in
238 1922 305 1988 ulla
327 1942 362 1986 re
385 1921 491 1998 simili,
515 1921 606 1985 cuius
630 1939 704 1985 cum
728 1921 892 1986 celeritate
916 1922 1044 1986 illarum
1068 1940 1185 1985 cursus
1209 1939 1368 2005 compara·

183 2033 294 2094 retur?
318 2049 361 2093 an
384 2029 459 2093 solis
483 2027 565 2093 radii
583 2027 716 2092 consilio
732 2027 971 2092 tardabantur?
994 2027 1120 2091 Deinde
1136 2047 1206 2093 nou
1225 2032 1370 2112 coguntur

183 2137 360 2220 persectari
388 2134 566 2217 primordia
596 2134 723 2217 singula
756 2153 904 2216 quaeque,
940 2133 974 2198 id
1008 2138 1067 2209 est,
1102 2135 1311 2218 semetipsas,
1341 2139 1369 2199 ut

183 2243 330 2319 videant,
372 2261 438 2324 qua
472 2242 598 2305 ratione
632 2260 684 2305 res
718 2243 882 2323 gerantur.
939 2239 1021 2319 Quae
1055 2245 1105 2305 est
1139 2241 1279 2307 tandem
1311 2240 1370 2306 hac

184 2349 319 2426 insania,
343 2347 417 2412 ideo
440 2350 567 2413 atomos
591 2347 727 2412 celerius
751 2346 827 2412 terri
850 2347 968 2425 dicere,
994 2347 1080 2429 quod
1103 2346 1138 2411 id
1161 2366 1231 2413 non
1250 2347 1370 2417 faciant

183 2455 271 2539 quod
293 2474 359 2519 non
382 2453 486 2535 magis
510 2456 567 2517 aut
590 2453 667 2518 solis
690 2453 814 2518 lumina
841 2458 898 2518 aut
929 2454 995 2518 ulla
1025 2453 1090 2518 alia
1119 2472 1174 2518 res
1204 2453 1314 2532 faciat,
1345 2457 1371 2519 et

184 2562 273 2645 quod
294 2562 327 2626 id
350 2580 416 2625 uon
438 2562 547 2642 agant,
577 2561 666 2643 quod
693 2561 746 2624 vix
774 2560 900 2625 ridendi
923 2579 1023 2624 causa
1046 2560 1202 2642 cuiquam
1225 2566 1285 2626 aut
1306 2560 1372 2645 Epi·

184 2688 281 2734 cureo
315 2672 373 2733 aut
408 2667 463 2732 alii
497 2667 530 2730 in
564 2670 706 2732 mentem
741 2670 852 2733 venire
886 2669 989 2750 possit
1022 2670 1060 2731 ut
1093 2667 1214 2732 atomis
1250 2668 1372 2741 tribuat

185 2795 296 2841 curam
319 2773 461 2850 videndi,
497 2774 575 2855 quid
597 2773 721 2838 mundo
743 2774 821 2839 fiat?
856 2774 946 2852 Haec,
981 2774 1008 2837 si
1032 2774 1103 2855 quis
1126 2774 1279 2850 attendit,
1313 2779 1372 2838 tam

184 2886 260 2948 sunt
283 2880 437 2958 absurda,
461 2883 497 2943 ut
520 2881 574 2944 vix
596 2880 629 2944 in
652 2880 709 2944 tali
727 2900 826 2945 causa
842 2883 1007 2946 mentione
1025 2880 1159 2963 dignum
1180 2900 1255 2946 esse
1271 2880 1373 2946 ridea-

184 2994 248 3067 tur,
280 3008 329 3065 ea,
362 3007 435 3069 quae
460 2992 650 3069 sequuntur,
685 2986 854 3069 perinepte
876 2987 1001 3053 subiici.
1048 2988 1132 3052 Nam
1156 3006 1260 3069 quam
1282 2986 1374 3052 hahet

184 3094 444 3160 coniunctionem
487 3097 671 3159 atomorum
718 3093 890 3159 celeritatis
933 3098 966 3158 et
1008 3094 1126 3158 divinae
1168 3093 1375 3175 providentia

185 3204 328 3267 mentio?
362 3203 421 3265 aut
443 3199 522 3282 quid
543 3200 645 3264 hahet
668 3200 830 3276 contrarii,
866 3204 993 3265 atomos
1022 3201 1157 3265 celerius
1182 3200 1262 3264 ferri
1285 3218 1374 3283 quam

185 3307 261 3374 solis
288 3308 421 3383 lumina,
457 3311 490 3371 et
517 3307 676 3370 mundum
706 3307 773 3387 regi
802 3306 937 3370 deorum
966 3305 1192 3388 providentia?
1227 3306 1376 3389 Sequitur

186 3414 287 3480 enirn:
323 3413 367 3477 At
395 3411 527 3499 quidam
554 3419 664 3476 contra
691 3411 758 3475 hoec
786 3416 847 3477 cet.
898 3412 977 3489 Sed,
1012 3417 1050 3477 ut
1079 3411 1145 3476 dixi
1176 3413 1288 3491 initio,
1322 3410 1375 3496 ipsi

133 3541 174 3585 aa
187 3520 313 3586 codices
343 3519 497 3584 indicium
525 3516 649 3582 faciunt
678 3518 724 3582 rei
747 3538 864 3600 perse
887 3523 1021 3601 apertae.
1068 3519 1152 3584 Nam
1184 3538 1300 3584 versus
1330 3518 1376 3583 ille

187 3625 294 3709 (164):
331 3624 417 3688 Nam
439 3645 536 3711 neque
559 3625 687 3689 consilio
710 3624 818 3689 debent
841 3624 974 3689 tardata
996 3625 1128 3705 rnorari,
1164 3626 1199 3689 in
1221 3625 1312 3691 nullo
1334 3627 1376 3689 est

188 3733 297 3798 codice
320 3732 381 3797 nisi
404 3731 438 3796 in
460 3730 656 3813 apographis
679 3730 783 3795 Musei
806 3731 991 3808 Britannici,
1016 3730 1057 3795 de
1080 3750 1219 3813 quorum
1242 3732 1376 3797 auctori·

187 3843 255 3904 tate
277 3838 353 3903 hinc
375 3838 530 3903 iudicium
552 3837 622 3902 fieri
644 3841 763 3919 potest,
787 3840 820 3902 et
842 3856 884 3901 ne
906 3837 941 3901 in
958 3839 1100 3920 antiquis
1118 3837 1251 3919 quidem
1269 3837 1376 3903 editio-

159 3948 162 3955 '
188 3946 284 4010 nibus
307 3943 470 4010 omnihus.
517 3944 629 4026 ltaque
652 3944 742 4009 locus
765 3945 811 4008 sic
833 3943 973 4026 scriptus
997 3949 1063 4010 est:

322 4104 495 4187 Tempore,
519 4122 584 4184 quo
606 4103 682 4168 solis
706 4104 896 4187 pervolgant
919 4102 1048 4186 fulgura
1071 4103 1196 4168 caelum.

322 4316 389 4381 Nec
411 4316 590 4399 persectari
611 4316 789 4398 primordia
812 4316 938 4399 singula
961 4335 1109 4398 quaque,

323 4421 368 4485 Ut
390 4422 532 4501 videant,
557 4443 622 4505 qua
645 4423 787 4505 quidque
810 4427 943 4506 geratur
966 4443 1041 4487 cum
1064 4425 1200 4488 ratione.
