2956 5190
756 306 819 371 168

134 515 174 556 2⁰⁷
188 501 426 565 controversias
450 500 660 565 dirimendas.
704 499 899 566 Rectissime
922 501 1018 584 igitur
1041 520 1060 567 e
1081 502 1245 569 Vaticano
1267 505 1369 573 edium

188 607 232 671 ab
256 605 327 671 aliis
351 610 416 671 est:
441 604 547 691 Iqitur
571 627 592 670 c
615 627 674 691 quo
698 610 759 671 cet.

277 713 314 777 ln
337 712 441 778 tribus
463 713 561 778 huius
584 714 739 779 orationis
762 713 840 778 locis
857 714 1059 780 coniecturas
1078 714 1113 780 in
1129 717 1280 799 margine
1296 720 1373 801 posui

187 820 309 901 partim
332 839 398 884 non
420 839 575 902 magnam
598 819 719 902 partim
741 819 864 884 nullam
884 821 1054 886 sententiae
1071 821 1293 889 mutationem
1308 826 1374 890 atie·

188 929 307 1004 rentes,
339 945 421 1008 quas
444 930 557 990 tamen
581 926 697 990 vellem
720 926 754 991 in
776 929 869 991 textu
891 927 1088 1008 posuissem:
1123 927 1211 994 adeo
1235 935 1311 995 stmt
1329 952 1375 996 ne·

189 1032 339 1098 cessariae
362 1037 395 1097 et
418 1033 595 1098 evidentes.
640 1034 787 1098 Primum
811 1053 838 1097 c.
862 1032 893 1110 3,
923 1033 944 1097 5
972 1034 1148 1099 edebatur:
1188 1035 1264 1116 Quo
1290 1039 1324 1101 in
1348 1059 1376 1103 rc

188 1159 251 1203 :con
273 1146 339 1203 tom
363 1138 535 1203 iucundum
550 1139 630 1202 mihi
644 1139 747 1203 videri
761 1139 876 1221 debuit,
900 1159 964 1204 noc:
978 1140 1179 1222 icctcffcctum
1195 1163 1219 1206 a
1233 1149 1274 1224 tc,
1296 1165 1377 1229 quan

189 1247 348 1328 miserum,
373 1253 401 1310 te
423 1245 459 1309 id
481 1247 608 1330 impunc
628 1246 738 1329 foccrc
755 1247 904 1329 potuisse.
941 1246 1007 1310 Sed
1029 1247 1157 1312 nudum
1180 1250 1377 1332 participiun

188 1372 248 1434 pro
270 1356 341 1417 tota
363 1353 525 1434 sententia
549 1352 674 1418 infinita
696 1351 785 1417 nullo
808 1352 968 1435 exemplo,
992 1352 1081 1418 nulla
1101 1354 1234 1420 ratione
1249 1359 1377 1438 ponito,

187 1460 268 1524 Post
290 1459 487 1542 interfectum
511 1459 630 1523 excidit
644 1446 709 1523 'ma
756 1457 879 1522 Deinde
909 1478 935 1522 c.
962 1460 1013 1538 14,
1042 1459 1086 1524 35
1114 1460 1242 1526 editur:
1281 1463 1377 1543 Quoa-

188 1587 283 1651 quam
307 1566 388 1630 ccccc
411 1565 535 1651 quidem
556 1565 632 1648 fuit,
661 1572 696 1629 ut
718 1573 753 1629 tc
775 1564 909 1645 dicebas,
938 1567 1080 1631 munibus
1109 1566 1188 1631 docco
1212 1574 1276 1634 cet.
1320 1570 1375 1634 Sed

187 1672 267 1737 nihil
290 1675 324 1737 in
347 1693 385 1738 eo
408 1672 526 1738 iudicio
549 1674 717 1755 proprium
740 1671 873 1736 Antonii
897 1671 958 1737 luit
986 1677 1019 1738 et
1040 1673 1218 1756 singulare,
1255 1676 1322 1741 nec'
1341 1676 1376 1740 ad

188 1797 290 1842 unum
313 1778 445 1861 aliquod
468 1780 537 1844 eius
561 1779 683 1844 dictum
707 1781 777 1843 haec
800 1778 923 1857 referri,
953 1779 1096 1844 ostendit
1124 1783 1259 1863 tempus
1281 1782 1376 1856 verbi:

191 1905 240 1962 ea,
276 1906 349 1967 quae
379 1906 466 1950 nunc
497 1888 540 1950 ab
571 1886 713 1951 Antonio
744 1886 903 1962 dicantur,
939 1885 982 1950 ab
1005 1885 1089 1950 illius
1112 1888 1273 1970 temporis
1296 1889 1377 1953 dictis

189 1991 373 2074 discrepare
386 1996 496 2057 orator
507 1992 600 2069 dicit;
624 1994 734 2075 itaque
746 1991 864 2056 lineola
876 1992 1062 2057 oblitterata
1075 1996 1134 2070 est,
1158 2012 1227 2074 qua
1239 1996 1378 2059 restituta

189 2098 329 2181 legetur:
362 2106 396 2162 ut
418 2106 484 2162 tucn
507 2098 641 2162 dicebas.
688 2100 858 2164 Postremo
881 2118 908 2163 c.
933 2098 986 2177 29,
1011 2099 1052 2163 73
1076 2100 1247 2165 scribitur:
1278 2101 1378 2186 Itaque

191 2206 323 2269 exclusis
351 2206 415 2269 tais
437 2205 560 2269 vocibus
587 2213 615 2270 ct
643 2206 686 2269 ad
713 2213 742 2269 tc
770 2212 798 2269 ct
827 2205 871 2268 od
892 2205 1021 2289 proedcs
1050 2212 1118 2270 tuos
1145 2208 1264 2273 milites
1293 2210 1378 2289 misit,

188 2332 283 2396 quum
298 2319 421 2394 repento
445 2333 466 2374 a
485 2319 513 2375 te
530 2312 694 2395 practura
712 2312 769 2375 illc
787 2311 895 2375 tabula
907 2313 1048 2395 prolato.
1083 2313 1155 2377 Non
1172 2318 1257 2395 puto
1274 2335 1378 2398 quem·

189 2437 287 2500 quam
311 2417 531 2496 defensurum,
555 2418 588 2482 in
606 2419 792 2484 huiusmodi
809 2418 971 2483 sententia
987 2426 1019 2482 et
1037 2420 1233 2486 narrationis
1253 2442 1379 2488 conver·

56 2535 59 2539 ’
189 2525 278 2589 sione
300 2525 437 2588 verbum
460 2523 587 2588 finitum
610 2529 795 2610 postquam
810 2525 924 2602 omitti,
949 2526 1010 2589 nisi
1025 2525 1092 2604 ubi,
1116 2526 1238 2593 omisso
1255 2548 1380 2611 prorsus

189 2631 316 2695 dicendi
339 2632 450 2709 verbo,
474 2633 635 2696 sententia
659 2632 849 2714 pronomine
872 2635 930 2695 aut
952 2634 1083 2697 nomine
1107 2633 1311 2712 absolvatur,
1333 2654 1380 2699 se·

189 2741 309 2819 quente
331 2742 421 2802 recta
445 2739 601 2803 oratione.
636 2739 749 2819 ltaque
773 2745 816 2801 cst
839 2737 916 2801 addi
936 2739 1043 2816 debet,
1068 2739 1155 2822 quod
1171 2745 1247 2821 post
1264 2749 1381 2825 repent:

189 2844 318 2913 excidit.
370 2845 560 2927 Superiores
596 2845 736 2909 editores
771 2848 847 2909 autc
882 2844 1065 2909 Ernestium
1100 2846 1285 2911 orationem
1321 2848 1380 2912 tere

190 2952 438 3015 continuabant:
463 2987 505 2996 —
523 2952 655 3035 prototo
678 2953 732 3037 qut
755 2953 841 3014 risus
863 2950 1023 3014 bornicum
1046 2949 1190 3034 (additur
1214 2955 1249 3017 in
1267 2953 1381 3019 codici·

189 3057 250 3121 bus
275 3057 476 3139 interpolatis
500 3057 539 3121 dc
562 3065 589 3120 tc
613 3057 709 3139 crot)t
746 3057 786 3121 Et
816 3056 922 3121 minus
954 3058 1158 3123 desideratur
1188 3061 1330 3124 verbum
1351 3062 1381 3124 in

190 3163 434 3239 exclamatione,
470 3164 652 3245 praesertim
681 3184 746 3228 non
775 3164 945 3246 participio
974 3164 1173 3230 adiunctum.
1221 3166 1289 3231 Sed
1318 3171 1382 3233 tota

190 3268 344 3332 orationis
368 3268 473 3333 forma
497 3272 530 3332 et
553 3289 615 3333 vox
638 3277 761 3353 repente
784 3271 979 3334 sententiam
996 3272 1028 3335 in
1043 3272 1230 3337 narratione
1247 3274 1382 3356 prolata:

190 3374 311 3438 tabulae
335 3375 510 3439 consistere
534 3375 657 3440 iubent.
