2948 5206
666 309 708 374 67

79 507 233 589 pecuniae
267 505 406 587 largitio,
441 503 501 569 sed
535 523 575 568 ea
610 505 692 586 ipsa,
728 524 802 585 quae
836 503 870 568 in
904 506 995 587 equis
1027 505 1201 594 reddendis
1231 512 1290 582 est,

80 616 242 696 cuiusque
266 611 443 696 participes
465 611 549 675 fiunt
571 612 603 689 ii,
633 611 698 693 qui,
731 631 832 693 quum
857 630 977 692 equum
1001 611 1186 690 habuerint,
1216 633 1291 678 cum

81 720 260 786 commodo
282 718 437 783 reddunt.
491 717 599 799 Scipio
623 718 734 799 itaque
758 715 805 799 (id
829 721 888 795 est,
919 719 1041 796 Cicero,
1071 721 1104 782 et
1127 718 1290 785 Graccha-

81 847 203 891 uarum
226 826 337 908 legum
361 829 394 889 et
423 824 630 906 largitionum
662 825 696 889 in
726 824 816 888 libris
848 827 1003 906 provecta
1033 827 1131 889 aetate
1162 828 1290 908 scriptis

82 936 265 1016 perpetuus
289 933 507 1014 reprehensor
530 933 563 994 et
586 930 820 995 coniunctionis
844 935 978 996 senatus
1002 935 1035 995 et
1051 932 1173 997 ordinis
1191 953 1290 1015 eque·

84 1042 172 1117 stris,
208 1059 310 1122 quam
340 1040 410 1121 ipse
440 1058 476 1102 se
505 1038 672 1102 consulem
702 1037 898 1102 stabilivisse
927 1038 1076 1119 putabat,
1112 1040 1291 1104 vehemens

85 1143 283 1227 admirator)
305 1149 476 1211 senatores
499 1144 723 1226 largitionibus
745 1143 926 1208 tribuniciis
948 1143 1097 1209 faventes
1122 1146 1290 1228 significat,

84 1255 141 1336 qui
166 1273 266 1318 onere
290 1253 366 1334 equi
390 1251 511 1333 publici
534 1250 664 1316 liberari
688 1250 819 1326 vellent,
847 1250 1005 1314 reddendi
1033 1254 1198 1332 potestate
1221 1252 1291 1333 ple·

84 1361 204 1426 biscito
236 1359 334 1424 facta.
381 1359 480 1424 Oneri
516 1359 603 1423 enim
637 1358 738 1421 luisse
773 1376 893 1437 equum
928 1357 1106 1438 publicum,
1141 1361 1291 1440 quamvis

84 1468 202 1532 honori
227 1469 316 1530 esset
339 1464 409 1548 (qui
431 1469 544 1529 tamen
566 1464 713 1529 honora
742 1466 893 1529 senatore
922 1483 988 1528 non
1017 1464 1290 1546 desiderabatur),

85 1574 223 1655 eiusque
247 1571 417 1654 ademptio
440 1571 664 1654 ignominiosa,
691 1589 756 1634 non
780 1573 905 1635 exhor
929 1572 1034 1636 solum
1058 1572 1138 1651 loco,
1170 1574 1225 1654 qui
1249 1573 1292 1637 ad

85 1681 120 1744 id
144 1678 441 1744 demonstrandum
459 1678 588 1755 sufficit,
613 1695 713 1758 quum
732 1680 848 1759 aperta
866 1678 907 1741 sit
925 1678 1101 1743 verborum
1118 1679 1290 1756 sententia,

86 1787 148 1852 sed
170 1785 304 1852 aliunde
328 1804 459 1868 quoque
483 1788 607 1849 certum
631 1787 691 1848 est.
726 1783 775 1848 De
798 1785 1026 1866 antiquissimo
1050 1787 1181 1867 quidem
1207 1790 1291 1850 tem·

86 1913 168 1976 pore
190 1895 292 1975 negat
315 1886 523 1969 Niebuhrius,
548 1894 581 1954 et
604 1910 644 1954 ex
667 1892 730 1955 hoc
754 1891 804 1953 vel
828 1892 971 1955 maxime
980 1887 1006 1972 ¹)
1030 1892 1138 1968 efficit,
1164 1894 1291 1974 equites

86 2020 154 2065 non
177 2019 219 2064 ex
242 2000 387 2064 maximo
410 2016 510 2062 censu
534 1998 671 2079 scriptos
688 2016 770 2073 esse,
795 1999 884 2079 quod
900 1998 1071 2063 ridiculum
1089 2002 1122 2063 et
1139 1999 1291 2063 insanum

87 2108 214 2184 fuisset,
250 2107 278 2170 si
307 2105 424 2170 divites
453 2105 592 2169 luissent
614 2123 729 2169 omnes
753 2105 889 2184 equites,
925 2105 1099 2185 pecuniam
1123 2106 1166 2169 ad
1189 2125 1291 2188 equos

88 2214 247 2279 emendos
272 2217 304 2277 et
333 2210 470 2276 alendos
499 2211 688 2275 attribuere.
740 2211 860 2275 Verum
887 2210 967 2275 illud
986 2202 1082 2275 'certe
1110 2212 1213 2276 multo
1241 2214 1291 2277 in·

88 2322 201 2384 sanius
224 2319 351 2395 fuisset,
386 2318 420 2381 in
448 2317 506 2381 tali
535 2317 752 2399 descriptione
781 2317 904 2381 militiae
927 2317 970 2381 ab
994 2319 1146 2383 universo
1170 2318 1291 2405 populo

89 2447 130 2491 ex
153 2445 254 2491 censu
278 2426 326 2489 rei
349 2423 489 2506 publicoe
512 2424 708 2506 praestandae
736 2426 792 2488 uni
821 2423 916 2488 alicui
945 2426 1053 2507 generi
1084 2424 1291 2489 commodam

90 2533 240 2597 militiam
275 2536 308 2596 et
342 2532 504 2596 lucrosam
541 2532 747 2595 constituere.
810 2531 924 2612 Itaque
959 2551 1072 2595 omnes
1109 2533 1291 2596 consentire

90 2640 222 2715 debent,
246 2639 335 2703 illam
359 2639 532 2720 pecuniam
555 2637 654 2701 talem
681 2638 789 2713 luisse,
815 2640 851 2700 ut
874 2657 939 2700 non
962 2637 1176 2719 locupletaret
1200 2641 1291 2719 equi·
1305 2660 1331 2698 er

92 2751 151 2815 tes,
174 2745 234 2809 sed
257 2748 408 2826 sumptus
432 2745 598 2808 faciendos
623 2745 760 2818 levaret,
785 2744 882 2824 idque
906 2745 976 2825 ipse
994 2746 1042 2807 vir
1060 2743 1291 2808 celeberrimus

92 2854 248 2933 sequitur,
283 2871 385 2932 quum
410 2853 535 2932 quaerit,
571 2851 626 2931 qui
650 2854 742 2913 tanta
773 2870 903 2913 summa
931 2870 1013 2932 opus
1043 2869 1115 2914 esse
1139 2852 1290 2932 potuerit,

93 2960 125 3022 in
148 2978 213 3040 quo
237 2958 325 3039 quod
349 2959 419 3022 eins
437 2959 629 3021 coniecturis
646 2956 778 3032 addam,
803 2977 867 3020 non
885 2957 1003 3021 babeo.
1039 2957 1087 3019 Ne
1107 2957 1140 3020 id
1159 2958 1291 3038 quidem

94 3067 349 3129 consentaneum
373 3068 433 3139 est,
458 3064 582 3127 nullum
606 3065 666 3127 hos
690 3064 921 3145 proportione
945 3083 1027 3127 onus
1052 3063 1173 3126 militiae
1194 3066 1291 3128 susti-

95 3173 201 3236 nuisse
225 3191 292 3235 una
316 3190 391 3236 cum
415 3172 531 3235 ceteris
555 3170 689 3233 civibus.
736 3170 849 3251 ltaque
874 3170 928 3234 illa
951 3171 1090 3251 pecunia
1109 3190 1174 3234 non
1193 3172 1292 3235 aliam

96 3280 158 3341 rim
187 3278 313 3355 babuit,
348 3297 447 3359 quam
477 3281 513 3341 ut
544 3277 576 3340 id
605 3280 842 3357 compensaret,
878 3278 966 3358 quod
995 3278 1071 3360 plus
1105 3298 1200 3362 quam
1230 3298 1292 3361 pro

93 3385 233 3467 portione
252 3405 361 3448 census
385 3385 485 3465 equiti
502 3383 686 3447 necessario
704 3384 933 3447 insumendum
953 3387 1048 3448 esset.
1089 3383 1175 3461 Quid
1196 3385 1293 3466 igitur

98 3492 255 3570 probibet,
290 3493 369 3572 quin
405 3492 547 3572 equitem
583 3490 624 3553 de
659 3510 718 3553 suo
753 3493 811 3553 aut
840 3509 933 3570 aeque
963 3490 1102 3553 multum
1131 3493 1188 3553 aut
1218 3491 1291 3571 plus

98 3615 193 3676 quam
215 3597 330 3678 primoe
354 3597 466 3661 classis
490 3597 632 3679 peditem
658 3597 869 3677 insumpsisse
894 3598 927 3659 in
950 3596 1098 3660 militiam
1117 3601 1291 3677 putemus?

127 3860 146 3927 ¹)
166 3864 212 3917 Vel
231 3863 324 3932 potius
344 3880 377 3916 ex
396 3862 449 3916 hoc
467 3862 533 3915 solo.
576 3861 644 3914 Nam
664 3861 732 3914 Livii
752 3862 834 3914 verba
854 3861 873 3924 Ι,
893 3860 939 3914 43:
969 3864 1033 3914 Hoec
1057 3865 1148 3916 omnia
1173 3865 1202 3912 in
1224 3862 1291 3914 dites

166 3970 183 4005 a
200 3953 371 4020 pauperebus
395 3952 527 4004 inclinata
550 3966 632 4003 cnm
656 3966 718 4003 eam
743 3950 810 4013 vim,
836 3965 919 4016 quam
944 3949 975 4003 iis
999 3949 1094 4009 tribuit
1119 3948 1162 4015 (H.
1182 3950 1214 4001 R.
1235 3950 1290 4018 lp.

165 4039 235 4105 454),
255 4056 310 4094 non
329 4057 397 4094 sane
416 4040 527 4093 babent.
564 4038 658 4105 Neque
677 4037 750 4090 enim
769 4054 853 4090 onera
872 4039 929 4091 sola
954 4038 1019 4091 dicit
1044 4038 1107 4106 equi
1132 4037 1240 4091 emendi
1265 4043 1292 4091 et

166 4129 261 4191 alendi,
282 4145 371 4197 neque
391 4146 408 4181 a
426 4128 592 4197 pauperibus
611 4127 756 4195 equitibus.
795 4127 887 4194 Ipsum
907 4127 1032 4180 additum
1052 4129 1144 4180 omnia
1163 4126 1291 4189 ostendit,

167 4235 236 4281 eum,
255 4218 380 4287 exposita
392 4217 573 4284 descriptione
591 4215 685 4283 populi
704 4216 738 4268 ad
757 4214 892 4279 militiam,
912 4216 945 4269 de
964 4214 1149 4283 superioribus
1165 4215 1291 4268 universe

167 4307 222 4360 baec
246 4307 357 4361 addere.
399 4302 499 4358 Omnia
526 4304 590 4358 belli
618 4304 775 4371 militireque
800 4320 884 4356 onera
908 4309 1089 4372 sumptusque
1114 4304 1251 4370 graviores
1276 4322 1292 4357 a

167 4396 331 4463 pauperibus
350 4395 378 4448 in
398 4395 468 4448 dites
486 4394 630 4447 inclinatos
649 4392 720 4445 dicit.
752 4393 847 4459 ltaque
866 4392 959 4445 statim
978 4391 1118 4458 subiungit
1131 4408 1185 4445 non
1199 4392 1292 4445 minus

167 4483 339 4550 generaliter:
364 4485 467 4537 Deinde
485 4491 523 4536 est
541 4485 624 4537 honor
642 4483 760 4544 additus,
780 4497 867 4549 eaque
887 4481 969 4545 addit,
990 4496 1051 4548 quae
1070 4496 1126 4533 non
1146 4481 1290 4534 minusad

167 4573 288 4640 peditum
307 4588 392 4641 quam
413 4572 447 4624 ad
466 4571 590 4640 equitum
610 4571 746 4624 centurias
765 4570 927 4638 pertineant.

1047 4658 1078 4710 50
