2948 5206
658 294 661 299 '
714 293 778 358 373

157 497 252 552 cuum
281 493 339 555 est.
402 489 476 571 ipsa
510 489 672 571 particula
706 496 771 552 tnm
806 490 944 570 repetita
979 495 1140 575 zeugmati
1175 503 1348 579 repugnat.

152 585 263 674 Itaque
282 615 415 678 prorsus
439 595 536 659 credo
560 596 622 659 hoc
645 595 743 660 niodo
767 596 956 660 Ciceronem
980 599 1164 681 scripsisse:
1194 602 1274 666 Tum·
1297 626 1349 669 res

146 714 334 767 comnianem
358 702 525 766 utilitatem
550 702 749 783 continentes,
778 723 858 785 qaas
874 703 1022 785 publicas
1046 708 1252 791 appellamus,
1281 718 1347 775 tum

142 811 357 874 wirraentnta
380 809 552 889 bonitium,
585 828 655 892 pnoe
672 814 782 890 postea
807 810 946 874 ciuitates
969 814 1140 878 nasseinatae
1163 824 1246 898 sunt,
1283 815 1347 898 [in-

138 912 337 998 stituerant]
360 923 428 980 tum
451 915 614 977 doctricilia
638 919 699 978 cet.
746 914 793 979 De
828 917 899 997 ipso
934 918 1035 982 verbo
1069 920 1148 984 nihil
1180 922 1309 988 definio.
1320 919 1347 1005 ¹)

136 1015 298 1102 Sequitur
320 1021 338 1103 ἐ
362 1023 422 1086 92:
458 1021 584 1085 Horam
613 1028 685 1084 ntro
712 1023 760 1084 nti
787 1023 932 1105 nolimus,
968 1026 1066 1089 attero
1101 1034 1145 1090 est
1178 1028 1346 1106 atendann3

133 1141 211 1191 non
235 1130 419 1212 discrepant
442 1128 535 1193 codd.
559 1127 634 1192 Par.
659 1135 692 1191 et
715 1128 843 1205 Bernn,
879 1130 962 1194 ratio
990 1135 1102 1197 tamen
1131 1135 1346 1216 grammatica

132 1238 323 1302 certissima
345 1237 482 1319 flagitat,
517 1239 563 1312 ut,
599 1234 708 1298 littera
738 1255 803 1299 una
834 1241 972 1313 mutata,
1000 1240 1146 1304 aiot-amns
1174 1242 1345 1320 scribatur,

132 1344 231 1419 quod
253 1346 287 1408 in
311 1347 468 1427 quattuor
491 1342 619 1406 Oxonn.
644 1347 703 1419 est,
728 1342 796 1406 sive
819 1361 878 1424 per
907 1344 978 1409 cod.
1003 1344 1035 1409 S.
1059 1346 1142 1410 Vict.
1167 1362 1207 1412 ex
1231 1350 1347 1413 arche·

131 1446 221 1528 typo
244 1451 427 1516 derivatum
451 1451 519 1514 sive
543 1448 627 1513 felici
650 1468 729 1512 casu
752 1452 870 1514 ortum.
906 1450 990 1514 Nam
1014 1458 1204 1538 mercnnpne
1228 1459 1260 1518 et
1277 1463 1349 1519 ater

135 1569 204 1631 pro
237 1557 290 1622 iilo
324 1559 468 1640 positum
504 1557 643 1621 eandem
678 1555 802 1619 habent
835 1555 992 1637 regulam,
1028 1577 1127 1639 quam
1163 1563 1348 1647 quicunqne,

133 1662 298 1749 quisquis,
322 1663 402 1747 aad,
427 1673 590 1749 atcunque,
616 1666 852 1742 contraquam
877 1665 909 1726 et
933 1663 1048 1728 scribae
1072 1666 1293 1749 multipliciter
1315 1673 1348 1733 et

134 1764 218 1832 oiim
254 1772 313 1836 viri
348 1773 435 1837 docti
470 1773 660 1853 peccarunt.
712 1768 784 1832 Vid.
814 1768 879 1833 Cic.
908 1790 967 1851 pro
996 1772 1081 1836 Tull.
1106 1770 1124 1852 ἐ
1149 1774 1190 1837 28
1215 1772 1347 1855 (Utrum

135 1875 226 1939 enim
258 1879 418 1943 ostendere
447 1885 558 1963 potest,
593 1879 700 1940 vincat
728 1896 847 1939 neccsse
876 1875 942 1957 est),
981 1878 1061 1942 Hor.
1086 1883 1147 1942 sat.
1172 1880 1208 1957 ll,
1241 1881 1271 1956 5,
1304 1881 1346 1945 28

137 1974 252 2054 (Vivet
274 1993 344 2049 uter
367 1986 503 2068 locuples
525 1986 592 2048 aare
618 1984 734 2071 qnatis,
758 1982 928 2065 improbas,
958 2018 1000 2029 —
1028 1985 1116 2049 iltius
1144 1992 1204 2050 esto
1229 1986 1347 2069 Defen-

138 2085 220 2168 8Or),
242 2091 352 2170 Quint.
376 2093 404 2155 V
428 2093 520 2174 praef.
545 2092 565 2157 3
589 2091 841 2173 (Utrumcnnqae
865 2097 917 2164 est,
948 2089 998 2152 bic
1027 2092 1087 2154 erit
1117 2092 1196 2155 tiber
1224 2087 1347 2175 cet.).²)

141 2183 288 2262 Tantum
312 2199 353 2264 de
378 2199 519 2264 Divinat.
544 2200 580 2276 11,
611 2199 663 2274 68,
696 2198 755 2260 141
783 2195 851 2277 (sed
873 2203 980 2259 atram
1003 2199 1054 2278 sit,
1089 2219 1151 2262 non-
1180 2206 1223 2262 est
1247 2201 1346 2263 neira·

142 2288 219 2381 bile)
242 2324 281 2368 ex
302 2313 449 2382 mrumst,
484 2309 520 2370 ut
552 2325 651 2387 saepe,
687 2304 811 2368 factum
835 2306 885 2366 est
907 2310 1015 2372 utram
1038 2306 1089 2368 sit.
1135 2305 1211 2369 Mox
1234 2305 1345 2371 delen·
1360 2325 1401 2366 aa

143 2395 225 2472 (lum
248 2411 340 2476 codd.
365 2412 560 2477 auctoritate
584 2430 773 2495 praenomen
797 2409 903 2474 Sestii.

235 2517 268 2582 C.
291 2519 345 2596 45,
380 2519 423 2583 96
447 2518 569 2596 Cicera,
605 2523 782 2601 postquam
813 2516 877 2580 duo
909 2536 979 2579 esse
1009 2536 1132 2594 eorum,
1169 2518 1224 2598 qui
1254 2519 1287 2581 in
1310 2538 1345 2582 re

143 2616 275 2687 Publica
298 2625 508 2689 excellentius
540 2645 576 2689 se
607 2645 718 2707 gerere
749 2624 927 2700 studerent,
964 2643 1083 2704 genera
1115 2623 1204 2699 dixit,
1240 2645 1345 2707 popu-

144 2711 261 2794 larium
285 2736 318 2796 et
341 2731 560 2814 optimatium,
586 2752 640 2796 eos
665 2734 710 2796 ita
734 2729 902 2794 describit:
935 2729 997 2808 Qui
1020 2752 1067 2809 ca,
1092 2752 1161 2815 qnae
1182 2730 1345 2813 faciebant

145 2841 274 2921 ittaque
300 2838 456 2918 dicebant,
491 2839 689 2901 rracaltitndini
719 2836 859 2900 iracunda
891 2835 1031 2900 nolebant
1059 2858 1132 2919 esse,
1162 2839 1345 2921 populares,

144 2938 203 3008 qni
226 2947 396 3008 catamito
420 2965 452 3007 se
473 2943 632 3027 parebant,
663 2952 697 3008 nt
720 2965 780 3008 saa
803 2944 934 3007 consilia
963 2945 1077 3026 optimo
1101 2946 1210 3029 coique
1227 2945 1345 3028 proba·

144 3050 229 3127 rent,
261 3053 425 3135 optimates
452 3051 658 3116 babebantar.
704 3051 828 3115 Deinde
857 3048 926 3130 (97)
951 3049 1106 3130 adiungit,
1142 3055 1178 3115 ut
1213 3051 1345 3133 quidem

143 3135 313 3235 Gruterus,
338 3158 495 3235 Gravius,
520 3158 688 3223 Emestius
712 3157 898 3222 ediderunt:
934 3156 1011 3234 Quis
1034 3177 1106 3240 erpo
1129 3159 1186 3222 iste
1210 3161 1346 3241 optimus

141 3257 297 3348 quisque?
317 3264 369 3328 De
391 3287 521 3329 numero
543 3267 572 3328 si
588 3267 714 3349 qnaeris,
737 3264 993 3327 inrtnrnerabiles.
1030 3263 1136 3349 Nepae
1153 3265 1234 3327 enim
1253 3266 1346 3328 aliter

140 3360 235 3432 stare
250 3392 412 3454 possennus
436 3377 497 3436 cet.
533 3372 671 3437 Orellius
690 3375 811 3446 autem,
837 3370 997 3448 inductus,
1022 3372 1145 3453 opinor,
1171 3371 1344 3436 aSchnet·

140 3458 206 3535 ²5⁰·
232 3498 327 3560 quem
351 3479 502 3543 Lambini
526 3480 711 3543 coniectura
735 3481 966 3552 commoverat,
997 3481 1029 3541 et
1052 3479 1084 3541 in
1109 3480 1232 3542 maiore
1256 3483 1288 3542 et
1312 3480 1345 3542 in

139 3573 271 3648 11linare
295 3585 437 3651 editione
460 3587 603 3668 scripsit:
641 3585 703 3664 Qui
725 3605 798 3668 erpo
821 3586 898 3647 isti?
933 3584 1076 3668 Optbnas
1098 3586 1236 3670 quisque,
1269 3589 1344 3649 eta

139 3682 311 3757 c0dicibus
334 3692 505 3758 discedens
530 3698 563 3757 et
586 3713 606 3757 a
630 3711 707 3755 vera
731 3691 892 3755 sententia
915 3695 1070 3772 rectaque
1093 3692 1193 3755 etiam
1217 3691 1346 3755 dicendi

137 3772 253 3862 foi-rna
275 3799 368 3882 longe
392 3800 561 3865 aberrans
608 3800 692 3863 Nam
717 3799 750 3861 in
781 3797 945 3861 codicibus
969 3798 1063 3862 bonis
1087 3798 1166 3862 nihil
1189 3798 1343 3876 variatur,

136 3912 412 3951 &—

170 4010 198 4082 1)
223 4025 314 4094 [Priori
332 4032 404 4101 parti
423 4030 614 4100 disputationis
633 4029 843 4083 fundamentum
867 4026 1038 4080 subtrahitur
1061 4028 1168 4096 cognita
1191 4045 1256 4082 vera
1275 4029 1345 4083 codi-

227 4118 261 4171 cis
284 4119 443 4175 Parisiensis
471 4119 613 4187 scriptura,
642 4119 670 4172 in
698 4134 752 4185 qua
780 4115 905 4170 vocabuli
930 4118 1092 4169 continentes
1115 4118 1221 4171 nullum
1242 4124 1282 4172 est
1301 4135 1345 4172 ve·

227 4207 348 4277 sugium]

175 4278 205 4347 1)
230 4291 256 4345 lu
276 4298 409 4367 plerisque
435 4297 509 4361 locis,
537 4297 584 4366 qni
608 4312 681 4350 nunc
705 4296 740 4349 ad
764 4312 878 4349 manum
903 4299 976 4356 sunt,
1005 4294 1130 4348 futurum
1149 4301 1275 4348 exactum
1294 4301 1343 4360 est,

233 4389 272 4436 aut
288 4387 473 4441 coniunctivus
500 4387 536 4440 ab
564 4386 729 4440 sententiam
753 4385 918 4453 pendentem
943 4387 992 4435 aut
1015 4382 1167 4437 orationem
1191 4384 1344 4453 hypotheti-

235 4484 292 4536 cum,
316 4476 390 4529 velut
417 4476 451 4529 de
479 4475 596 4529 Divinat.
616 4475 649 4538 ΙΙ,
673 4473 720 4538 56,
745 4472 808 4526 116:
842 4475 937 4526 Utrum
965 4474 1050 4539 ἱρέων
1077 4489 1168 4526 eornm
1197 4475 1344 4540 accidisset,

236 4572 312 4614 terum
328 4565 468 4618 orandum
484 4566 589 4631 fut'ssct
