2948 5206
649 307 715 373 403

122 512 198 587 portes
222 524 305 569 earoe
335 508 368 569 et
392 511 505 588 partes
532 504 587 568 illo
610 511 746 588 tenuiore
768 525 863 582 carae,
898 508 935 568 ut
969 504 1033 569 alio
1067 507 1175 571 minus
1210 527 1280 572 esse

125 628 187 676 uras
204 610 407 693 significetur.
448 609 657 674 Manifestum
682 614 741 687 est,
766 615 954 693 corruptum
978 630 1050 674 esse
1066 619 1180 694 portes
1201 612 1281 677 scri·

123 716 292 800 beatumque
325 737 457 792 mercem
497 736 545 780 eae
580 736 665 780 earae
701 735 771 781 esse
806 721 953 799 possunt,
990 737 1103 782 earum
1138 718 1279 799 pretium

123 823 206 899 ruirt3
237 843 295 888 eas
325 823 491 905 publicani
522 823 692 887 habebant
720 843 760 886 ex
783 822 956 904 provinciis
981 823 1185 905 deportatas3
1220 843 1284 888 nec

121 928 298 1010 improbabile
321 932 381 1008 est,
416 929 580 995 Caesarem
603 931 717 1007 multa,
752 949 826 1012 quae
849 950 924 994 eum
948 933 1076 1012 quaestu
1100 930 1281 995 venundari

121 1039 226 1114 pauent,
260 1055 301 1100 ex
331 1035 541 1118 Hispaniensi
573 1040 718 1117 praetura
747 1037 912 1101 detulisse.
958 1037 1043 1101 Nam
1066 1040 1193 1101 veteres
1217 1037 1280 1101 illae

120 1139 186 1222 leges,
216 1142 334 1225 quihus
357 1145 525 1207 senatores
549 1136 735 1207 mercatura
758 1144 964 1220 arcebantur,
999 1142 1055 1207 illa
1077 1146 1176 1207 aetate
1199 1142 1278 1208 nihil
1321 1200 1324 1207 .

122 1247 248 1326 retebant,
272 1251 307 1314 in
329 1249 569 1332 provinciarum
593 1251 776 1330 praesertim
799 1249 975 1331 praesidum
999 1244 1168 1331 rapinis¹)

179 1355 208 1420 C.
232 1356 283 1433 13,
307 1356 352 1420 32
375 1375 574 1438 quanquam,
599 1356 686 1437 quod
715 1357 748 1420 in
777 1356 972 1421 editionibus
995 1356 1126 1438 legitur:
1159 1355 1278 1438 famem

120 1458 333 1526 1100100100
363 1469 451 1527 tuam
481 1483 544 1526 11011
572 1463 725 1546 expleras,
760 1482 819 1545 per
853 1483 888 1527 se
923 1465 1048 1527 rectum
1083 1466 1143 1540 est,
1179 1462 1281 1529 oritur

119 1566 197 1632 bueo
217 1568 378 1633 dubitatio
402 1588 443 1633 ex
465 1569 613 1634 oodicum
637 1570 807 1650 scriptura,
831 1571 886 1652 qui
910 1589 1033 1646 omnes,
1064 1570 1187 1651 opinor,
1218 1571 1278 1635 ba·

119 1668 173 1737 beot
192 1677 349 1759 expiarer,
384 1679 471 1740 certe
498 1676 544 1740 ita
572 1679 623 1740 est
652 1676 685 1739 in
708 1676 794 1754 Par,
829 1675 906 1753 Eri,
942 1674 1024 1739 Oxx.
1048 1679 1203 1758 quattuor
1226 1675 1280 1759 (ex

119 1777 214 1862 retiqrris
233 1782 363 1847 duobus
378 1801 462 1845 unus
485 1784 557 1847 hoee
580 1783 709 1859 omittit,
734 1782 775 1846 de
799 1781 902 1846 altero
925 1781 990 1845 iam
1008 1781 1099 1848 initio
1115 1783 1180 1848 dixi
1203 1803 1279 1866 per-

119 1902 179 1967 sepe
196 1890 372 1971 suspiciose
395 1887 505 1970 sileri).
552 1888 636 1953 Sunt
659 1889 745 1953 enim
770 1889 823 1953 alii
848 1908 977 1970 quoque
1001 1889 1072 1970 loci,
1097 1890 1152 1971 qui
1169 1892 1279 1954 osten·

119 1987 170 2056 dere
195 1995 379 2073 rideantur,
415 1995 569 2078 singulari
604 1995 747 2077 quadam
783 1996 996 2060 translatione
1030 1996 1122 2060 verbi
1156 1995 1278 2060 dietum

118 2114 166 2163 esse
181 2101 305 2184 famen,
329 2102 508 2185 cupidinem
532 2104 671 2185 expiare,
695 2102 822 2179 similia,
847 2106 1004 2183 tanquam
1022 2103 1165 2186 placare,
1190 2123 1279 2167 exsa-

119 2204 181 2283 tiare,
206 2228 268 2290 quo
296 2228 395 2274 sensu
419 2209 557 2273 verbum
580 2208 696 2290 legitur
718 2209 752 2272 in
774 2209 882 2273 Pison.
907 2210 937 2284 t,
970 2209 1024 2273 16:
1053 2229 1168 2292 peenas
1191 2230 1279 2293 espe-

119 2310 183 2393 tar,
220 2315 332 2401 petbus
372 2316 608 2379 coniuratorum
651 2336 759 2378 enonas
800 2321 994 2378 mortuoram
1034 2312 1126 2397 (mihi
1164 2313 1279 2396 iratos)
1292 2332 1333 2373 ⁶20

119 2420 261 2500 1101010110.
302 2421 370 2485 Nee
392 2440 512 2502 negare
536 2421 651 2497 ausim,
676 2422 825 2504 populari
848 2441 910 2485 usu
933 2440 1007 2485 eam
1031 2422 1278 2487 translationem

119 2526 206 2591 ausim
228 2528 413 2602 invaluisse,
437 2531 544 2591 ortam
567 2529 610 2591 ab
635 2528 793 2592 eiusmodi
816 2529 966 2611 imagine,
991 2528 1173 2592 cuiusmodi
1190 2529 1279 2611 apud

119 2623 253 2698 Horatium
278 2639 329 2698 est
352 2635 420 2699 Sat.
443 2634 480 2711 Il,
506 2637 536 2712 8,
560 2637 581 2699 5
605 2633 755 2715 (uentrem
776 2636 906 2717 placore
928 2633 1071 2716 iratum).
1108 2635 1192 2700 Nam
1209 2635 1278 2717 ipse

119 2731 197 2804 tieem
219 2745 250 2806 et
272 2741 400 2806 Hirtius
428 2743 462 2806 in
490 2742 538 2815 iis,
574 2761 655 2822 quos
686 2740 847 2818 indicabo,
883 2741 960 2805 loeis
993 2760 1077 2805 nove
1108 2746 1141 2805 et
1172 2743 1278 2806 iocose

119 2857 206 2918 ponere
236 2867 302 2913 non
337 2852 529 2930 potuerunt;
564 2868 676 2912 severe
710 2848 797 2911 enim
832 2848 1017 2929 loquuntur.
1063 2848 1179 2929 Attigit
1208 2867 1276 2911 rem

119 2943 276 3019 thtonius
299 2955 343 3020 ad
366 2961 449 3020 orat.
473 2956 514 3019 de
537 2975 628 3037 prov,
654 2975 741 3019 cons.
769 2955 796 3031 1,
822 2957 851 3030 2,
876 2956 935 3019 sed
959 2955 1054 3018 huius
1078 2954 1138 3018 loci
1162 2954 1277 3017 imme·

119 3069 166 3120 mor
181 3079 236 3125 nec
258 3062 532 3138 animadvertens,
569 3066 770 3143 quantopere
801 3062 834 3124 in
865 3062 999 3143 singulis
1030 3061 1108 3125 locis
1136 3061 1207 3124 haee
1229 3059 1277 3125 lo-

119 3162 177 3228 uuo
203 3168 281 3233 alias
313 3168 491 3250 scripturas
524 3169 772 3232 auctoritatibus
795 3172 975 3250 superaret.
1022 3168 1106 3231 Nam
1130 3166 1183 3231 illo
1207 3167 1277 3232 loeo

119 3267 165 3332 lud.
182 3273 211 3338 S.
233 3275 315 3339 Viet.
340 3273 407 3358 (eui
430 3275 555 3340 aceedit
577 3295 664 3339 nunc
686 3274 776 3355 Part)
805 3279 838 3338 et
861 3276 927 3338 Eri.
952 3275 1089 3338 habent:
1126 3273 1169 3336 ad
1193 3275 1277 3356 espi-

119 3375 190 3442 ltdoa
209 3403 284 3446 aras
306 3376 537 3465 cupiditatem,
573 3387 606 3446 et
636 3384 713 3446 item
745 3401 858 3446 omnes
886 3381 1001 3457 Palat,
1038 3400 1103 3444 uno
1132 3383 1277 3461 except,

118 3472 215 3567 inno
247 3492 361 3553 tamen
394 3508 459 3553 non
494 3493 544 3552 est
572 3489 751 3572 explendas,
787 3493 819 3552 et
847 3490 880 3552 in
903 3488 1042 3569 Philipp.
1067 3487 1148 3564 mv,
1172 3487 1203 3563 4,
1237 3486 1277 3549 ro

117 3586 199 3656 adem
221 3595 290 3659 fere
314 3599 364 3659 est
386 3597 470 3659 ratio
494 3595 551 3676 (ad
575 3595 751 3679 capiundas
774 3600 920 3679 apostatas
949 3594 1109 3657 latrocinii
1136 3590 1209 3673 sui),
1245 3597 1278 3655 et

116 3738 347 3762 g—..ss

132 3849 241 3925 'lluuou
260 3860 378 3915 Orellius
401 3866 428 3916 et
446 3862 571 3915 Halmius
590 3869 686 3927 partes
710 3859 822 3926 intelligi
846 3859 941 3911 volunt
965 3874 1019 3919 eas,
1047 3873 1116 3925 quas
1139 3855 1208 3908 Galli
1234 3873 1277 3908 ac·

159 3951 232 4013 tana,
256 3966 308 4002 nos
332 3952 426 4003 Acten
450 3951 628 4019 appellamus
658 3949 736 4002 valde
755 3948 859 4010 dubito,
887 3947 1042 4015 potueritne
1061 3946 1099 3998 sic
1118 3943 1276 4013 simpliciter

158 4037 204 4091 hoc
215 4039 382 4093 vocabulum
395 4039 423 4092 in
441 4040 493 4092 boc
508 4039 658 4107 praesertim
678 4037 807 4090 orationis
827 4041 955 4089 contextu
972 4035 1050 4103 poni,
1070 4034 1168 4087 deinde
1184 4033 1276 4086 huius-

155 4129 226 4182 modi
253 4134 376 4197 quaestus
401 4128 584 4196 suspicionem
612 4144 628 4180 a
655 4127 784 4180 Cicerone
813 4125 840 4177 in
870 4126 1004 4178 Caesarem
1033 4123 1127 4177 coniici
1156 4122 1277 4191 potuisse

154 4234 262 4286 prorsus
281 4234 363 4286 nego;
391 4223 529 4287 postremo
548 4216 597 4269 etsi
617 4217 715 4268 harum
736 4231 824 4267 rerum
845 4210 943 4281 parum
962 4229 1024 4265 sum
1043 4212 1154 4280 peritus,
1184 4215 1276 4263 tamen

151 4307 206 4361 scio
225 4323 282 4361 non
300 4306 407 4360 laudari
431 4305 458 4358 in
478 4305 520 4357 his
544 4304 658 4372 negotiis
677 4321 717 4367 ea,
741 4320 802 4370 quae
820 4309 901 4355 antea
920 4302 1067 4369 aliquando
1086 4317 1149 4352 cara
1167 4298 1277 4361 fuerint,

150 4397 198 4450 sed
227 4413 297 4464 quae,
326 4400 408 4447 antea
435 4393 549 4447 sortasse
577 4393 623 4446 vili
652 4393 738 4461 prelio
766 4397 931 4458 comparata,
960 4406 1032 4443 nunc
1061 4389 1150 4458 ipsum
1178 4404 1277 4455 magno

149 4481 299 4550 condent]

115 4582 125 4639 l
145 4572 221 4642 [Par.
240 4591 258 4628 a
279 4589 364 4626 manu
384 4571 397 4622 1
418 4573 572 4638 expiendas,
591 4586 607 4622 a
626 4586 710 4622 manu
729 4567 746 4619 ⁴2
765 4565 936 4636 expiandas]

1017 4656 1065 4706 26*
