2956 5190
735 298 804 364 420

170 495 305 574 Deinde,
329 514 403 577 quse
427 494 657 577 adiunguntur,
682 493 777 576 longe
799 493 882 559 alius
906 497 983 558 sunt
998 494 1142 578 generis,
1166 494 1275 573 labor,
1297 498 1364 561 sm

170 603 289 680 duitas,
325 604 448 678 cetera,
485 600 548 666 alis
576 600 676 665 etiam
704 600 861 666 orationis
889 599 997 666 torma
1023 597 1141 682 (talis).
1194 600 1265 666 Sed
1291 601 1364 667 isal

170 710 257 788 lime,
287 709 375 791 quod
398 706 539 791 perspici
562 706 645 784 volo,
677 706 865 789 intelligitur
887 727 928 772 ex
950 707 1000 785 iis,
1035 726 1113 790 qrrae
1136 707 1192 772 his
1216 710 1365 774 contraris

169 814 368 881 inferuntur:
404 813 545 878 Pramia
575 812 701 898 qudem
730 814 801 897 ipsa
831 833 895 878 non
924 821 997 878 snat
1026 814 1064 878 in
1090 813 1164 879 eius
1189 814 1291 897 facto,
1322 818 1367 902 qni

170 921 303 1007 adeptus
331 927 385 1001 ost,
419 919 475 985 sed
502 920 537 983 in
564 920 640 1000 sias,
675 921 731 1005 qni
758 919 855 984 aedo.
906 919 1020 1001 ltaque
1049 919 1228 1004 distinguit
1256 920 1366 995 Cicero,

170 1029 249 1110 quid
272 1026 374 1110 ipsius
398 1027 440 1091 sit
463 1025 613 1104 Cornelii,
642 1025 676 1089 in
704 1025 773 1091 eius
802 1026 890 1091 facto
911 1029 1067 1110 positum,
1096 1026 1183 1110 quid
1204 1027 1275 1093 nori
1297 1028 1365 1093 eius.

169 1133 229 1199 sed
252 1132 400 1199 aliorum.
446 1133 526 1210 lam,
560 1134 685 1216 opinor,
720 1137 822 1216 patet,
857 1134 1048 1200 Ciceronem
1071 1132 1265 1216 scripsisse:
1300 1133 1368 1199 Hae

169 1247 243 1305 sant
267 1240 415 1322 Cornelii,
449 1241 525 1305 talis
552 1237 697 1322 (qualem
725 1238 868 1324 ostendi)
898 1242 934 1304 in
960 1261 1082 1325 remp.
1105 1247 1257 1305 nostram
1278 1239 1367 1317 labor,

170 1349 232 1411 oet.
278 1345 402 1411 Eodem
425 1346 524 1411 modo
547 1345 626 1410 dicit
648 1346 775 1413 statim:
805 1346 886 1412 Hac
907 1354 980 1411 snat
1003 1348 1113 1411 onem
1129 1348 1278 1431 propria
1301 1346 1368 1412 ca

169 1454 257 1518 aelii.
291 1452 412 1518 Proelia
435 1454 582 1536 ineptum
606 1455 657 1517 est
675 1452 940 1535 supplementum
961 1453 1104 1519 hominis
1118 1455 1367 1520 substantivum.

169 1580 191 1625 a
214 1579 279 1642 quo
302 1560 462 1643 genitivus
486 1559 654 1643 penderet,
689 1559 915 1624 desiderantis.
961 1559 1035 1625 Fuit
1062 1563 1182 1625 tamen
1205 1561 1240 1626 in
1264 1580 1304 1626 eo
1324 1580 1367 1627 oo

170 1665 251 1742 dice,
287 1685 327 1730 ex
358 1686 423 1750 quo
454 1686 568 1731 omnes
595 1668 698 1732 nostri
722 1665 810 1731 ducti
833 1671 920 1730 sunt.
929 1661 954 1747 ¹)
998 1665 1197 1732 Proximum
1221 1668 1367 1733 mendum

169 1776 285 1838 notare
308 1776 342 1837 et
365 1792 501 1856 arguere
528 1794 674 1857 possum,
704 1773 863 1855 corrigere
890 1791 957 1838 non
984 1792 1133 1855 possum.
1181 1773 1271 1840 Nem
1294 1794 1321 1839 c.
1341 1773 1367 1839 3.

170 1880 190 1944 6
215 1879 335 1944 editur:
368 1879 422 1944 Sic
442 1881 579 1963 famam,
606 1881 652 1945 sio
674 1881 922 1944 innocentissimi
944 1880 1081 1946 bominis
1101 1881 1270 1964 sonneras,
1288 1902 1367 1965 pre·

168 1989 357 2052 stantissirni
378 1988 582 2071 imperatoris
601 1986 727 2069 factum
755 1986 960 2051 condemnari
988 1988 1104 2052 nolunt.
1150 1988 1262 2065 Petet,
1298 2006 1366 2052 con·

170 2096 271 2159 traria
305 2113 377 2159 esse
409 2094 570 2177 fortunas,
602 2093 742 2176 factum
775 2093 870 2175 farno
904 2094 959 2159 illa
994 2115 1058 2177 quo
1092 2094 1276 2177 pertineat,
1310 2113 1368 2159 non

170 2204 318 2284 apparet,
349 2201 437 2283 quod
467 2200 664 2265 vocabulum
687 2199 741 2264 illo
765 2199 836 2265 loco
859 2201 1002 2282 positum
1026 2205 1069 2279 et,
1104 2201 1251 2284 repetito
1273 2199 1367 2283 parti·

170 2309 253 2386 cula,
288 2308 472 2373 seiunctum
500 2326 566 2373 non
593 2309 698 2390 magis
727 2326 801 2372 oum
830 2308 938 2373 verbis
966 2309 1218 2373 innocentissimi
1240 2307 1368 2372 Ιιοηιίκίο

170 2434 270 2497 quam
294 2435 369 2480 cum
393 2415 514 2493 alteris,
543 2416 805 2498 prestantissimi
831 2415 1042 2498 imperatoris,
1078 2415 1235 2492 cohoeret,
1271 2417 1314 2492 et,
1344 2413 1367 2477 si

171 2523 359 2600 oohaereret,
394 2522 545 2586 turbaret
573 2521 798 2586 membrorum
827 2522 982 2587 orationis
1007 2522 1281 2597 concinnitatem
1313 2540 1368 2586 neo

171 2629 269 2693 iamae
293 2629 386 2693 Balbi
410 2628 589 2711 periculum
619 2631 700 2705 eret,
735 2647 842 2710 neque
873 2628 1070 2693 existimatio
1100 2630 1171 2692 eius
1202 2628 1366 2710 agebatur,

170 2735 284 2818 ltaqrre
307 2755 403 2800 voces
426 2737 471 2799 sio
501 2735 627 2816 samam
658 2734 855 2816 depravatas
888 2754 959 2799 esse
987 2738 1089 2816 patet.
1136 2735 1173 2798 ld
1196 2733 1366 2799 manifesto

171 2842 342 2907 confirmat
365 2842 467 2907 codex
490 2842 692 2918 ParisiensiS,
727 2843 761 2905 in
792 2861 857 2924 quo
888 2841 1040 2906 scribitur
1069 2843 1099 2905 si
1119 2839 1210 2922 famo
1234 2843 1264 2905 si
1286 2843 1365 2904 inno

170 2943 383 3030 cantissimi2),
413 2948 565 3029 idemque
589 2950 621 3011 in
645 2948 777 3013 alterius
801 2948 933 3013 familiae
956 2948 1101 3029 principe
1125 2947 1239 3012 codice
1263 2945 1364 3011 fuisse.

170 3055 288 3120 indicio
311 3059 389 3120 sunt
404 3054 486 3119 Oxx.
509 3058 577 3118 tres
601 3052 643 3135 (si
665 3062 769 3119 tomen
790 3054 879 3137 forise
901 3056 939 3135 si,
963 3057 992 3119 si
1014 3061 1120 3118 tannen
1140 3054 1245 3136 forna
1267 3056 1306 3135 si,
1326 3055 1366 3119 sic

131 3181 157 3219 rs
169 3161 279 3243 furna,
315 3162 418 3227 altero
452 3165 497 3227 sic
531 3160 675 3243 omisso).
734 3162 931 3226 Erfurtensis
966 3161 1121 3225 hocloco
1156 3161 1364 3243 interpolatus

171 3263 265 3349 θεῖε),
301 3271 362 3333 etsi
389 3289 431 3333 ne
460 3271 486 3334 is
511 3270 643 3352 quidem
666 3289 809 3350 prorsus,
845 3274 881 3333 ut
905 3267 1021 3344 editur,
1055 3267 1157 3331 habet
1182 3264 1225 3349 (si
1246 3267 1363 3349 fanan

170 3371 239 3455 sio).
297 3373 369 3456 [AB
398 3395 504 3458 poeria
538 3377 579 3439 sit
612 3376 703 3439 nulla
735 3376 823 3457 sarna
858 3378 903 3439 sic
938 3375 1193 3439 innocentissimi.
1253 3372 1365 3439 Orellio

170 3481 204 3545 in
238 3484 382 3545 mentem
417 3483 519 3546 venit:
554 3503 653 3565 pana
687 3484 728 3545 sit
767 3483 857 3545 terina
891 3485 955 3547 nisi
987 3481 1098 3564 fama.
1161 3480 1364 3546 Concinnitas

170 3587 393 3653 membrorum
426 3589 509 3652 inter
539 3608 575 3652 se
605 3589 782 3654 relatorum
811 3589 897 3653 hano
920 3589 1135 3654 adiectionem
1159 3589 1214 3651 vix
1236 3587 1364 3670 potitur.

173 3693 285 3775 1842]

259 3800 478 3882 Eodem'cap.
502 3800 520 3882 ὅ
545 3802 563 3864 7
589 3803 621 3865 in
644 3802 706 3867 hae
729 3802 905 3867 sententia:
943 3802 1005 3882 Qui
1031 3804 1060 3866 si
1083 3801 1241 3867 addianis
1262 3803 1362 3888 gratio

170 3909 275 3971 minas
297 3908 444 3971 idoneum
467 3908 622 3971 horninenr
641 3910 776 3992 proemio
800 3908 962 3991 affecisset,
987 3907 1071 3994 [qai]
1096 3911 1244 3974 etiamsi
1267 3912 1362 3973 sirum

199 4118 221 4187 ¹)
240 4119 341 4188 [Nihilo
359 4120 460 4175 rectius
479 4120 598 4174 Klotzius
617 4126 644 4174 et
663 4120 788 4175 Halmius
807 4137 857 4190 pro
880 4138 965 4190 pravo
989 4122 1183 4191 supplemento
1207 4123 1262 4178 buo
1281 4140 1314 4178 ex
1331 4123 1364 4176 in·

243 4209 340 4265 feriore
359 4210 418 4264 loco
436 4214 610 4265 retraxerunt
628 4226 863 4278 supervacaneum
879 4209 1018 4279 propria]

199 4295 221 4364 ¹)
241 4297 341 4364 [lmruo
360 4303 386 4351 si
401 4301 484 4365 fama
502 4301 541 4352 sic
560 4297 792 4365 innnocentissimi]

201 4382 221 4452 ³)
240 4388 294 4440 Cir.
318 4388 417 4456 disput.
442 4388 476 4441 de
499 4386 623 4440 Sestiana
647 4387 674 4439 in
699 4387 797 4455 Opusc.
822 4388 958 4456 prioribus
977 4408 1002 4458 p.
1022 4388 1082 4443 423.
1125 4390 1223 4444 Paucis
1248 4391 1367 4445 versibus

242 4483 306 4529 ante
325 4476 461 4541 (Donatus
478 4479 564 4544 igitur
582 4475 632 4540 est)
650 4484 687 4530 est
707 4477 783 4531 deest
803 4477 830 4530 in
849 4479 926 4532 codd.
945 4477 979 4544 (P
990 4479 1030 4546 E).
1059 4480 1144 4534 Scrib.
1164 4479 1260 4549 igitur:
1280 4483 1367 4537 noso·

241 4570 296 4617 tuot
316 4567 408 4632 igtur.
445 4565 499 4619 cfr.
519 4564 616 4634 Opusc.
636 4565 718 4632 prior.
737 4582 763 4635 p.
783 4564 844 4620 448.
