2956 5190
700 288 767 351 413

130 485 181 549 vir
205 484 318 549 doctus
342 482 386 547 ad
410 483 569 564 reliquam
592 481 788 547 sententiam
817 502 916 564 quam
940 483 983 547 ad
1005 483 1091 547 solos
1115 482 1225 566 apices
1248 483 1332 548 illius

129 590 290 656 vocabuli
306 589 457 654 attendit.
467 585 493 671 ¹)
539 588 576 652 In
598 589 648 666 iis,
673 609 746 671 quae
771 589 1005 671 adiungrmtur:
1029 610 1126 675 quum
1143 590 1257 673 potam
1275 611 1333 674 po·

123 697 202 781 puli
225 696 363 760 Romani
385 697 568 779 imperator,
591 696 743 759 iustrrccto
761 697 907 777 erratu,
931 696 1093 760 dexteram
1110 695 1248 778 terrdeus,
1273 717 1335 760 aaa

131 803 178 868 ad
201 803 328 867 taudem
350 803 465 867 matres
488 803 680 884 hortaretur,
703 802 758 866 ard
780 803 887 866 omnia
910 801 971 866 sibi
994 809 1022 866 rt
1039 809 1142 885 empta
1159 809 1186 866 et
1204 801 1335 866 emerrda

132 931 199 975 ease
222 911 378 986 clamaret,
402 909 527 974 habent
544 929 629 973 sane
653 908 779 974 codices
803 909 916 991 (etiam
939 907 989 990 P),
1014 914 1051 973 ut
1066 907 1206 973 Orellius
1224 908 1334 984 edidit,

130 1016 276 1080 bonaur
292 1050 335 1060 -
355 1017 482 1093 clamet;
506 1036 545 1081 ac
568 1021 680 1081 tamen
702 1015 894 1098 imperfecta
917 1015 1088 1079 retinenda
1110 1022 1190 1098 puto
1213 1017 1335 1098 partim

132 1123 179 1188 ob
214 1123 320 1204 ipsam
355 1124 552 1188 narrationis
587 1122 729 1187 formam
765 1127 798 1186 et
832 1122 1093 1187 coniunctionem
1128 1119 1248 1203 (actum
1283 1130 1336 1204 eat,
1467 1188 1471 1195 ,

133 1250 232 1314 quum
256 1263 299 1274 -
322 1228 498 1311 clamarat),
523 1233 594 1293 tum
617 1230 760 1294 maxime
783 1229 870 1311 quod
893 1227 1055 1310 particula
1077 1249 1173 1311 quum
1197 1248 1245 1306 eo,
1272 1245 1364 1310 quot

132 1335 198 1413 hic,
222 1336 321 1400 modo
346 1337 425 1417 poni
453 1336 621 1401 consuevit
648 1339 777 1401 tantum
807 1313 882 1400 cuni
910 1335 1100 1417 imperfecto
1129 1334 1337 1414 coniunctivi3

133 1444 307 1525 praesentis
332 1442 492 1524 temporis
515 1442 726 1507 indicativum
749 1441 903 1524 postulat.
939 1441 1034 1523 Saepe
1057 1439 1144 1505 enim
1167 1441 1201 1505 in
1224 1461 1338 1507 narra·

134 1549 235 1629 tione,
259 1549 415 1613 adiuncta
438 1567 498 1630 per
520 1549 714 1629 particulam
738 1569 833 1633 quum
849 1549 1022 1625 sententia,
1045 1548 1162 1612 modus
1178 1567 1218 1613 ac
1233 1548 1339 1613 forma
1438 1613 1442 1622 ,

136 1655 185 1720 rei
208 1660 291 1720 uctae
315 1656 519 1733 describitur,
543 1659 581 1719 ut
604 1660 661 1720 aut
683 1656 855 1738 participia
879 1660 936 1719 aut
955 1654 1100 1730 ablativi,
1117 1673 1207 1736 ‚quos
1226 1654 1339 1737 appel·

136 1762 217 1840 lant,
254 1763 495 1844 consequentia
527 1765 585 1825 aut
614 1781 711 1827 voces
743 1783 777 1825 eo
804 1760 905 1843 nudo,
940 1767 975 1824 ut
1001 1760 1164 1825 similesne
1186 1760 1339 1842 loquendi

138 1868 289 1933 formulae
312 1868 467 1933 substitui
497 1870 633 1951 possint.
679 1869 892 1935 Recentiores
923 1867 957 1931 in
989 1886 1062 1931 eam
1092 1871 1222 1949 partem
1248 1867 1339 1930 inali-

136 1978 231 2052 nant,
256 1978 292 2038 ut
314 1974 392 2038 dum
414 1978 540 2058 ponant
563 1974 685 2056 (Germ.
709 1972 840 2055 tudem).
885 1975 973 2040 Usus
1000 1993 1066 2040 non
1095 1973 1205 2054 ignoti,
1233 1973 1293 2037 sed
1320 1992 1340 2036 a

138 2081 240 2159 nullo,
265 2082 353 2164 quod
377 2083 489 2160 sciam,
514 2084 594 2147 satis
618 2081 756 2164 expositi
779 2082 930 2163 exempla
953 2082 1101 2157 afferam,
1125 2098 1225 2160 quum
1250 2079 1339 2160 prius

139 2188 263 2266 dixero,
288 2207 327 2253 eo
349 2190 454 2271 magis
476 2190 510 2253 in
533 2190 595 2253 hoc
619 2188 688 2254 loco
712 2208 732 2252 a
756 2187 921 2252 codicibus
938 2187 1104 2252 discedere
1123 2185 1228 2263 licere,
1253 2185 1341 2267 quod

138 2294 173 2358 in
196 2295 282 2360 notis
306 2295 378 2373 illis,
414 2295 533 2376 quibus
563 2295 596 2358 in
624 2295 718 2360 codd.
742 2294 1026 2377 distinguebantur
1048 2292 1191 2356 bortatur
1214 2295 1247 2355 et
1269 2290 1340 2355 bor-

139 2407 265 2464 tarrtur
289 2404 321 2465 et
344 2401 472 2479 similia,
497 2402 529 2465 in
552 2402 603 2466 his
626 2402 829 2467 orationibus
852 2401 971 2482 saepius
995 2403 1139 2464 erratum
1160 2401 1225 2475 est3
1249 2397 1342 2463 utin

141 2507 216 2571 Vat.
243 2508 293 2585 14,
318 2509 362 2572 34
385 2513 419 2572 et
440 2508 467 2573 P
490 2512 523 2573 et
546 2508 572 2572 Ε
595 2513 629 2573 et
651 2509 790 2573 sortasse
819 2527 932 2572 omnes
961 2506 1054 2571 codd.
1084 2504 1258 2570 arbitretur
1281 2525 1341 2588 pro

143 2612 359 2677 arbitraretur
388 2614 522 2680 habent.
568 2615 625 2680 Illo
648 2615 745 2697 igitur
768 2614 867 2678 modo
895 2613 1007 2678 Cicero
1035 2614 1069 2676 in
1091 2612 1182 2677 Verr.
1205 2612 1258 2691 lv,
1286 2613 1339 2690 48,

145 2718 224 2783 106:
260 2740 340 2804 quas
367 2719 482 2803 (faces)
510 2722 572 2786 sibi
599 2742 695 2807 quum
722 2723 793 2805 ipra
810 2718 983 2805 proferret
1005 2716 1052 2801 (id
1075 2721 1134 2797 est,
1163 2717 1341 2802 profereu-

143 2822 228 2907 tem),
262 2825 366 2890 orbem
394 2848 515 2892 omnem
537 2849 730 2913 peraprasae
757 2836 936 2902 terrarum
970 2844 1030 2906 pro
1053 2824 1159 2892 Sestio
1182 2825 1235 2904 63,
1262 2826 1340 2890 132:

146 2932 305 2997 Caesarem
338 2955 420 3018 sape
454 2937 622 3018 accusavit,
657 2956 753 3021 quum
787 2933 969 3016 affirmaret
991 2935 1069 3008 cet.;
1103 2952 1163 3014 pro
1194 2930 1342 2998 Cluentio

144 3039 199 3117 42,
237 3040 316 3104 119:
351 3041 612 3106 animadvertisse
650 3061 790 3106 remores
823 3042 859 3103 iu
892 3040 1011 3104 iudices
1044 3038 1212 3125 quosdam,
1247 3059 1343 3124 quum

145 3147 241 3210 irtam
264 3148 368 3231 basam
390 3168 520 3212 causam
542 3147 784 3224 saeculorem
808 3147 1019 3228 eiusdemque
1042 3147 1168 3228 generis
1193 3145 1343 3227 exempla

145 3256 224 3318 sunt
256 3274 316 3336 pro
349 3253 467 3318 Milone
490 3254 521 3332 5,
559 3255 600 3318 12
635 3252 889 3336 (criminabatur,
925 3274 1020 3338 quum
1054 3249 1183 3334 durrat)
1217 3256 1251 3316 et
1284 3271 1343 3334 pro

145 3359 257 3438 Quint.
281 3361 312 3439 4,
339 3361 390 3424 15.
436 3361 500 3425 Pro
524 3381 619 3445 quum
647 3360 681 3424 in
708 3360 818 3425 multis
847 3360 941 3426 codd.
970 3359 1183 3425 substitutum
1211 3363 1283 3423 erat
1309 3364 1344 3421 ut

147 3466 247 3530 Tusc.
263 3466 301 3544 V,
325 3467 378 3546 27,
404 3467 456 3530 ii.
475 3464 592 3548 [Add.
617 3467 658 3531 de
681 3465 772 3532 Orat.
789 3467 812 3545 l,
837 3467 890 3545 20,
914 3467 954 3530 91
973 3471 1006 3531 et
1025 3468 1079 3546 24,
1106 3467 1178 3542 112,
1203 3464 1273 3530 Cat.
1293 3464 1343 3541 10,

146 3573 201 3637 33.
236 3573 382 3638 Gramm.
406 3574 477 3637 Lat.
501 3570 803 3654 §358110t2eu
827 3572 874 3655 3.]
908 3573 962 3639 Ad
983 3574 1070 3637 hunc
1093 3573 1191 3654 igitur
1210 3571 1344 3635 modum

146 3679 408 3762 interpungenda
439 3681 543 3745 oratio
574 3687 624 3745 est
654 3680 689 3744 in
719 3679 857 3745 Caesaris
885 3679 922 3744 B.
946 3679 982 3744 C.
1006 3680 1043 3758 Π,
1075 3680 1129 3757 44,
1161 3681 1199 3743 ut
1229 3678 1344 3742 verba:

146 3807 244 3872 quum
274 3785 380 3851 Varus
402 3807 495 3850 suam
515 3786 611 3868 fidem
634 3785 674 3850 ab
704 3807 737 3852 co
766 3785 842 3851 tacti
869 3794 1052 3872 quereretur
1079 3806 1176 3870 acque
1202 3785 1346 3848 resistere

147 3891 279 3957 auderet
301 3893 524 3976 superioribus
548 3893 776 3976 adiungantur,
807 3893 851 3958 ad
874 3888 947 3974 quau
970 3893 1144 3975 pertinent,
1176 3890 1347 3972 diiungan·
1382 3931 1385 3936 -

177 4102 198 4171 ¹)
217 4105 323 4159 Vellem
343 4105 456 4160 omnino
475 4106 558 4175 paulo
577 4111 649 4159 esset
667 4106 714 4159 Vir
732 4104 771 4159 (ll.
790 4104 895 4158 cautior
913 4104 942 4158 in
961 4103 1153 4161 coniectando;
1172 4102 1248 4157 velut
1266 4101 1348 4170 paulo

220 4199 285 4248 ante
303 4210 354 4263 pro
367 4197 505 4262 posterior
524 4193 639 4248 tortasse
656 4193 831 4247 scribendum
855 4198 934 4261 putat
952 4195 1038 4261 pertis
1061 4194 1165 4246 tetrior.
1202 4189 1269 4258 Quis
1293 4205 1349 4243 non

221 4283 303 4347 ridet,
322 4283 363 4336 sic
381 4284 500 4338 duorum
518 4282 716 4338 adiectivorum
734 4281 959 4351 compositionem
979 4279 1127 4350 (portata
1145 4297 1182 4334 au
1196 4277 1349 4347 infelicior),

220 4374 336 4429 relatam
355 4374 391 4427 ad
410 4373 465 4426 duo
483 4371 656 4426 substantiva
680 4367 810 4437 (satura
834 4388 894 4426 cum
917 4369 1108 4438 improbitate),
1133 4367 1289 4437 corrumpi?
1316 4367 1350 4421 Et

220 4463 286 4531 quid
304 4462 354 4517 fiet
373 4460 484 4530 reliquis
502 4461 577 4526 locis,
606 4460 714 4529 quibus,
742 4458 765 4512 si
783 4458 828 4513 hic
847 4464 1006 4528 corruptum
1024 4464 1066 4512 est
1079 4460 1225 4527 portator,
1252 4456 1348 4511 similis

220 4551 379 4606 adhibenda
398 4549 534 4605 medicina
552 4549 623 4604 erit?
