2948 5206
89 222 94 353 i
680 281 741 346 137

89 374 97 569 i
154 472 215 537 orbi
234 474 400 559 occupandi
424 476 602 560 parabatur,
634 477 701 542 ibd.
722 467 778 555 52,
807 476 942 542 Tacitus
964 476 1049 541 Hist.
1072 477 1124 555 lv,
1152 478 1211 542 42:
1246 498 1308 542 non

89 606 92 675 t
151 580 287 664 imiimi
302 583 452 664 periurii,
475 583 531 647 scd
552 584 588 647 in
610 583 877 666 spem-patenum
900 582 986 647 idern
1006 584 1104 648 etiarn
1121 583 1208 648 Ann.
1222 584 1307 664 XIV,
1323 602 1362 646 tu

149 687 190 751 63:
202 686 377 770 posadum
399 691 435 753 in
457 709 543 774 spem
565 689 725 753 socianda
747 690 857 753 classis
879 696 1071 773 corruptum,
1095 693 1127 755 et
1150 690 1235 756 Hist.
1255 691 1307 770 111,
1402 767 1404 771 ¹

144 794 175 857 ii
192 802 323 878 corrupto
345 797 382 859 in
403 816 489 880 spem
512 798 704 881 rapinarum
727 786 921 881 cpmnissinm
940 816 1067 881 quoquc,
1091 795 1149 860 ubi
1165 797 1307 880 primum

141 901 257 982 inspern
280 901 441 981 inductos
463 903 594 968 <deinde
623 923 682 986 spe
711 902 754 967 ad
777 907 885 968 cetera
907 905 1030 968 tractos
1054 903 1191 981 indicat;
1225 904 1307 969 Plin.

137 1005 231 1089 Pancg.
253 1007 294 1071 27
331 1006 509 1089 (interdurn
542 1009 622 1074 nihil
658 1008 747 1075 aliud
781 1028 880 1091 quam
909 1011 1045 1075 actionis
1074 1011 1108 1074 et
1136 1011 1207 1092 spei
1230 1030 1307 1076 con·

138 1115 234 1178 itmctio
255 1115 465 1197 significatur,
489 1119 527 1179 ut
550 1135 651 1197 quum
670 1116 779 1179 Livius
797 1116 909 1193 XXVI,
935 1116 986 1193 16,
1012 1116 1050 1179 11
1075 1116 1309 1181 multitudinem
1443 1174 1446 1179 ,

133 1221 225 1283 nciam
244 1221 437 1306 dissipatam
459 1222 494 1284 in
511 1222 634 1285 nullom
651 1243 735 1306 spem
755 1222 876 1286 reditus
893 1221 1002 1304 dixit);
1025 1225 1097 1286 tum
1114 1225 1149 1286 in
1163 1221 1308 1305 favorem

133 1325 172 1407 (cn
180 1327 286 1409 faacur
296 1328 337 1393 dc
349 1326 539 1414 quicquan),
552 1331 589 1393 ut
600 1328 689 1410 apud
701 1328 813 1393 lustin.
821 1328 917 1406 XVII,
931 1329 967 1393 2:
979 1329 1015 1391 in
1024 1328 1169 1411 favorem
1180 1330 1309 1394 ultionis

132 1432 303 1517 Lucinochi
320 1434 355 1500 id
373 1438 433 1511 cst,
453 1434 536 1520 quod
552 1434 741 1499 Ptolcmoeuo
756 1433 980 1519 Lysimachum
998 1435 1083 1498 ultus
1095 1442 1164 1498 crat
1176 1433 1225 1516 [et
1241 1437 1307 1500 iarn

131 1543 193 1604 unte
212 1541 297 1624 apud
319 1542 488 1606 Lucanum
506 1540 545 1618 X,
569 1540 667 1623 417];
690 1544 857 1623 postremo
879 1541 978 1606 ctiam
996 1543 1032 1604 in
1048 1541 1155 1605 odium
1173 1541 1309 1606 alicuius

132 1642 174 1727 [ut
191 1647 272 1730 apud
288 1648 400 1713 Gallos
422 1668 461 1711 cn
477 1647 572 1711 haine
588 1647 628 1711 dr
645 1645 837 1733 quelqunnL
862 1648 1031 1730 quodiam
1048 1646 1137 1728 apud
1154 1645 1316 1712 Ovidium'

131 1756 172 1817 tu
188 1754 312 1819 Metam.
336 1754 419 1831 XIV,
449 1755 485 1818 71
520 1752 576 1836 (ln
608 1753 714 1818 Circes
739 1753 846 1817 odiam
874 1755 967 1818 sociis
995 1754 1141 1838 spoliarit
1170 1750 1306 1836 Ulixen),

132 1858 204 1940 apud
223 1860 373 1925 Tacitum
398 1863 509 1925 autern
528 1860 613 1924 Hist.
633 1860 657 1937 Ι,
684 1861 726 1925 12
749 1859 797 1942 (in
819 1859 855 1924 Τ.
881 1859 970 1923 Vinii
985 1859 1105 1942 odium)
1128 1880 1194 1924 non
1210 1860 1306 1925 intel·

132 1963 229 2031 iccium
250 1969 351 2032 miras
369 1967 606 2049 disputationes
623 1969 656 2031 et
673 1967 880 2044 mutationes,
904 1986 1009 2050 nuper
1025 1985 1165 2048 quoque,
1188 1985 1306 2049 provo·

133 2074 214 2150 carit3
234 2075 280 2140 ita
302 2074 403 2138 etiarn
426 2073 526 2137 lulius
548 2072 654 2156 Capit.
678 2073 960 2138 irrotantur.
982 2073 1023 2137 12
1040 2073 1134 2138 dixit:
1159 2094 1180 2136 a
1195 2080 1306 2137 senatu

135 2186 238 2244 mam
258 2187 302 2245 cat
323 2182 361 2244 in
384 2180 492 2244 adina
514 2181 677 2263 specimim
702 2179 809 2244 Severi
832 2177 1013 2261 [Maximin.
1031 2179 1072 2243 13
1090 2183 1123 2244 et
1143 2181 1199 2247 14:
1223 2181 1306 2246 Tre·

134 2283 194 2349 heti.
212 2286 296 2369 Trig.
318 2290 382 2370 tyr.
406 2285 476 2368 22].
511 2286 563 2350 Ab
586 2287 649 2351 hac
672 2286 812 2368 denique
835 2285 984 2369 analogia
1007 2287 1194 2364 deductum,
1218 2287 1306 2370 quod

135 2388 243 2458 Tacitus
269 2394 401 2476 scripsit
430 2393 516 2457 Ann.
539 2392 612 2470 XV,
641 2393 702 2456 44:
737 2400 890 2477 tanquam
917 2414 980 2456 non
1007 2395 1143 2459 militate
1163 2394 1304 2478 ptcblica,

135 2495 178 2559 rut
194 2500 224 2561 in
243 2500 399 2563 sunniam
422 2501 519 2564 unius
541 2499 789 2575 absumerentur,
824 2499 857 2563 id
885 2503 945 2577 est,
979 2504 1113 2582 propter
1135 2501 1304 2579 servitiam,

136 2605 203 2667 ntei
223 2605 405 2670 satisfieret.
415 2601 440 2687 ¹)

203 2709 406 2776 Omittendus
435 2716 484 2776 est
512 2710 564 2775 hic
593 2712 682 2775 locus
710 2711 848 2777 difficilis
878 2730 905 2775 c.
930 2711 982 2787 33,
1018 2713 1070 2789 82,
1106 2712 1208 2794 qnod,
1244 2716 1304 2777 nisi

136 2815 271 2896 explicata
293 2817 498 2882 comitiorum
523 2818 605 2882 illius
629 2820 735 2883 aetatis
758 2820 894 2894 ratione,
929 2819 970 2883 de
999 2838 1064 2900 qua
1086 2821 1180 2885 rnuiti
1202 2822 1304 2885 multa

136 2919 260 2989 dixerunt
287 2944 403 3007 parum
435 2931 539 3002 certa,
575 2925 734 3006 disputari
769 2925 810 2989 de
845 2945 883 2989 eo
918 2929 1006 2990 recte
1033 2927 1161 3007 nequit3
1196 2928 1305 3009 itaque

136 3025 218 3094 dium
237 3030 394 3112 breviter,
425 3032 480 3113 qui
508 3050 591 3095 meae
615 3033 810 3096 coniecturae
833 3050 947 3095 sensus
970 3033 1021 3107 sit,
1056 3051 1122 3115 qua
1144 3035 1311 3116 posterius'

135 3138 311 3200 renuntiatur
334 3137 509 3201 delendum
532 3137 682 3202 iudicavi.
728 3138 803 3202 Veri
827 3138 1025 3202 simillimum
1056 3142 1114 3215 est,
1144 3139 1198 3204 illo
1221 3143 1305 3205 tem-

135 3257 194 3319 pore
224 3245 256 3307 in
289 3243 424 3327 singulis
458 3243 610 3308 centuriis
650 3263 796 3308 seorsum
837 3244 956 3308 classes
995 3245 1113 3308 civium
1152 3247 1305 3328 suffragia

135 3346 231 3426 iniisse,
254 3369 294 3414 ca
316 3352 350 3414 in
374 3351 508 3433 singulis
531 3350 689 3415 classibus
712 3353 894 3428 numerata,
919 3370 1023 3433 exque
1047 3345 1192 3416 omnium
1210 3354 1305 3417 umus

136 3457 264 3520 antunae
304 3457 458 3522 classium
498 3457 658 3539 suffragiis
699 3457 868 3521 collectum
909 3477 980 3521 esse
1020 3460 1305 3541 renuntiatumque

136 3559 269 3626 universae
291 3561 498 3645 suffragium
522 3563 751 3645 suffragiorum
775 3564 889 3644 primae
913 3565 1023 3628 classis
1044 3565 1198 3628 centuriae
1220 3585 1305 3646 prae-

138 3669 265 3746 rogntivae
288 3670 506 3734 diribitionern
535 3676 566 3733 et
595 3671 854 3734 numerationem
886 3670 1058 3753 significari
1089 3673 1169 3752 puto
1198 3669 1304 3734 verbis

139 3767 196 3835 iiis:
225 3774 344 3858 danae,
377 3783 412 3840 ut
436 3777 557 3856 accain,
591 3775 760 3860 suffrapia.
807 3777 892 3841 Ante
916 3797 988 3841 earn
1013 3781 1100 3841 certe
1122 3777 1211 3841 nulla
1235 3779 1305 3840 erat

143 3882 317 3947 renuntiatio.
362 3882 476 3964 ltaque
504 3884 590 3948 male
624 3884 799 3966 repetitum
835 3884 932 3948 credo
967 3883 1160 3948 vocabulum
1191 3903 1305 3946 ranun-
1320 3901 1358 3941 no

144 4013 375 4033 x—

165 4082 294 4155 'tmen
312 4095 395 4149 modo
414 4095 471 4148 haec
490 4095 630 4150 dicuntur:
661 4100 691 4148 r'n
713 4089 862 4163 roupertum
881 4098 997 4150 olimina
1015 4096 1077 4149 Sen.
1097 4094 1131 4148 de
1149 4093 1242 4148 Benei.
1262 4094 1305 4159 IV,

199 4175 235 4233 ³²·
253 4180 268 4231 ‘2
284 4199 331 4251 pro
350 4200 391 4248 co,
419 4186 493 4253 quod
518 4185 591 4254 apud
614 4185 722 4239 Livium
746 4191 773 4239 et
797 4186 865 4239 alios
883 4190 925 4239 est
943 4192 1072 4252 respectu,
1099 4186 1129 4235 in
1145 4186 1306 4251 pertinacior

199 4272 458 4331 montanismi.
477 4274 545 4343 Aug.
564 4272 607 4337 27,
628 4277 658 4327 in
676 4283 852 4343 contemptum
873 4275 1073 4342 Spartanorum
1093 4272 1158 4325 lust.
1172 4272 1216 4334 ΙΙΙ,
1236 4271 1261 4335 5,
1280 4271 1316 4336 5,·

204 4355 360 4414 finitionem
383 4365 441 4415 einr
464 4363 538 4416 Suet.
558 4362 621 4417 oth.
640 4363 657 4415 9
676 4368 743 4417 extr.
769 4369 796 4416 et
815 4364 880 4417 lust.
900 4362 1005 4425 XXVII,
1030 4361 1054 4413 1.
1092 4361 1144 4414 Pro
1163 4377 1203 4423 eo,
1232 4362 1303 4428 quod

205 4448 237 4494 cst
251 4449 275 4498 in
290 4449 413 4504 bonorem
432 4453 548 4504 atmuina
566 4455 614 4515 rei,
634 4451 701 4505 Geli.
715 4453 745 4515 V,
764 4450 789 4515 2,
809 4450 826 4501 5
844 4457 871 4505 et
890 4453 954 4505 lust.
972 4450 1029 4513 ΧΠ,
1048 4449 1072 4508 8,
1093 4450 1108 4501 i
1127 4450 1255 4505 dixerunt
1273 4453 1304 4504 ob

206 4530 316 4600 momen,
334 4539 384 4593 etsi
405 4539 477 4607 apud
496 4539 613 4594 Gellium
633 4541 723 4595 editur
741 4542 772 4594 ab
791 4544 854 4609 eqni
870 4537 1003 4606 honorea]
1365 4537 1368 4544 '
