2948 5206
621 307 662 373 97

44 501 180 567 videtin.
236 501 440 585 ineptissime
474 505 562 569 enim
597 503 742 581 additur,
783 523 885 586 quum
923 524 989 570 non
1028 526 1069 572 ex
1102 509 1239 574 oratoris
1337 562 1340 568 .

47 627 193 690 persona,
227 607 287 674 sed
318 627 359 673 ex
389 609 492 692 ipsius
522 608 633 675 Roscii
662 610 734 675 haec
756 607 952 693 dicantur.²)
997 611 1155 679 Additum
1179 618 1238 689 est,

53 734 147 797 quum
168 714 283 781 deesse
304 716 512 781 accusativus
536 716 709 794 videretur,
734 715 790 799 qui
813 718 1098 801 exsuperioribus
1121 719 1239 784 intelli·

56 820 169 903 gendus
196 825 255 887 est
301 821 465 886 Frondem
495 823 548 888 vel
578 823 668 888 locus
696 822 818 905 arguit3
853 823 965 890 Cicero
995 844 1061 890 non
1092 828 1239 891 extremo

59 926 122 992 ioco
149 930 221 1009 post
253 926 356 992 verba
391 929 564 1011 posuisset.
622 930 745 996 Eodem
785 929 883 995 modo
917 949 1038 996 nomen
1071 932 1239 1014 proprium

64 1033 269 1116 expellendum
293 1036 375 1113 erat,
398 1038 436 1099 ut
452 1035 581 1101 viderat
596 1037 662 1101 iam
679 1036 896 1117 Hotomanus,
921 1036 974 1114 39,
1000 1036 1064 1102 115
1081 1037 1114 1102 in
1130 1037 1239 1102 verbis

62 1138 166 1222 pauo
185 1139 297 1205 Bomio
319 1140 493 1206 mandatus
516 1148 574 1218 σείς
597 1141 710 1207 turbat
733 1142 882 1208 membra
905 1144 1071 1226 opposita3
1094 1163 1173 1209 nam
1196 1143 1239 1208 ad

69 1244 119 1310 sa
136 1245 260 1312 hodon
286 1245 453 1312 mondavit
482 1248 622 1313 refertur
653 1270 674 1313 a
705 1249 925 1314 dmrionibuo
949 1248 1075 1334 publice
1103 1249 1238 1314 mondo·

69 1359 109 1415 to
125 1360 171 1431 est,
192 1371 253 1418 nec
274 1352 348 1418 hoec
370 1352 478 1418 divelli
500 1359 652 1437 possunt3
683 1355 823 1421 refertur
844 1360 983 1438 utraque
1005 1375 1083 1438 pars
1105 1359 1238 1421 senten·
1253 1362 1320 1416 rao*

70 1458 112 1522 tia
130 1458 167 1523 ad
186 1478 367 1542 pronomen
390 1479 562 1526 commune
585 1461 677 1527 initio
699 1464 857 1544 positum:
893 1461 987 1527 Nono
1014 1482 1077 1527 non
1104 1462 1239 1526 hancei

70 1584 133 1642 mc
161 1565 302 1648 alioquin
331 1565 449 1631 saltem
480 1566 589 1649 ipsum
620 1556 741 1633 nomen
770 1568 861 1633 initio
889 1569 1077 1651 ponendum
1112 1568 1237 1645 diisset,

70 1670 163 1736 deinde
183 1691 380 1755 pronomem
414 1669 503 1738 ‘recte
531 1673 565 1738 in
591 1693 685 1739 novae
713 1660 885 1740 s'ententiae
915 1673 1047 1740 exordio
1070 1674 1238 1739 subiicitur

69 1784 137 1842 doc
155 1799 188 1843 co
213 1777 250 1843 T.
267 1778 410 1858 hodos,
435 1780 547 1845 addito
569 1781 780 1862 praenomine,
804 1780 892 1863 quod
910 1779 1013 1853 altero
1036 1780 1106 1846 loco
1123 1782 1238 1849 deesse

67 1883 231 1952 Sriuetrius
257 1886 371 1951 sensit.
415 1885 587 1952 Postremo
615 1905 675 1969 pro
703 1887 816 1951 Roscio
847 1886 898 1952 ed.
929 1887 1015 1952 1472
1046 1887 1147 1952 habet
1175 1887 1237 1953 Ro

65 1993 138 2070 eius,
158 1992 361 2076 glossematis
385 1995 510 2058 cerium
533 1993 698 2058 indicium.
1112 1977 1116 1985 ’
1336 2046 1339 2051 .

135 2098 167 2164 C,
191 2100 242 2177 14,
265 2100 321 2165 40.
361 2098 465 2182 Patri,
488 2101 600 2186 inquit,
623 2120 686 2165 noo
702 2100 859 2185 florebat
901 2100 1004 2181 Οιιαηι
1027 2099 1064 2165 ob
1086 2101 1239 2166 causam?

65 2203 289 2288 Repetebantur
311 2210 389 2272 ante
412 2227 508 2292 qrcom
529 2207 647 2273 verba:
672 2207 766 2272 Potm'
787 2207 1036 2291 conplacebat?
1056 2206 1104 2271 Ea
1121 2206 1236 2287 delevi,

65 2315 172 2377 eorus
200 2311 272 2378 cod.
295 2310 400 2377 Oxou.
424 2325 448 2380 ψ
473 2317 507 2379 et
536 2314 614 2379 edit.
640 2313 725 2378 1472
756 2316 790 2378 et
819 2314 980 2380 rationem
1011 2312 1236 2381 cerussimanr.

65 2415 156 2484 (icero
176 2421 263 2484 enim
286 2438 388 2502 quum
411 2439 452 2484 ex
475 2419 738 2485 adversariorum
760 2439 901 2503 persona
929 2419 1052 2502 aliquid
1079 2418 1157 2485 dicit
1179 2423 1237 2485 aut

65 2541 156 2590 eorum
176 2526 373 2591 sententiam
396 2529 554 2609 tanquam
577 2546 690 2592 reram
713 2527 814 2609 ponit,
839 2530 875 2590 ut
897 2527 1009 2591 statim
1025 2527 1237 2593 vehementer

64 2630 224 2715 redarguat,
252 2652 422 2716 nunquam
450 2633 505 2698 ilia
532 2634 635 2698 verba
657 2633 776 2716 repetit
798 2652 858 2715 per
880 2633 1176 2715 interrogationem,
1201 2637 1236 2698 ut

65 2735 122 2802 hnic
142 2758 212 2804 cum
235 2739 451 2805 admiratione
474 2741 611 2822 prolata>
642 2742 835 2821 argumenta
863 2739 1038 2821 subiungat
1066 2743 1236 2806 contrariae

65 2848 220 2925 saeuum,
255 2849 292 2911 ut
321 2865 381 2912 nos
404 2846 472 2910 tere
496 2845 529 2909 in
552 2850 663 2910 nostro
686 2864 836 2911 sermone
860 2846 1007 2924 facimus,
1043 2847 1102 2912 sed
1124 2849 1234 2913 statim

67 2951 295 3018 crannonem
319 2952 458 3030 subiicit,
482 2952 550 3017 sive
574 2972 633 3034 per
655 2953 941 3036 interrogationem
964 2955 1033 3018 sive
1055 2974 1115 3036 per
1133 2954 1235 3036 parti·

67 3055 150 3122 cuirm
171 3067 204 3123 ot
224 3058 295 3124 sive
318 3058 382 3124 alio
404 3058 512 3123 modo.
547 3060 656 3142 Atque
679 3059 775 3124 huius
798 3060 925 3142 generis
948 3060 1098 3143 exempla
1115 3060 1235 3143 ubique

66 3166 134 3241 snt,
165 3165 317 3230 contrarii
351 3165 456 3242 nulla,
491 3165 552 3230 nisi
585 3166 619 3229 in
652 3166 715 3230 hac
748 3166 894 3231 oratione
929 3186 1030 3230 unum
1064 3170 1235 3249 praeterea,

66 3268 142 3334 etiam
164 3272 308 3353 apertius
331 3273 451 3338 falsum
480 3276 513 3337 et
541 3292 561 3337 a
591 3292 644 3337 me
673 3272 849 3337 sublatum.
895 3273 979 3337 Nam
1005 3273 1056 3350 19,
1091 3273 1144 3350 54,
1180 3273 1236 3337 ubi

66 3371 153 3441 (icero
175 3397 250 3442 cum
273 3377 390 3443 Erucio
412 3398 449 3442 se
473 3380 681 3444 sermocinari
704 3380 806 3463 fingit,
841 3381 887 3445 sic
915 3380 1135 3445 scribebatur:
1171 3379 1235 3444 Ea·
1311 3458 1318 3472 ι

66 3476 193 3548 necare
212 3483 318 3566 filium
340 3485 447 3548 voluit.
471 3520 513 3528 —
539 3485 641 3564 &cum
664 3485 700 3548 ob
723 3487 879 3550 causam?
900 3521 942 3532 —
966 3486 1089 3550 Nescio.
1108 3520 1150 3532 -
1171 3485 1235 3550 Ea·

64 3583 266 3655 &domimi
299 3626 342 3636 -
378 3589 461 3654 Non.
497 3625 537 3634 -
575 3592 653 3671 Quis
680 3592 867 3675 prohibuit?
898 3627 941 3637 -
983 3592 1157 3677 Oooitobot.
1192 3626 1234 3636 -

67 3691 227 3778 uorum?
248 3699 300 3761 oui
322 3696 428 3759 dicit?
447 3731 492 3740 -
515 3696 654 3762 Nemini.
690 3698 863 3781 Repetitur
886 3699 1042 3783 cooitabot
1064 3719 1103 3763 eo
1126 3698 1233 3771 mod0,

65 3817 111 3880 qm
130 3803 203 3881 dixi,
228 3804 272 3867 ad
295 3822 395 3885 quam
417 3804 575 3868 rationem
601 3806 677 3868 ante
694 3804 903 3870 scribendum
920 3807 1006 3869 erat:
1031 3803 1235 3869 Exheredare

62 3904 143 3984 filiam
164 3910 270 3974 voluit.
300 3945 342 3954 —
373 3909 577 3975 thoredore
600 3911 719 3976 voluit?
752 3913 811 3992 Qu.
834 3931 861 3975 o.
886 3911 935 3974 a?
967 3911 1032 3975 Sed
1055 3910 1234 3975 attendenti

64 4019 143 4092 petet
169 4017 342 4083 artificiose
369 4020 527 4082 structam
550 4020 729 4083 orationem
753 4022 819 4082 tres
843 4018 936 4098 quasi
959 4017 1089 4081 ordines
1112 4016 1234 4080 habere

64 4122 194 4202 equales,
228 4125 325 4190 simili
357 4126 454 4190 modo
485 4128 583 4207 atque
614 4125 648 4189 in
678 4125 748 4188 loco
779 4124 975 4202 Scaurinum,
1012 4124 1052 4188 de
1077 4142 1145 4205 ,quo
1169 4121 1233 4186 dixi

65 4223 146 4307 Epist
175 4231 216 4295 ad
239 4231 395 4297 Oreliium
419 4252 451 4313 p.
475 4231 528 4295 94.
574 4231 610 4293 ln
641 4230 746 4312 primo
777 4230 908 4311 ponitur
936 4230 1113 4295 adversarii
1143 4249 1233 4294 asse·

88 4469 106 4538 ¹)
120 4472 249 4541 [Extrema
267 4477 455 4546 interrogatio:
483 4479 609 4532 mamm
637 4483 688 4532 cet.
712 4477 788 4531 nulio
807 4483 886 4545 pacto
904 4495 921 4531 a
938 4476 1123 4545 superioribus
1142 4476 1234 4530 divelli

122 4563 222 4633 rotent]
1006 4652 1020 4705 7
