2948 5206
672 296 737 360 355

185 491 226 556 C.
246 492 301 570 16,
325 491 367 556 31
392 495 480 557 recte
502 491 546 568 id,
571 491 659 573 quod
681 489 824 554 maxime
841 490 1067 571 corrigendum
1085 495 1165 568 erat,
1190 512 1302 557 emen-

115 594 200 662 tasse
227 597 370 674 videtur,
404 599 551 680 quisquis
581 598 706 678 primus
736 595 875 677 scripsit,
911 605 946 660 ut
976 616 1064 661 nunc
1091 597 1212 663 editur:
1247 600 1303 662 Ad

115 722 195 766 mm
217 705 302 767 enim
325 704 488 788 quandum
517 705 620 788 magis
650 703 705 767 ille
733 703 871 786 pluriam
902 724 997 787 qaam
1028 705 1072 767 ad
1097 709 1302 789 perspicuam

119 810 237 874 mladcm
264 811 313 874 rei
335 810 472 894 publica
498 817 667 893 spectarat,
702 830 798 894 quum
831 830 915 875 arcas
949 813 984 873 iu
1017 812 1114 896 tapam
1142 834 1205 897 per
1238 816 1301 877 vim

124 916 206 979 totam
229 918 341 980 iurare
362 917 472 994 adad,
508 935 641 998 pmcn,
676 916 764 997 quod
794 916 827 978 in
858 916 1024 981 codicibus
1056 920 1208 984 omnibus
1240 925 1299 996 est,

129 1021 393 1106 nuperrimam
418 1023 459 1088 de
482 1024 610 1088 duobus
633 1022 872 1088 Oxoniensibus
895 1023 1023 1088 silentio
1040 1026 1092 1089 vix
1108 1027 1215 1103 credo,
1240 1030 1301 1093 etsi

132 1129 239 1195 ilnihil
261 1130 306 1194 ad
333 1128 433 1210 rem);
468 1149 545 1194 nam
576 1130 701 1194 nullum
735 1129 823 1193 aliud
854 1129 991 1193 verbum
1023 1135 1138 1212 aptum
1166 1135 1300 1215 reperiri

135 1240 229 1317 potest;
250 1245 427 1320 sumpserat
450 1237 592 1318 quidem,
617 1237 744 1300 etiamsi
767 1236 817 1299 bis
841 1236 885 1299 ad
908 1237 1029 1311 deleas,
1053 1238 1095 1302 de
1119 1259 1184 1320 quo
1207 1239 1300 1304 Orel-

138 1340 179 1407 ta
197 1343 351 1425 cogitavit,
375 1343 452 1408 terri
474 1345 603 1425 nequit3
627 1343 705 1425 quid
729 1346 778 1407 est
801 1344 888 1406 enim
905 1363 1136 1408 concreatum
1151 1347 1300 1430 gloriam,
1415 1354 1418 1360 ’

139 1451 387 1514 maculantem
416 1451 638 1534 reipublicae?
672 1449 737 1514 Sed
768 1449 878 1514 mendi
908 1451 997 1532 origo
1028 1454 1132 1534 magis
1163 1453 1299 1534 patebit,

140 1553 309 1638 dscnptum
332 1558 434 1621 fuisse
457 1558 682 1622 statuerimus:
706 1564 773 1618 tum
795 1563 963 1639 spectarat,
987 1554 1128 1641 qaurustl

199 1661 231 1726 ln
256 1681 284 1726 c.
309 1664 366 1741 19,
397 1664 442 1728 43
476 1658 682 1744 coarguenda
715 1665 793 1726 sunt
826 1661 1032 1743 vulgatarum
1064 1666 1297 1746 scu'pturarnm

140 1767 234 1845 unda,
256 1775 293 1834 ut
316 1770 505 1835 certissimae
529 1769 679 1833 Gulielmi
702 1766 922 1832 emendationi
941 1768 1070 1834 debitus
1088 1771 1298 1853 iampridem

141 1870 200 1937 bais
218 1876 423 1941 coucedatur.
469 1875 637 1941 Edebatur
659 1875 771 1954 vulgo:
808 1874 892 1953 Quid
922 1874 1035 1939 deiude
1063 1875 1103 1957 (si
1131 1877 1209 1942 boni
1236 1879 1298 1943 irn-

140 1980 224 2057 pobos
246 1982 421 2048 Clodianos
444 1983 536 2047 fatali
558 1982 612 2046 illo
636 2000 723 2045 anno
746 1981 846 2044 armis
869 1980 1057 2064 vicissentl?
1078 1984 1156 2068 qaid
1171 1986 1299 2071 reliqm·

140 2102 204 2150 m
226 2090 380 2154 restaret?
411 2089 488 2174 qaid
516 2089 671 2173 dariique?
700 2094 773 2151 >erac
803 2087 944 2168 dubium,
978 2091 1056 2173 quin
1086 2091 1139 2154 ille
1168 2096 1300 2176 sanguis

139 2190 298 2277 Mala,
333 2197 420 2260 natta
444 2197 625 2279 proeacnim
649 2193 777 2278 publico
808 2195 935 2258 consilio
961 2196 1127 2278 profusas,
1161 2201 1300 2264 consules

115 2294 219 2367 alares
239 2311 267 2366 et
289 2303 470 2385 deformares
492 2310 568 2367 esset
589 2301 780 2365 habiturus?
806 2301 846 2365 Et
867 2304 938 2386 quis
961 2301 1041 2383 (non
1057 2303 1147 2388 qaid)
1170 2306 1298 2390 reliqui-

115 2408 202 2477 ἔνιαι
230 2416 363 2474 restaret
397 2414 447 2475 est
474 2411 508 2474 in
537 2410 646 2474 codice
674 2402 900 2487 Parisiensi²);
935 2408 994 2473 sed
1028 2411 1057 2473 ci
1093 2411 1299 2493 refragantur

138 2513 262 2580 tuiuucti
291 2517 395 2580 codex
423 2517 456 2580 S.
479 2517 626 2593 Victoris
662 2516 696 2579 in
727 2534 792 2596 quo
822 2517 885 2578 est:
920 2516 1045 2600 reliqua
1076 2517 1230 2594 tractaret,
1266 2522 1299 2582 et
1312 2535 1352 2573 4³⁹

138 2610 284 2701 lemensis,
319 2624 354 2687 in
385 2642 466 2704 quo:
501 2625 571 2708 quis
602 2623 713 2708 retiqa'
736 2624 894 2685 iroesturet
926 2619 1003 2701 (vid.
1033 2627 1145 2687 annot.
1169 2622 1298 2706 Orell.):

137 2719 232 2793 lincin
253 2729 413 2794 Palatinis
436 2729 630 2811 duobusque
654 2727 893 2793 Oxoniensibus
917 2727 1054 2791 lactum:
1084 2730 1162 2813 qaid
1184 2732 1299 2815 reliqui

137 2841 242 2913 saara,
276 2837 367 2920 quod
395 2836 534 2901 Orellius
562 2836 693 2918 recepit¹
739 2835 773 2898 Si
802 2835 874 2916 quis
902 2839 1014 2898 autem
1036 2836 1079 2899 ad
1102 2839 1297 2900 sententiam

138 2939 252 3007 &tuum
275 2943 430 3025 loquendi
454 2944 639 3020 attenderit,
667 2943 817 3023 reperiet,
846 2943 987 3023 primum
1012 2943 1114 3007 verba
1147 2943 1224 3027 qaid
1246 2965 1297 3007 re-

115 3038 190 3127 lpt'
210 3048 288 3129 (sire
320 3050 545 3135 reliquiarum)
578 3043 741 3128 restaret³l
776 3068 842 3112 non
874 3051 950 3130 apte
981 3050 1096 3113 subiici
1129 3050 1189 3113 illis
1220 3049 1298 3134 qaid

115 3142 225 3230 {danda
258 3175 332 3237 quae
360 3159 437 3220 sunt
465 3155 703 3235 interrogantis,
740 3154 817 3234 quid
840 3154 949 3235 aliqua
973 3175 1007 3218 re
1031 3156 1229 3236 proficiatur,
1265 3162 1297 3220 ct

115 3252 203 3331 ²'tene
219 3263 382 3343 negantis3
413 3262 531 3326 deinde
555 3262 640 3325 male
663 3262 751 3342 poni,
780 3265 937 3342 tanquam
962 3262 1098 3325 diversae
1122 3282 1174 3326 res
1197 3263 1297 3343 signi·

145 3390 365 3412 x———------

163 3478 208 3547 'la
222 3489 260 3549 18.
276 3492 313 3545 40
330 3491 448 3545 delenda
466 3498 515 3555 ost,
543 3491 704 3545 Parisiensis
727 3506 837 3558 quoque
863 3491 921 3543 cod.
941 3489 1112 3549 auctoritate.
1140 3491 1297 3560 praepositio

192 3584 242 3632 uu
252 3582 436 3648 prinmprM
464 3587 576 3635 senatus
600 3585 628 3633 et
651 3579 786 3648 principes
806 3579 939 3632 inunum
959 3579 1175 3648 coniunguntur;
1203 3581 1297 3649 itaque

194 3665 311 3722 aunum
335 3670 394 3723 haec
418 3670 531 3723 nomina
555 3669 670 3722 verbum
695 3668 857 3731 reseruntur,
887 3671 1031 3735 intimari.
1069 3669 1159 3730 (1.17,
1187 3668 1223 3720 40
1241 3686 1296 3722 rec·

196 3751 277 3810 tissime
294 3757 411 3811 Orellius
429 3758 556 3811 coniecit:
581 3761 622 3810 rei
635 3759 752 3826 protare
766 3775 890 3825 maesse.
930 3758 1051 3826 Vulgatae
1070 3758 1167 3810 vitium
1187 3759 1295 3826 coargui

199 3844 259 3905 paulo
274 3845 444 3900 manifestius
463 3851 577 3915 poterat.
614 3847 647 3900 Et
666 3847 733 3899 alias
752 3846 885 3914 quasdam
905 3862 970 3914 opas
995 3862 1042 3898 eos
1066 3847 1167 3900 habere
1186 3846 1296 3899 Clodius

200 3926 290 3993 dabat
307 3941 341 3995 et,
360 3935 383 3988 si
401 3935 512 3996 vedent,
532 3935 628 3988 eodem
648 3951 755 4002 genera,
779 3951 834 4002 quo
853 3935 942 3988 Caesar
961 3935 1073 3997 valeret,
1098 3935 1189 3988 valere
1208 3951 1295 4003 posse.

203 4016 295 4085 tornet
307 4041 432 4091 parmae,
460 4024 566 4077 etiarnsi
590 4040 680 4076 sermo
704 4024 882 4091 permitteret,
910 4040 965 4076 non
984 4031 1077 4077 tamen
1096 4040 1176 4091 posse
1196 4024 1229 4076 dc
1248 4024 1296 4077 im·

205 4107 259 4168 lello
271 4112 376 4167 militari
394 4113 521 4181 iutelligi;
550 4113 668 4166 debebat
691 4118 822 4180 praeterea
841 4118 900 4164 turn
915 4130 1033 4180 preaesse
1052 4113 1192 4180 postponi3
1222 4113 1296 4180 prius

206 4197 235 4244 bl
247 4198 307 4252 enirn
320 4219 424 4269 parare
442 4205 595 4254 exercitum.

178 4267 280 4342 ’llteda
299 4306 377 4343 manu
401 4291 521 4344 secunda
545 4291 708 4345 recentiora:
732 4290 820 4358 prima
846 4291 1001 4358 scripserat:
1031 4292 1092 4357 qais
1116 4292 1222 4357 reliqua
1247 4293 1296 4341 r'roe

209 4370 285 4438 dara]

179 4442 197 4513 ³l
208 4452 278 4513 tetius
292 4468 461 4535 reliquiarum
480 4468 514 4521 de
532 4467 627 4521 relicta
645 4471 721 4534 parte
741 4466 814 4518 mali.
855 4469 926 4532 Quid
944 4468 1042 4534 reliqui
1059 4472 1118 4521 eat?
1134 4469 1225 4537 potius
1243 4469 1295 4521 hoc

211 4556 272 4599 ausu
286 4551 382 4609 dicitur:
400 4556 467 4624 quid
486 4556 649 4624 relinquitur
668 4572 723 4608 non
742 4555 881 4609 deletum?

1028 4644 1077 4695 23*
