2956 5190
624 278 689 344 699

43 464 250 534 obxurioree
281 469 361 535 nihil
392 475 442 536 est
471 469 635 554 notatum)
666 473 769 537 videri
797 474 872 539 solet
894 471 939 557 (4,
972 495 989 540 e
1018 475 1147 542 duobus
1174 477 1254 542 nihil

42 579 207 642 notatum
232 576 275 641 ad
297 575 419 659 oleo).
453 577 544 644 Idem
567 579 645 663 quin
668 580 702 645 in
725 579 854 646 Gruteri
877 580 1143 665 Steinmetziique
1165 583 1253 649 codi-

43 680 149 748 cibus
173 681 279 760 fuerit,
303 682 392 749 nulle
416 687 466 749 est
489 684 659 752 dubitatio.
669 680 695 768 ι)

290 1021 337 1094 E.
392 1024 679 1100 Emendationes
705 1048 772 1119 per
799 1017 1015 1109 saturam.²)

174 1177 336 1245 Friderico
360 1179 397 1245 G.
421 1180 649 1246 Schneidewin
671 1181 715 1248 lo.
739 1181 892 1249 Nicolaus
915 1183 1045 1266 Madvig
1068 1182 1100 1248 S.
1109 1179 1136 1263 ⁸)

146 1336 255 1416 Quum
279 1342 356 1404 ante
379 1339 503 1423 aliquot
525 1360 665 1420 menses,
699 1342 862 1424 percursis
889 1341 1038 1406 celeriter
1060 1341 1253 1419 Germaniae,

54 1461 159 1526 quam
181 1447 280 1510 autea
302 1463 472 1528 nunquam
495 1446 651 1525 videram,
681 1448 805 1530 aliquot
826 1447 1023 1530 regionibus,
1052 1447 1153 1514 etiam
1176 1448 1254 1513 Got-

54 1549 182 1632 tingam
205 1551 368 1617 venissem
391 1552 501 1635 ibique
523 1574 544 1618 a
567 1558 610 1632 te,
634 1555 683 1620 vir
702 1553 891 1630 clarissime,
916 1553 1111 1636 collegisque
1133 1553 1198 1620 tuis
1223 1557 1256 1619 et

54 1655 227 1739 philologis
251 1660 284 1722 et
312 1657 383 1722 aliis
411 1661 657 1741 perhumaniter
684 1664 840 1743 exceptus
869 1659 957 1725 diem
984 1659 1253 1725 iucundissimum

55 1780 200 1845 agerem,
225 1765 375 1830 convenit
392 1767 568 1860 internos,
592 1770 638 1844 ut,
662 1786 763 1849 quum
787 1766 920 1831 domum
940 1766 1108 1842 redissem,
1133 1766 1255 1848 aliquid

55 1869 232 1947 mitterem,
257 1871 344 1953 quod
367 1871 534 1956 Philologo
557 1877 613 1938 tuo
637 1873 734 1938 inseri
757 1876 879 1955 posset.
918 1871 956 1936 ld
977 1873 1175 1954 promissum
1198 1891 1254 1936 ex·

56 1975 186 2040 solvere
208 1976 303 2041 valde
331 1978 437 2061 cupio.
483 1979 548 2045 Sed
579 1984 697 2056 cetera,
733 1979 774 2044 de
807 1977 926 2061 quibus
957 1981 1027 2043 tum
1059 1979 1253 2060 cogitabam,

57 2079 186 2164 longius
208 2083 376 2165 postulant
398 2090 528 2168 tempus
557 2089 591 2151 et
612 2084 734 2167 aliquid
758 2084 824 2162 otii,
859 2084 947 2167 quod
974 2083 1054 2148 mihi
1083 2103 1192 2148 rarum
1223 2089 1255 2148 et

58 2188 212 2272 exiguum
235 2191 406 2274 contingit3
436 2192 575 2270 interim,
605 2191 759 2274 quoniam
783 2191 867 2256 inter
889 2191 1029 2256 maiores
1053 2194 1254 2256 commenta·
1306 2196 1311 2204 “

57 2295 164 2361 tiones
188 2295 248 2361 loci
272 2296 394 2379 aliquid
417 2297 587 2363 destinasti
610 2299 709 2362 etiam
733 2297 781 2375 iis,
806 2316 880 2379 quae
898 2296 1042 2362 breviter
1064 2300 1097 2361 et
1114 2298 1252 2378 sparsim

59 2400 101 2467 de
125 2407 272 2468 veterum
295 2403 490 2486 scriptorum
513 2403 591 2469 locis
615 2408 672 2469 aut
695 2403 909 2469 emendandis
928 2406 986 2468 aut
1003 2402 1254 2485 interpretandis

60 2508 315 2575 admonerentur
338 2510 657 2593 disputarenturque,
687 2510 874 2576 huiusmodi
897 2510 1048 2593 quaedam
1074 2528 1114 2574 er
1137 2509 1254 2575 adver·

59 2616 153 2682 seriis
177 2636 350 2699 excerpere
374 2620 406 2682 et
429 2616 472 2682 ad
494 2620 527 2682 te
550 2617 680 2682 mittere
703 2617 842 2693 decrevi,
871 2616 989 2700 quibus
1019 2619 1065 2692 tu,
1094 2615 1121 2680 si
1145 2614 1254 2691 velles,

60 2726 198 2788 uterere.
234 2723 354 2789 Eorum
377 2723 496 2805 partim
520 2724 564 2788 ad
587 2722 717 2788 Graecos
739 2724 914 2805 scriptores
937 2722 1111 2805 pertinent,
1136 2721 1254 2804 partim

59 2829 103 2894 ad
127 2831 269 2895 Latinos.
315 2830 363 2894 Ex
386 2829 505 2894 Graecis
528 2849 616 2894 nunc
638 2830 789 2913 quaedam
817 2828 916 2910 selegi
939 2831 1016 2893 ante
1040 2846 1143 2892 annos
1166 2827 1255 2892 haud

59 2955 183 3019 paucos
206 2954 226 3000 a
249 2955 303 3000 me
326 2935 510 3012 emendata,
535 2954 674 3018 quorum
689 2956 743 3001 me
759 2935 960 3000 edendorum
976 2934 1030 2999 vix
1046 2934 1144 2999 aliam
1159 2933 1255 2998 habi·

60 3045 172 3107 turum
188 3043 465 3124 opportunitatem
483 3041 647 3122 videbam,
671 3062 736 3108 non
754 3041 989 3123 displicituram
1007 3040 1066 3105 tibi
1083 3040 1254 3104 materiam

60 3151 161 3225 ratus,
179 3150 252 3231 iqui
280 3150 350 3231 ipse
379 3149 412 3213 in
435 3149 557 3214 Graecae
585 3149 693 3230 poesis
717 3147 860 3229 reliquiis
884 3149 983 3212 etiam
1006 3146 1140 3211 minutis
1162 3149 1255 3209 tanto

60 3255 169 3320 studio
192 3274 409 3337 successuque
433 3255 646 3320 elaborasses.
691 3253 779 3319 Inter
806 3253 990 3335 fragmenta
1019 3271 1040 3317 a
1068 3270 1121 3316 me
1144 3269 1255 3315 emen·

61 3360 141 3426 data
171 3361 198 3426 si
229 3360 317 3443 quod
336 3359 442 3444 posui
472 3360 522 3425 his
552 3359 708 3443 proximis
739 3360 832 3425 annis
856 3359 899 3424 ab
923 3359 994 3424 aliis
1018 3357 1135 3423 eodem
1158 3356 1256 3421 modo

62 3467 284 3546 emendatum,
311 3467 505 3550 ignoscetur,
535 3469 659 3550 opinor,
694 3466 816 3532 homini
840 3467 873 3530 in
896 3465 967 3530 aliis
990 3462 1173 3529 studiorum
1196 3482 1255 3527 no-

62 3577 204 3639 stronrm
239 3573 387 3657 partibus
420 3574 540 3655 saepius
575 3573 759 3655 diutiusque
794 3575 962 3652 occupato.
1009 3570 1035 3634 Ε
1067 3568 1189 3634 Latinis
1223 3569 1255 3632 in

92 3887 115 3958 ¹)
133 3889 325 3959 [Scribendum
348 3908 420 3946 esse:
448 3892 545 3961 quibus
567 3893 647 3945 rebus
669 3898 748 3945 crete
770 3892 837 3957 ipse
858 3889 1067 3942 candidatorum
1089 3887 1256 3941 obscuriores

135 3983 222 4035 ru'dere⁸
239 3983 330 4048 colera,
349 3980 405 4035 dixi
423 3980 492 4036 Adv.
511 3978 576 4035 Crit.
595 3979 647 4034 vol
667 3979 706 4034 111
724 3996 750 4049 p.
770 3978 819 4032 131
839 3975 912 4048 sqq]

93 4065 115 4135 ¹)
133 4068 216 4134 Licet,
235 4070 340 4139 opinor,
364 4068 465 4124 imitari
483 4068 663 4123 Pescennium
682 4067 851 4137 scriptorem,
879 4067 956 4121 cuius
975 4068 1054 4120 erant
1072 4063 1133 4117 libri
1152 4063 1256 4117 histori-

135 4175 214 4213 arum
233 4175 282 4228 per
299 4164 430 4213 saturam.

93 4245 116 4314 ¹)
135 4245 185 4315 [lix
208 4246 341 4316 Philologo'
359 4264 376 4301 a
394 4247 422 4301 F.
443 4246 475 4314 G.
493 4242 699 4300 Schneidewino
723 4242 788 4297 editi
808 4242 860 4296 vol.
879 4242 935 4312 lp.
955 4239 1101 4294 tvo-67⁷.
1115 4245 1142 4295 et
1160 4241 1213 4295 vol.
1232 4240 1256 4293 11

136 4353 162 4406 p.
183 4334 330 4389 135-144.
358 4334 407 4389 Hie
426 4333 631 4389 emendationes
650 4336 677 4386 et
695 4348 757 4400 quie
775 4331 902 4400 ‹leinceps
921 4331 1011 4385 littera
1029 4329 1049 4383 F
1064 4334 1158 4383 notata
1176 4328 1256 4382 subii-

136 4424 254 4488 ciuntur,
273 4424 301 4478 in
320 4424 372 4479 bac
389 4423 501 4477 demum
520 4422 639 4476 editione
657 4421 795 4490 opusculis
813 4418 919 4474 adiecta
936 4416 1022 4486 sunt]
