2956 5190
628 139 694 205 465

148 331 230 396 lllud
253 333 307 397 vix
331 334 640 425 commemoratione
665 334 798 417 dignum
822 329 920 414 esset‚'
954 355 1020 399 uno
1048 335 1156 400 Plauti
1186 335 1258 400 loco

52 438 92 503 in
122 458 219 504 versu
249 439 424 505 subditicio
455 439 516 522 legi
549 441 694 506 horribili
722 441 945 507 barbarismo:
979 462 1018 506 oe
1052 449 1086 506 ut
1122 463 1255 520 amasso,

52 546 120 611 nisi
144 545 177 610 id
200 552 357 628 tanquam
381 548 522 629 probum
539 547 680 612 editores
698 548 793 631 vulgo
811 548 1107 630 praetermitterent.
1143 548 1257 613 Editur

53 652 202 717 enimin
226 653 353 742 Casinae
377 672 476 718 scena
499 658 647 718 extrema
671 654 713 718 22
737 675 808 737 sqq.

147 811 181 876 Si
215 832 358 894 unquam
395 814 532 895 posthac
573 818 631 879 aut
664 834 795 879 amasso
830 814 982 880 Casinam
1024 819 1081 879 aut
1120 834 1257 897 occepso

574 986 577 990 Δ
1059 922 1167 998 modo,

147 1027 194 1090 Ne
226 1030 263 1091 ut
293 1046 367 1091 eam
400 1047 546 1092 amasso:
582 1026 609 1090 si
644 1046 704 1108 ego
735 1045 880 1110 unquam
912 1027 995 1092 adeo
1024 1028 1161 1109 posthac
1193 1028 1257 1093 tale
1362 1087 1366 1095 .

976 1135 1166 1210 admissam,

147 1240 243 1304 Nulla
274 1260 375 1304 causa
406 1245 465 1315 est,
499 1241 576 1322 quin
607 1240 805 1323 pendentem
836 1260 899 1318 me,
932 1260 1023 1316 uxor,
1056 1240 1153 1322 virgis
1184 1260 1258 1306 ver·

571 1357 578 1370 ·
1060 1348 1167 1413 heres.

54 1507 227 1573 Secundus
251 1526 364 1571 versus
388 1505 631 1588 ignavissimam
654 1505 755 1568 habet
772 1504 949 1586 superioris
966 1509 1137 1572 sententiae
1161 1528 1256 1591 repe-

54 1613 205 1678 titionem
229 1618 262 1678 et
284 1618 404 1696 praeter
428 1614 471 1690 id,
501 1613 588 1695 quod
616 1613 683 1676 iam
712 1610 787 1688 dixi,
823 1612 963 1677 alterum
992 1623 1152 1695 praeterea
1167 1635 1257 1680 ora·
1270 1635 1298 1675 aa

54 1720 154 1785 tionis
179 1722 303 1785 vitium.
339 1721 423 1785 Nam
447 1741 485 1783 ne
508 1740 568 1801 pro
591 1718 706 1783 nedum
730 1717 911 1782 Gronovius
928 1719 1004 1800 poni
1024 1719 1101 1799 vult,
1126 1727 1160 1784 111
1177 1720 1256 1785 nihil
1380 1718 1386 1732 '

56 1845 191 1903 curans;
216 1846 329 1892 verum
353 1827 581 1908 requirebatur
603 1845 666 1889 11111
690 1823 794 1901 mod03
818 1823 934 1888 nedum
957 1825 1162 1908 subiungitur
1181 1847 1257 1891 sen·

54 1934 168 1997 tentiae
191 1932 445 1999 affirmationem
469 1938 526 1998 aut
548 1932 754 2014 negationem
778 1930 922 2009 habenti,
953 1935 989 1997 ut
1018 1952 1057 1997 ea
1081 1937 1255 2017 augeatur;

55 2039 247 2119 condicioni,
282 2043 318 2105 ut
349 2060 389 2104 ea
420 2040 558 2122 amplior
589 2042 622 2103 et
650 2039 752 2103 laxior
780 2037 848 2116 fiat,
884 2058 1064 2121 nunquam.
1109 2041 1162 2105 Ad
1185 2041 1257 2106 haec

55 2166 158 2229 quum
191 2148 336 2233 accedat,
372 2150 409 2211 ut
439 2166 553 2211 versus
582 2146 614 2209 in
646 2144 754 2210 codice
778 2145 927 2210 Palatino
956 2149 1074 2227 quarto
1097 2151 1255 2230 tanquam

55 2251 186 2335 spurius
211 2257 350 2330 notetur,
376 2253 453 2334 quid
477 2253 666 2316 dubitamus·
684 2250 857 2315 Gruterum
882 2253 973 2333 sequi
997 2256 1030 2316 et
1047 2253 1255 2333 Brunckium,
1341 2291 1348 2303 ·

56 2359 113 2440 qui
153 2360 187 2423 in
227 2359 366 2425 editione
408 2359 581 2442 Bipontina
621 2358 765 2422 secunda
799 2357 957 2422 insulsum
992 2358 1254 2427 additamentum

55 2466 211 2531 sustulit?

146 2573 320 2655 vulgarem
345 2573 444 2636 futuri
468 2572 574 2636 exacti
598 2572 736 2636 formam
760 2575 866 2635 ortam
891 2591 962 2635 esse
986 2575 1077 2654 patet
1101 2574 1255 2641 adiuncto

55 2679 99 2743 ad
122 2679 268 2743 radicem
292 2681 324 2743 in
355 2680 491 2761 perfecti
523 2680 661 2744 formam
693 2697 883 2742 conversam
915 2678 1026 2743 futuro
1057 2667 1148 2744 verbi
1179 2681 1256 2745 sub·

55 2786 189 2850 slantivi
219 2784 289 2867 (cfr.
313 2807 345 2868 p.
370 2786 411 2851 67
437 2790 524 2869 etp.
549 2781 707 2865 68111).
754 2784 867 2866 ltaque
897 2804 997 2866 quum
1027 2790 1161 2868 propter
1191 2789 1255 2851 ori-

55 2893 165 2976 ginem
189 2892 457 2974 significationem
480 2894 619 2957 haberet
642 2912 682 2955 ex
704 2891 870 2973 praeterito
902 2895 935 2956 et
966 2891 1076 2957 futuro
1106 2894 1254 2969 mixtam,

55 2998 104 3063 rei
127 2999 160 3063 in
184 2998 293 3064 futuro
316 2999 501 3080 praeteritae‚
526 3001 667 3080 primum
691 2997 833 3080 quidem,
864 2999 951 3080 quod
975 3002 1009 3062 et
1032 2998 1255 3080 frequentissi-

55 3125 148 3171 mum
173 3109 223 3170 est
246 3112 279 3169 et
302 3105 417 3170 formae
440 3105 600 3187 fingendae
632 3104 700 3168 sine
732 3103 832 3168 dubio
864 3123 996 3168 causam
1030 3104 1180 3185 praebuih
1217 3125 1256 3171 ea

55 3212 235 3277 utebantur
258 3213 291 3276 111
315 3211 454 3276 duarum
478 3211 642 3276 actionum
672 3211 855 3276 futurarum
880 3211 1189 3297 commemoratione
1213 3213 1256 3276 ad

56 3340 133 3384 eam
155 3319 374 3397 indicandam,
406 3339 471 3401 qua
502 3318 634 3382 demum
658 3317 803 3400 perfecta
826 3318 929 3382 altera
953 3317 1062 3382 futura
1087 3323 1181 3393 esset,
1215 3319 1256 3383 de

56 3447 121 3508 quo
144 3445 264 3509 genere
286 3425 366 3489 nihil
389 3429 439 3489 est
461 3425 523 3490 hoc
545 3425 617 3489 loco
640 3424 823 3488 dicendum.
870 3425 936 3489 Sed
959 3426 1069 3488 nescio
1092 3426 1256 3507 quomodo

56 3532 272 3615 grammatici,
308 3532 386 3596 dum
419 3531 462 3595 ad
484 3532 569 3595 hanc
592 3531 696 3596 solam
721 3531 978 3595 coniunctionem
1004 3522 1187 3612 attendunt,
1224 3534 1256 3595 in

55 3658 123 3720 qua
146 3639 339 3702 secundaria
362 3640 524 3702 sententia
547 3638 693 3701 futurum
722 3640 871 3701 exactum
896 3637 1006 3711 hahet,
1038 3639 1171 3704 alterius
1196 3641 1256 3703 oh·

55 3745 256 3823 liviscuntur,
292 3745 325 3809 in
360 3765 424 3827 qua
460 3744 581 3826 aliquid
611 3743 727 3806 dicitnr
757 3747 845 3809 certo
874 3744 973 3809 futuri
1004 3745 1160 3827 temporis
1184 3766 1256 3810 mo·

56 3855 179 3930 mento,
215 3872 315 3934 quum
352 3852 460 3934 aliqua
495 3870 547 3915 res
581 3850 713 3932 incipiat
741 3851 792 3913 vel
820 3851 919 3916 etiam
950 3856 1128 3934 antequam
1157 3853 1254 3917 finem

56 3958 188 4036 habeat,
224 3959 411 4023 ahsolutum
447 3959 512 4022 iarn
544 3956 624 4022 lore.
674 3956 812 4020 Prorsus
848 3957 934 4021 enim
969 3958 1110 4040 legitime
1146 3958 1255 4023 futuro

57 4069 173 4129 exacto
201 4066 302 4129 utitur
331 4065 504 4128 Terentius
528 4063 750 4127 Heautontim.
775 4064 826 4138 111,
857 4064 887 4140 3,
918 4065 978 4128 231
1014 4064 1064 4127 hic
1094 4067 1190 4147 prius
1223 4087 1255 4128 se

57 4172 220 4253 indicarit,
245 4193 340 4256 quom
363 4192 417 4255 epo
435 4177 599 4255 arpentum
618 4168 754 4251 effecere,
779 4170 835 4233 ubi
853 4174 982 4251 poterat
1002 4172 1100 4235 etiam
1119 4172 1256 4254 simplex

56 4279 144 4360 poni,
181 4279 256 4360 quia
288 4278 320 4341 in
351 4279 413 4342 hac
446 4276 701 4341 conformatione
733 4273 946 4361 (priusquam)
976 4278 1161 4342 necessaria
1190 4298 1255 4342 non

57 4389 129 4450 erat
151 4386 198 4448 rei
222 4384 381 4449 absolutae
406 4383 605 4465 significatio,
630 4387 663 4448 et
684 4384 824 4466 Adelph.
838 4382 874 4461 ll,
900 4385 930 4461 2,
955 4382 1013 4447 25:
1040 4383 1133 4448 Nunc
1155 4384 1257 4450 siloc

1007 4488 1042 4541 30
