2948 5206
435 1545 657 1638 Praet'atio'
672 1572 804 1638 novae
832 1547 1056 1639 editionis.
1123 1549 1126 1553 ’

237 1839 345 1963 Quod
370 1896 467 1956 antea
490 1891 609 1974 saepius
634 1897 709 1958 eta
737 1894 943 1976 redemptore
975 1900 1106 1977 rogatus
1136 1899 1169 1960 et
1197 1897 1239 1960 ab
1270 1896 1340 1960 aliis

138 2020 332 2084 admonitus
363 2017 472 2081 facere
503 2037 746 2095 recusaveram,
782 2023 818 2083 ut
848 2020 1004 2100 opuscula
1036 2019 1233 2095 academica,
1269 2040 1342 2102 qnae

10 2144 13 2231 l
139 2144 272 2208 iuvenis
294 2142 435 2224 primurn
456 2143 593 2223 sparsim
617 2141 821 2224 scripseram,
845 2143 963 2208 deinde
979 2143 1108 2208 duobus
1123 2144 1342 2208 voluminibus

141 2266 384 2349 comprehensa
415 2265 591 2342 edideram,
628 2267 783 2348 exemplis
818 2268 970 2333 omnibus
1004 2272 1080 2333 ante
1115 2287 1218 2332 annos
1252 2268 1342 2332 hand

144 2411 269 2474 paucos
300 2389 483 2466 divenditis,
512 2390 630 2464 iteruin
646 2390 801 2521 gedorem,
837 2392 925 2484 qugd
958 2396 990 2455 et
1020 2392 1053 2455 in
1085 2393 1156 2456 aliis
1188 2393 1341 2475 operibus

145 2514 353 2579 conficiendis
377 2515 505 2577 animus
529 2518 562 2578 et
584 2517 715 2596 tempus
730 2515 953 2596 occupabatur
976 2520 1008 2580 et
1024 2517 1222 2581 retractandi
1241 2517 1342 2580 mole-

146 2642 243 2703 stiam
276 2637 451 2719 fugiebam,
481 2637 513 2700 id
545 2657 631 2701 nunc
663 2642 790 2702 mutato
820 2640 951 2703 consilio
981 2659 1150 2722 exsequor.
1197 2641 1279 2704 Nam
1311 2647 1340 2703 et

148 2784 260 2827 eorum
283 2761 445 2825 desiderio
467 2761 616 2825 satisfieri
640 2782 770 2842 aequum
793 2762 974 2839 videbatur,
1000 2766 1054 2845 qui
1078 2765 1340 2828 emendationum

149 2895 332 2951 nostrarum
356 2886 656 2964 sententiarumque
686 2885 726 2948 de
754 2886 851 2948 rebus
876 2887 918 2950 ad
943 2888 1074 2950 Latinas
1098 2888 1222 2952 litteras
1246 2889 1341 2970 perti-

152 3011 300 3075 nentibus
324 3010 466 3073 breviter
489 3028 509 3073 a
532 3029 585 3073 me
608 3009 678 3090 ipso
708 3009 782 3072 alibi
813 3014 846 3073 et
874 3011 906 3073 in
936 3011 1072 3075 aliorum
1102 3012 1190 3075 libris
1220 3013 1342 3077 indica-

155 3142 255 3198 tarum
279 3139 337 3198 aut
360 3134 612 3215 significatarum
637 3152 753 3197 causas
777 3137 810 3197 et
832 3136 974 3198 rationes
998 3135 1050 3198 bic
1081 3137 1244 3216 expositas
1268 3158 1342 3219 cog-

155 3278 282 3323 noscere
306 3261 471 3338 cuperent,
502 3260 534 3320 et
557 3257 710 3338 quaedam
734 3258 832 3321 etiarn
856 3242 948 3320 nunc
968 3259 1001 3321 in
1026 3260 1075 3321 bis
1102 3259 1216 3323 libellis
1242 3262 1343 3325 latere

158 3384 329 3465 cognitione
358 3381 592 3463 philologorum
623 3400 687 3444 non
717 3380 847 3462 indigna
878 3356 1034 3462 putabam
1066 3386 1098 3444 et
1126 3384 1242 3463 ipsam,
1278 3405 1342 3465 qua

159 3525 227 3569 mus
258 3525 375 3580 essem,
412 3510 505 3569 caute
537 3505 703 3586 quaerendi
735 3509 767 3568 et
798 3505 961 3568 iudicandi
993 3506 1132 3570 sormam
1165 3508 1342 3572 iunioribus

160 3631 269 3694 utiliter
301 3628 521 3694 commendari
553 3648 665 3711 posse;
701 3648 866 3710 quumque
901 3633 998 3692 aetate
1033 3630 1275 3710 ingravescente
1311 3635 1343 3695 et

162 3747 250 3817 oculis
279 3752 492 3833 caligantibus
523 3753 668 3817 animum
698 3773 851 3835 magnam
883 3757 1009 3834 partem
1043 3773 1062 3815 a
1095 3754 1268 3835 philologia
1300 3756 1352 3818 ad,

164 3875 231 3939 alias
254 3876 482 3940 meditationes
506 3880 539 3939 et
563 3877 773 3957 cogitationes
797 3876 1025 3948 traduxissem,
1061 3878 1238 3941 iucundum
1272 3883 1343 3942 erat

164 3999 287 4064 subinde
303 4005 415 4064 vetera
430 4000 537 4063 studia
554 4020 627 4064 cum
644 4001 832 4065 iuvenilium
848 4000 996 4064 laborum
1014 4002 1170 4063 memoria
1184 4005 1340 4081 repetere.

166 4120 360 4189 Retractandi
392 4129 502 4188 autem
534 4144 668 4206 operam
700 4125 784 4188 intra
815 4145 869 4188 eos
894 4124 973 4187 fines
998 4123 1227 4187 continendam
1252 4124 1342 4187 intel·

168 4243 299 4326 ligebam,
325 4252 449 4312 utnon
471 4251 565 4331 quasi
589 4250 629 4313 de
653 4249 777 4329 integro
801 4249 924 4311 eaedem
950 4268 1000 4310 res
1020 4247 1280 4328 quastionesque
1304 4266 1343 4310 ea

170 4369 210 4431 ua
233 4392 269 4434 ac
296 4374 423 4437 ratione
458 4373 705 4455 explicarentur,
741 4392 813 4454 quae
850 4372 986 4434 sortasse
1022 4390 1106 4432 nunc
1144 4372 1344 4435 commodior

171 4495 232 4558 mihi
256 4498 353 4560 videri
379 4499 499 4579 posset,
530 4496 587 4560 sed
618 4501 654 4560 ut
685 4497 769 4565 illius
792 4496 957 4576 temporis,
989 4514 1053 4574 quo
1077 4495 1218 4575 primum
1242 4496 1343 4575 scrip-
