<?xml version="1.0" encoding="UTF-8"?>
<!DOCTYPE html PUBLIC "-//W3C//DTD XHTML 1.0 Transitional//EN"
    "http://www.w3.org/TR/xhtml1/DTD/xhtml1-transitional.dtd">
<html xmlns="http://www.w3.org/1999/xhtml" xml:lang="en" lang="en">
 <head>
  <title>
</title>
<meta http-equiv="Content-Type" content="text/html;charset=utf-8" />
  <meta name='ocr-system' content='tesseract 3.04.00' />
  <meta name='ocr-capabilities' content='ocr_page ocr_carea ocr_par ocr_line ocrx_word'/>
</head>
<body>
  <div class='ocr_page' id='page_1' title='image "./ionicolaimadvig02madvgoog_0756.png"; bbox 0 0 2948 5206; ppageno 0'>
   <div class='ocr_carea' id='block_1_1' title="bbox 628 305 693 375">
    <p class='ocr_par' dir='ltr' id='par_1_1' title="bbox 628 305 693 375">
     <span class='ocr_line' id='line_1_1' title="bbox 628 305 693 375; baseline 0.062 -4"><span class='ocrx_word' id='word_1_1' title='bbox 628 305 693 375; x_wconf 76' lang='grc'><strong><em>733</em></strong></span> 
     </span>
    </p>
   </div>
   <div class='ocr_carea' id='block_1_2' title="bbox 47 499 1260 4195">
    <p class='ocr_par' dir='ltr' id='par_1_2' title="bbox 56 499 1260 675">
     <span class='ocr_line' id='line_1_2' title="bbox 56 499 1260 587; baseline 0.001 -19"><span class='ocrx_word' id='word_1_2' title='bbox 56 500 682 587; x_wconf 61' lang='lat' dir='ltr'><strong><em>offlfflddeniqmtim&#39;pme</em></strong></span> <span class='ocrx_word' id='word_1_3' title='bbox 710 499 947 569; x_wconf 63' lang='lat' dir='ltr'><strong><em>norme</em></strong></span> <span class='ocrx_word' id='word_1_4' title='bbox 978 500 1045 570; x_wconf 81' lang='lat' dir='ltr'><strong><em>Sed</em></strong></span> <span class='ocrx_word' id='word_1_5' title='bbox 1071 500 1196 584; x_wconf 71' lang='lat' dir='ltr'><strong><em>tongins</em></strong></span> <span class='ocrx_word' id='word_1_6' title='bbox 1224 502 1260 569; x_wconf 81' lang='lat' dir='ltr'><strong><em>id</em></strong></span> 
     </span>
     <span class='ocr_line' id='line_1_3' title="bbox 56 608 207 675; baseline -0.007 0"><span class='ocrx_word' id='word_1_7' title='bbox 56 608 207 675; x_wconf 81' lang='lat' dir='ltr'><strong><em>discedit</em></strong></span> 
     </span>
    </p>

    <p class='ocr_par' dir='ltr' id='par_1_3' title="bbox 54 712 1257 1114">
     <span class='ocr_line' id='line_1_4' title="bbox 148 712 1257 800; baseline -0.005 -20"><span class='ocrx_word' id='word_1_8' title='bbox 148 713 231 780; x_wconf 90' lang='lat' dir='ltr'><strong>Phil.</strong></span> <span class='ocrx_word' id='word_1_9' title='bbox 254 713 337 792; x_wconf 79' lang='lat' dir='ltr'>XIV,</span> <span class='ocrx_word' id='word_1_10' title='bbox 361 713 392 792; x_wconf 88' lang='grc'><strong><em>3,</em></strong></span> <span class='ocrx_word' id='word_1_11' title='bbox 421 713 456 778; x_wconf 91' lang='lat'><strong><em>8:</em></strong></span> <span class='ocrx_word' id='word_1_12' title='bbox 492 713 553 795; x_wconf 83' lang='lat' dir='ltr'><strong><em>oet,</em></strong></span> <span class='ocrx_word' id='word_1_13' title='bbox 587 713 617 778; x_wconf 81' lang='lat' dir='ltr'><strong><em>ei</em></strong></span> <span class='ocrx_word' id='word_1_14' title='bbox 650 713 745 778; x_wconf 89' lang='lat' dir='ltr'><strong><em>etiam</em></strong></span> <span class='ocrx_word' id='word_1_15' title='bbox 773 712 822 776; x_wconf 83' lang='lat' dir='ltr'><strong><em>dii</em></strong></span> <span class='ocrx_word' id='word_1_16' title='bbox 848 712 986 791; x_wconf 82' lang='lat' dir='ltr'><strong><em>oderint,</em></strong></span> <span class='ocrx_word' id='word_1_17' title='bbox 1021 732 1097 800; x_wconf 80' lang='lat' dir='ltr'><strong><em>quoe</em></strong></span> <span class='ocrx_word' id='word_1_18' title='bbox 1130 720 1257 799; x_wconf 82' lang='lat' dir='ltr'><strong><em>oportet,</em></strong></span> 
     </span>
     <span class='ocr_line' id='line_1_5' title="bbox 55 818 1256 885; baseline -0.001 0"><span class='ocrx_word' id='word_1_19' title='bbox 55 822 200 885; x_wconf 74' lang='lat' dir='ltr'><strong><em>omnium</em></strong></span> <span class='ocrx_word' id='word_1_20' title='bbox 245 819 386 884; x_wconf 77' lang='lat' dir='ltr'><strong><em>deenen.</em></strong></span> <span class='ocrx_word' id='word_1_21' title='bbox 450 819 563 884; x_wconf 82' lang='lat' dir='ltr'>Scribe</span> <span class='ocrx_word' id='word_1_22' title='bbox 610 819 753 884; x_wconf 80' lang='lat' dir='ltr'><strong><em>oderent.</em></strong></span> <span class='ocrx_word' id='word_1_23' title='bbox 824 818 1027 885; x_wconf 85' lang='lat' dir='ltr'><strong><em>Coniunctivi</em></strong></span> <span class='ocrx_word' id='word_1_24' title='bbox 1068 837 1168 884; x_wconf 85' lang='lat' dir='ltr'><strong><em>causa</em></strong></span> <span class='ocrx_word' id='word_1_25' title='bbox 1214 839 1256 884; x_wconf 91' lang='lat' dir='ltr'><strong><em>ne</em></strong></span> 
     </span>
     <span class='ocr_line' id='line_1_6' title="bbox 54 923 1257 1019; baseline -0.006 -21"><span class='ocrx_word' id='word_1_26' title='bbox 54 924 136 1019; x_wconf 51' lang='lat' dir='ltr'><strong><em>funi</em></strong></span> <span class='ocrx_word' id='word_1_27' title='bbox 166 924 300 1015; x_wconf 70' lang='lat' dir='ltr'><strong><em>quidem</em></strong></span> <span class='ocrx_word' id='word_1_28' title='bbox 328 928 447 1013; x_wconf 84' lang='lat' dir='ltr'><strong><em>potest.</em></strong></span> <span class='ocrx_word' id='word_1_29' title='bbox 493 925 535 995; x_wconf 78' lang='lat' dir='ltr'><strong><em>nt</em></strong></span> <span class='ocrx_word' id='word_1_30' title='bbox 563 925 659 993; x_wconf 86' lang='lat' dir='ltr'><strong><em>video</em></strong></span> <span class='ocrx_word' id='word_1_31' title='bbox 690 944 804 993; x_wconf 88' lang='lat' dir='ltr'><strong><em>verum</em></strong></span> <span class='ocrx_word' id='word_1_32' title='bbox 833 943 873 990; x_wconf 82' lang='lat' dir='ltr'><strong><em>ex</em></strong></span> <span class='ocrx_word' id='word_1_33' title='bbox 896 923 1003 995; x_wconf 81' lang='lat' dir='ltr'><strong><em>Oxon.</em></strong></span> <span class='ocrx_word' id='word_1_34' title='bbox 1024 925 1128 992; x_wconf 77' lang='lat' dir='ltr'><strong><em>altero</em></strong></span> <span class='ocrx_word' id='word_1_35' title='bbox 1156 944 1257 995; x_wconf 87' lang='lat' dir='ltr'><strong><em>anno·</em></strong></span> 
     </span>
     <span class='ocr_line' id='line_1_7' title="bbox 55 1025 169 1114; baseline 0 -7"><span class='ocrx_word' id='word_1_36' title='bbox 55 1025 169 1114; x_wconf 60' lang='lat' dir='ltr'><strong><em>ten-¹)</em></strong></span> 
     </span>
    </p>

    <p class='ocr_par' dir='ltr' id='par_1_4' title="bbox 51 1135 1255 1330">
     <span class='ocr_line' id='line_1_8' title="bbox 147 1135 1255 1223; baseline 0.001 -21"><span class='ocrx_word' id='word_1_37' title='bbox 147 1135 219 1202; x_wconf 84' lang='lat' dir='ltr'><strong><em>lod.</em></strong></span> <span class='ocrx_word' id='word_1_38' title='bbox 240 1137 271 1215; x_wconf 89' lang='grc'><strong><em>6,</em></strong></span> <span class='ocrx_word' id='word_1_39' title='bbox 297 1138 342 1207; x_wconf 82' lang='grc'><strong><em>15</em></strong></span> <span class='ocrx_word' id='word_1_40' title='bbox 361 1137 480 1210; x_wconf 63' lang='lat' dir='ltr'><strong><em>irritos:</em></strong></span> <span class='ocrx_word' id='word_1_41' title='bbox 501 1136 630 1219; x_wconf 63' lang='lat' dir='ltr'><strong><em>feriit</em></strong></span> <span class='ocrx_word' id='word_1_42' title='bbox 643 1139 753 1221; x_wconf 74' lang='lat' dir='ltr'><strong><em>paim</em></strong></span> <span class='ocrx_word' id='word_1_43' title='bbox 774 1138 842 1209; x_wconf 71' lang='lat' dir='ltr'><strong><em>mois</em></strong></span> <span class='ocrx_word' id='word_1_44' title='bbox 864 1158 963 1223; x_wconf 74' lang='lat' dir='ltr'><strong><em>oetam</em></strong></span> <span class='ocrx_word' id='word_1_45' title='bbox 981 1140 1030 1209; x_wconf 78' lang='lat' dir='ltr'><strong><em>mi</em></strong></span> <span class='ocrx_word' id='word_1_46' title='bbox 1046 1138 1187 1223; x_wconf 70' lang='lat' dir='ltr'><strong><em>publico</em></strong></span> <span class='ocrx_word' id='word_1_47' title='bbox 1205 1139 1255 1203; x_wconf 77' lang='lat' dir='ltr'><strong><em>in·</em></strong></span> 
     </span>
     <span class='ocr_line' id='line_1_9' title="bbox 51 1242 1195 1330; baseline -0.001 -20"><span class='ocrx_word' id='word_1_48' title='bbox 51 1243 192 1328; x_wconf 76' lang='lat' dir='ltr'><strong><em>felicem,</em></strong></span> <span class='ocrx_word' id='word_1_49' title='bbox 215 1248 253 1309; x_wconf 86' lang='lat' dir='ltr'><strong><em>ut</em></strong></span> <span class='ocrx_word' id='word_1_50' title='bbox 274 1243 413 1310; x_wconf 85' lang='lat' dir='ltr'><strong><em>furiosos</em></strong></span> <span class='ocrx_word' id='word_1_51' title='bbox 435 1242 584 1308; x_wconf 89' lang='lat' dir='ltr'><strong><em>homines</em></strong></span> <span class='ocrx_word' id='word_1_52' title='bbox 608 1262 647 1307; x_wconf 88' lang='lat' dir='ltr'><strong><em>eo</em></strong></span> <span class='ocrx_word' id='word_1_53' title='bbox 661 1244 859 1330; x_wconf 71' lang='lat' dir='ltr'><strong><em>¹congregari</em></strong></span> <span class='ocrx_word' id='word_1_54' title='bbox 882 1244 993 1310; x_wconf 81' lang='lat' dir='ltr'><strong><em>solitos</em></strong></span> <span class='ocrx_word' id='word_1_55' title='bbox 1016 1245 1195 1327; x_wconf 72' lang='lat' dir='ltr'><strong><em>significet?</em></strong></span> 
     </span>
    </p>

    <p class='ocr_par' dir='ltr' id='par_1_5' title="bbox 47 1348 1256 2159">
     <span class='ocr_line' id='line_1_10' title="bbox 146 1348 1256 1434; baseline 0.001 -20"><span class='ocrx_word' id='word_1_56' title='bbox 146 1350 218 1415; x_wconf 90' lang='lat' dir='ltr'><strong>Ibd.</strong></span> <span class='ocrx_word' id='word_1_57' title='bbox 242 1350 278 1428; x_wconf 85' lang='grc'><strong><em>7,</em></strong></span> <span class='ocrx_word' id='word_1_58' title='bbox 311 1349 368 1414; x_wconf 85' lang='lat'><strong><em>19:</em></strong></span> <span class='ocrx_word' id='word_1_59' title='bbox 403 1348 569 1414; x_wconf 76' lang='lat' dir='ltr'><strong><em>Poteratne</em></strong></span> <span class='ocrx_word' id='word_1_60' title='bbox 597 1348 685 1432; x_wconf 79' lang='lat' dir='ltr'><strong><em>fieri,</em></strong></span> <span class='ocrx_word' id='word_1_61' title='bbox 719 1357 754 1414; x_wconf 81' lang='lat' dir='ltr'><strong><em>at</em></strong></span> <span class='ocrx_word' id='word_1_62' title='bbox 787 1370 851 1415; x_wconf 76' lang='lat' dir='ltr'><strong><em>mon</em></strong></span> <span class='ocrx_word' id='word_1_63' title='bbox 880 1350 1017 1434; x_wconf 78' lang='lat' dir='ltr'><strong><em>perinde</em></strong></span> <span class='ocrx_word' id='word_1_64' title='bbox 1046 1350 1187 1415; x_wconf 75' lang='lat' dir='ltr'><strong><em>tornines</em></strong></span> <span class='ocrx_word' id='word_1_65' title='bbox 1216 1350 1256 1415; x_wconf 83' lang='lat' dir='ltr'><strong><em>de</em></strong></span> 
     </span>
     <span class='ocr_line' id='line_1_11' title="bbox 53 1454 1256 1543; baseline 0.002 -22"><span class='ocrx_word' id='word_1_66' title='bbox 53 1476 187 1543; x_wconf 74' lang='lat' dir='ltr'><strong><em>petoque,</em></strong></span> <span class='ocrx_word' id='word_1_67' title='bbox 216 1464 251 1521; x_wconf 81' lang='lat' dir='ltr'><strong><em>at</em></strong></span> <span class='ocrx_word' id='word_1_68' title='bbox 272 1457 401 1542; x_wconf 72' lang='lat' dir='ltr'><strong><em>quisque</em></strong></span> <span class='ocrx_word' id='word_1_69' title='bbox 422 1462 605 1538; x_wconf 81' lang='lat' dir='ltr'><strong><em>mereretur,</em></strong></span> <span class='ocrx_word' id='word_1_70' title='bbox 632 1454 834 1521; x_wconf 80' lang='lat' dir='ltr'><strong><em>iudicarent?</em></strong></span> <span class='ocrx_word' id='word_1_71' title='bbox 863 1457 986 1522; x_wconf 83' lang='lat' dir='ltr'><strong><em>Parum</em></strong></span> <span class='ocrx_word' id='word_1_72' title='bbox 1008 1461 1096 1535; x_wconf 83' lang='lat' dir='ltr'><strong><em>recte</em></strong></span> <span class='ocrx_word' id='word_1_73' title='bbox 1119 1457 1191 1522; x_wconf 84' lang='lat' dir='ltr'><strong><em>haec</em></strong></span> <span class='ocrx_word' id='word_1_74' title='bbox 1213 1457 1256 1522; x_wconf 83' lang='lat' dir='ltr'><strong><em>nd</em></strong></span> 
     </span>
     <span class='ocr_line' id='line_1_12' title="bbox 53 1561 1256 1647; baseline 0 -18"><span class='ocrx_word' id='word_1_75' title='bbox 53 1581 162 1629; x_wconf 87' lang='lat' dir='ltr'><strong><em>unum</em></strong></span> <span class='ocrx_word' id='word_1_76' title='bbox 193 1563 349 1645; x_wconf 69' lang='lat' dir='ltr'><strong><em>preteriti</em></strong></span> <span class='ocrx_word' id='word_1_77' title='bbox 379 1561 535 1645; x_wconf 89' lang='lat' dir='ltr'><strong><em>temporis</em></strong></span> <span class='ocrx_word' id='word_1_78' title='bbox 566 1565 724 1644; x_wconf 87' lang='lat' dir='ltr'><strong><em>punctum</em></strong></span> <span class='ocrx_word' id='word_1_79' title='bbox 756 1562 870 1627; x_wconf 86' lang='lat' dir='ltr'><strong><em>referri</em></strong></span> <span class='ocrx_word' id='word_1_80' title='bbox 900 1562 1061 1642; x_wconf 84' lang='lat' dir='ltr'><strong><em>videntur,</em></strong></span> <span class='ocrx_word' id='word_1_81' title='bbox 1096 1563 1184 1647; x_wconf 86' lang='lat' dir='ltr'><strong><em>quod</em></strong></span> <span class='ocrx_word' id='word_1_82' title='bbox 1213 1582 1256 1629; x_wconf 93' lang='lat' dir='ltr'><strong><em>ne</em></strong></span> 
     </span>
     <span class='ocr_line' id='line_1_13' title="bbox 54 1667 1256 1752; baseline 0 -18"><span class='ocrx_word' id='word_1_83' title='bbox 54 1667 275 1752; x_wconf 71' lang='lat' dir='ltr'><strong><em>significatum</em></strong></span> <span class='ocrx_word' id='word_1_84' title='bbox 297 1668 430 1750; x_wconf 86' lang='lat' dir='ltr'><strong><em>quidem</em></strong></span> <span class='ocrx_word' id='word_1_85' title='bbox 453 1668 533 1734; x_wconf 82' lang='lat' dir='ltr'><strong><em>satis</em></strong></span> <span class='ocrx_word' id='word_1_86' title='bbox 556 1671 616 1747; x_wconf 77' lang='lat' dir='ltr'><strong><em>est,</em></strong></span> <span class='ocrx_word' id='word_1_87' title='bbox 640 1687 743 1751; x_wconf 75' lang='lat' dir='ltr'><strong><em>quum</em></strong></span> <span class='ocrx_word' id='word_1_88' title='bbox 764 1669 948 1752; x_wconf 72' lang='lat' dir='ltr'><strong><em>presertim</em></strong></span> <span class='ocrx_word' id='word_1_89' title='bbox 970 1669 1150 1751; x_wconf 86' lang='lat' dir='ltr'><strong><em>praecedat:</em></strong></span> <span class='ocrx_word' id='word_1_90' title='bbox 1175 1669 1256 1734; x_wconf 78' lang='lat' dir='ltr'><strong><em>Here</em></strong></span> 
     </span>
     <span class='ocr_line' id='line_1_14' title="bbox 47 1772 1254 1861; baseline -0.001 -20"><span class='ocrx_word' id='word_1_91' title='bbox 47 1796 129 1861; x_wconf 86' lang='lat' dir='ltr'><strong><em>pop.</em></strong></span> <span class='ocrx_word' id='word_1_92' title='bbox 163 1775 255 1841; x_wconf 77' lang='lat' dir='ltr'><strong><em>Bora.</em></strong></span> <span class='ocrx_word' id='word_1_93' title='bbox 289 1774 395 1839; x_wconf 78' lang='lat' dir='ltr'><strong><em>videre</em></strong></span> <span class='ocrx_word' id='word_1_94' title='bbox 430 1809 471 1818; x_wconf 89' lang='lat'>-</span> <span class='ocrx_word' id='word_1_95' title='bbox 511 1775 642 1860; x_wconf 78' lang='lat' dir='ltr'><strong><em>quietam</em></strong></span> <span class='ocrx_word' id='word_1_96' title='bbox 675 1776 799 1840; x_wconf 84' lang='lat' dir='ltr'><strong><em>moleste</em></strong></span> <span class='ocrx_word' id='word_1_97' title='bbox 830 1775 941 1858; x_wconf 76' lang='lat' dir='ltr'><strong><em>ferunt</em></strong></span> <span class='ocrx_word' id='word_1_98' title='bbox 974 1772 1054 1858; x_wconf 87' lang='lat' dir='ltr'><strong><em>(non</em></strong></span> <span class='ocrx_word' id='word_1_99' title='bbox 1085 1772 1254 1858; x_wconf 76' lang='lat' dir='ltr'><strong><em>ferebant).</em></strong></span> 
     </span>
     <span class='ocr_line' id='line_1_15' title="bbox 54 1879 1253 1963; baseline -0.003 -15"><span class='ocrx_word' id='word_1_100' title='bbox 54 1881 137 1948; x_wconf 71' lang='lat' dir='ltr'><strong><em>nihi</em></strong></span> <span class='ocrx_word' id='word_1_101' title='bbox 171 1881 283 1948; x_wconf 85' lang='lat' dir='ltr'><strong><em>Cicero</em></strong></span> <span class='ocrx_word' id='word_1_102' title='bbox 317 1881 466 1946; x_wconf 85' lang='lat' dir='ltr'><strong><em>universe</em></strong></span> <span class='ocrx_word' id='word_1_103' title='bbox 500 1881 571 1946; x_wconf 85' lang='lat' dir='ltr'><strong><em>haec</em></strong></span> <span class='ocrx_word' id='word_1_104' title='bbox 605 1880 725 1947; x_wconf 84' lang='lat' dir='ltr'><strong>dixisse</strong></span> <span class='ocrx_word' id='word_1_105' title='bbox 761 1882 904 1946; x_wconf 87' lang='lat' dir='ltr'><strong><em>videtur:</em></strong></span> <span class='ocrx_word' id='word_1_106' title='bbox 944 1881 1141 1945; x_wconf 80' lang='lat' dir='ltr'><strong><em>Poteritne</em></strong></span> <span class='ocrx_word' id='word_1_107' title='bbox 1170 1879 1253 1963; x_wconf 76' lang='lat' dir='ltr'><strong><em>fieri,</em></strong></span> 
     </span>
     <span class='ocr_line' id='line_1_16' title="bbox 54 1986 1254 2074; baseline -0.003 -21"><span class='ocrx_word' id='word_1_108' title='bbox 54 1996 91 2053; x_wconf 73' lang='lat' dir='ltr'><strong><em>ut</em></strong></span> <span class='ocrx_word' id='word_1_109' title='bbox 125 2008 189 2052; x_wconf 78' lang='lat' dir='ltr'><strong><em>uon</em></strong></span> <span class='ocrx_word' id='word_1_110' title='bbox 215 1987 351 2072; x_wconf 76' lang='lat' dir='ltr'><strong><em>perinde</em></strong></span> <span class='ocrx_word' id='word_1_111' title='bbox 384 1986 523 2053; x_wconf 71' lang='lat' dir='ltr'><strong><em>hemines</em></strong></span> <span class='ocrx_word' id='word_1_112' title='bbox 556 1987 595 2053; x_wconf 81' lang='lat' dir='ltr'><strong><em>de</em></strong></span> <span class='ocrx_word' id='word_1_113' title='bbox 628 2008 757 2074; x_wconf 80' lang='lat' dir='ltr'><strong><em>qaoque,</em></strong></span> <span class='ocrx_word' id='word_1_114' title='bbox 791 1996 826 2053; x_wconf 86' lang='lat' dir='ltr'><strong><em>at</em></strong></span> <span class='ocrx_word' id='word_1_115' title='bbox 860 1989 989 2074; x_wconf 73' lang='lat' dir='ltr'><strong><em>quisque</em></strong></span> <span class='ocrx_word' id='word_1_116' title='bbox 1021 1994 1168 2069; x_wconf 76' lang='lat' dir='ltr'><strong><em>meretur,</em></strong></span> <span class='ocrx_word' id='word_1_117' title='bbox 1202 1988 1254 2051; x_wconf 77' lang='lat' dir='ltr'><strong><em>io·</em></strong></span> 
     </span>
     <span class='ocr_line' id='line_1_17' title="bbox 54 2093 185 2159; baseline -0.008 0"><span class='ocrx_word' id='word_1_118' title='bbox 54 2093 185 2159; x_wconf 77' lang='lat' dir='ltr'><strong><em>dicent?</em></strong></span> 
     </span>
    </p>

    <p class='ocr_par' dir='ltr' id='par_1_6' title="bbox 47 2199 1254 3029">
     <span class='ocr_line' id='line_1_18' title="bbox 146 2199 1253 2283; baseline -0.002 -18"><span class='ocrx_word' id='word_1_119' title='bbox 146 2199 217 2265; x_wconf 82' lang='lat' dir='ltr'><strong><em>lod.</em></strong></span> <span class='ocrx_word' id='word_1_120' title='bbox 237 2200 268 2279; x_wconf 89' lang='lat'><strong><em>8,</em></strong></span> <span class='ocrx_word' id='word_1_121' title='bbox 292 2199 350 2264; x_wconf 85' lang='lat'><strong><em>23:</em></strong></span> <span class='ocrx_word' id='word_1_122' title='bbox 383 2199 489 2265; x_wconf 73' lang='lat' dir='ltr'><strong><em>Grave</em></strong></span> <span class='ocrx_word' id='word_1_123' title='bbox 517 2199 629 2265; x_wconf 81' lang='lat' dir='ltr'><strong><em>bellam</em></strong></span> <span class='ocrx_word' id='word_1_124' title='bbox 661 2199 869 2266; x_wconf 82' lang='lat' dir='ltr'><strong><em>Octavianum</em></strong></span> <span class='ocrx_word' id='word_1_125' title='bbox 891 2201 1065 2264; x_wconf 80' lang='lat' dir='ltr'><strong><em>imeootum</em></strong></span> <span class='ocrx_word' id='word_1_126' title='bbox 1087 2205 1149 2280; x_wconf 85' lang='lat' dir='ltr'><strong><em>eot;</em></strong></span> <span class='ocrx_word' id='word_1_127' title='bbox 1180 2219 1253 2283; x_wconf 82' lang='lat' dir='ltr'><strong><em>eup-</em></strong></span> 
     </span>
     <span class='ocr_line' id='line_1_19' title="bbox 47 2305 1253 2393; baseline -0.002 -21"><span class='ocrx_word' id='word_1_128' title='bbox 47 2306 185 2393; x_wconf 85' lang='lat' dir='ltr'><strong><em>plieatio</em></strong></span> <span class='ocrx_word' id='word_1_129' title='bbox 218 2305 328 2371; x_wconf 62' lang='lat' dir='ltr'><strong><em>&amp;nne</em></strong></span> <span class='ocrx_word' id='word_1_130' title='bbox 356 2307 448 2371; x_wconf 82' lang='lat' dir='ltr'><strong><em>natta</em></strong></span> <span class='ocrx_word' id='word_1_131' title='bbox 481 2307 618 2372; x_wconf 79' lang='lat' dir='ltr'><strong><em>victorie.</em></strong></span> <span class='ocrx_word' id='word_1_132' title='bbox 677 2306 790 2373; x_wconf 82' lang='lat' dir='ltr'><strong><em>Cinnae</em></strong></span> <span class='ocrx_word' id='word_1_133' title='bbox 821 2324 942 2371; x_wconf 91' lang='lat' dir='ltr'><strong><em>nornen</em></strong></span> <span class='ocrx_word' id='word_1_134' title='bbox 973 2325 1014 2370; x_wconf 83' lang='lat' dir='ltr'><strong><em>ex</em></strong></span> <span class='ocrx_word' id='word_1_135' title='bbox 1042 2305 1253 2370; x_wconf 76' lang='lat' dir='ltr'><strong>annotatione</strong></span> 
     </span>
     <span class='ocr_line' id='line_1_20' title="bbox 53 2411 1253 2497; baseline -0.001 -19"><span class='ocrx_word' id='word_1_136' title='bbox 53 2413 183 2478; x_wconf 79' lang='lat' dir='ltr'><strong><em>illatum</em></strong></span> <span class='ocrx_word' id='word_1_137' title='bbox 219 2432 290 2479; x_wconf 88' lang='lat' dir='ltr'><strong><em>esse</em></strong></span> <span class='ocrx_word' id='word_1_138' title='bbox 323 2413 430 2497; x_wconf 72' lang='lat' dir='ltr'><strong><em>arguit</em></strong></span> <span class='ocrx_word' id='word_1_139' title='bbox 463 2433 584 2496; x_wconf 85' lang='lat' dir='ltr'><strong><em>pravus</em></strong></span> <span class='ocrx_word' id='word_1_140' title='bbox 619 2413 793 2479; x_wconf 86' lang='lat' dir='ltr'><strong><em>verborum</em></strong></span> <span class='ocrx_word' id='word_1_141' title='bbox 827 2412 918 2491; x_wconf 84' lang='lat' dir='ltr'><strong><em>ordo,</em></strong></span> <span class='ocrx_word' id='word_1_142' title='bbox 958 2411 1065 2494; x_wconf 71' lang='lat' dir='ltr'><strong><em>arguit</em></strong></span> <span class='ocrx_word' id='word_1_143' title='bbox 1098 2411 1253 2477; x_wconf 80' lang='lat' dir='ltr'><strong><em>orationis</em></strong></span> 
     </span>
     <span class='ocr_line' id='line_1_21' title="bbox 55 2507 1254 2603; baseline -0.003 -18"><span class='ocrx_word' id='word_1_144' title='bbox 55 2519 164 2585; x_wconf 74' lang='lat' dir='ltr'><strong><em>torma</em></strong></span> <span class='ocrx_word' id='word_1_145' title='bbox 194 2523 227 2584; x_wconf 89' lang='lat' dir='ltr'><strong><em>et</em></strong></span> <span class='ocrx_word' id='word_1_146' title='bbox 255 2519 354 2585; x_wconf 87' lang='lat' dir='ltr'><strong><em>trium</em></strong></span> <span class='ocrx_word' id='word_1_147' title='bbox 387 2519 611 2585; x_wconf 88' lang='lat' dir='ltr'><strong><em>membrorum</em></strong></span> <span class='ocrx_word' id='word_1_148' title='bbox 642 2507 827 2602; x_wconf 76' lang='lat' dir='ltr'><strong><em>equalitas:</em></strong></span> <span class='ocrx_word' id='word_1_149' title='bbox 863 2517 1110 2603; x_wconf 75' lang='lat' dir='ltr'><strong><em>Supplieotionis</em></strong></span> <span class='ocrx_word' id='word_1_150' title='bbox 1139 2520 1254 2583; x_wconf 78' lang='lat' dir='ltr'><strong><em>motio</em></strong></span> 
     </span>
     <span class='ocr_line' id='line_1_22' title="bbox 54 2625 1253 2710; baseline -0.002 -19"><span class='ocrx_word' id='word_1_151' title='bbox 54 2626 157 2704; x_wconf 74' lang='lat' dir='ltr'><strong><em>mtto,</em></strong></span> <span class='ocrx_word' id='word_1_152' title='bbox 185 2625 319 2691; x_wconf 89' lang='lat' dir='ltr'><strong><em>deinde:</em></strong></span> <span class='ocrx_word' id='word_1_153' title='bbox 347 2627 535 2710; x_wconf 71' lang='lat' dir='ltr'><strong><em>supplicatio</em></strong></span> <span class='ocrx_word' id='word_1_154' title='bbox 561 2625 653 2689; x_wconf 80' lang='lat' dir='ltr'><strong><em>nulla</em></strong></span> <span class='ocrx_word' id='word_1_155' title='bbox 675 2626 810 2704; x_wconf 69' lang='lat' dir='ltr'><strong><em>victoris,</em></strong></span> <span class='ocrx_word' id='word_1_156' title='bbox 840 2628 925 2689; x_wconf 91' lang='lat' dir='ltr'><strong><em>tum:</em></strong></span> <span class='ocrx_word' id='word_1_157' title='bbox 953 2625 1044 2689; x_wconf 80' lang='lat' dir='ltr'><strong><em>natta</em></strong></span> <span class='ocrx_word' id='word_1_158' title='bbox 1066 2625 1253 2709; x_wconf 75' lang='lat' dir='ltr'><strong><em>supplicatio</em></strong></span> 
     </span>
     <span class='ocr_line' id='line_1_23' title="bbox 55 2731 1253 2814; baseline -0.003 -16"><span class='ocrx_word' id='word_1_159' title='bbox 55 2731 183 2798; x_wconf 80' lang='lat' dir='ltr'><strong><em>decreto</em></strong></span> <span class='ocrx_word' id='word_1_160' title='bbox 206 2753 227 2796; x_wconf 91' lang='lat' dir='ltr'><strong><em>a</em></strong></span> <span class='ocrx_word' id='word_1_161' title='bbox 249 2739 370 2797; x_wconf 79' lang='lat' dir='ltr'><strong><em>senatu.</em></strong></span> <span class='ocrx_word' id='word_1_162' title='bbox 419 2732 599 2798; x_wconf 85' lang='lat' dir='ltr'><strong><em>Hominum</em></strong></span> <span class='ocrx_word' id='word_1_163' title='bbox 629 2732 763 2797; x_wconf 85' lang='lat' dir='ltr'><strong><em>nomina</em></strong></span> <span class='ocrx_word' id='word_1_164' title='bbox 794 2734 960 2814; x_wconf 89' lang='lat' dir='ltr'><strong><em>ponuntur</em></strong></span> <span class='ocrx_word' id='word_1_165' title='bbox 988 2731 1023 2794; x_wconf 89' lang='lat' dir='ltr'><strong><em>in</em></strong></span> <span class='ocrx_word' id='word_1_166' title='bbox 1052 2731 1131 2814; x_wconf 88' lang='lat' dir='ltr'><strong><em>ipsis</em></strong></span> <span class='ocrx_word' id='word_1_167' title='bbox 1159 2731 1253 2795; x_wconf 86' lang='lat' dir='ltr'><strong><em>bellis</em></strong></span> 
     </span>
     <span class='ocr_line' id='line_1_24' title="bbox 55 2834 1253 2923; baseline -0.002 -19"><span class='ocrx_word' id='word_1_168' title='bbox 55 2837 291 2922; x_wconf 72' lang='lat' dir='ltr'><strong><em>significandis:</em></strong></span> <span class='ocrx_word' id='word_1_169' title='bbox 328 2838 426 2904; x_wconf 78' lang='lat' dir='ltr'><strong><em>Civile</em></strong></span> <span class='ocrx_word' id='word_1_170' title='bbox 459 2838 573 2903; x_wconf 83' lang='lat' dir='ltr'><strong><em>bellam</em></strong></span> <span class='ocrx_word' id='word_1_171' title='bbox 605 2839 712 2903; x_wconf 84' lang='lat' dir='ltr'><strong><em>censat</em></strong></span> <span class='ocrx_word' id='word_1_172' title='bbox 740 2837 832 2903; x_wconf 74' lang='lat' dir='ltr'><strong><em>Stella</em></strong></span> <span class='ocrx_word' id='word_1_173' title='bbox 860 2839 969 2923; x_wconf 77' lang='lat' dir='ltr'><strong><em>pessit,</em></strong></span> <span class='ocrx_word' id='word_1_174' title='bbox 1004 2841 1092 2903; x_wconf 88' lang='lat' dir='ltr'><strong><em>tum:</em></strong></span> <span class='ocrx_word' id='word_1_175' title='bbox 1127 2834 1253 2902; x_wconf 84' lang='lat' dir='ltr'><strong><em>Oetaei·</em></strong></span> 
     </span>
     <span class='ocr_line' id='line_1_25' title="bbox 56 2931 1254 3029; baseline 0 -20"><span class='ocrx_word' id='word_1_176' title='bbox 56 2965 156 3010; x_wconf 80' lang='lat' dir='ltr'><strong><em>amem</em></strong></span> <span class='ocrx_word' id='word_1_177' title='bbox 185 2944 307 3023; x_wconf 77' lang='lat' dir='ltr'><strong><em>bellum,</em></strong></span> <span class='ocrx_word' id='word_1_178' title='bbox 338 2948 521 3029; x_wconf 82' lang='lat' dir='ltr'><strong><em>postremo:</em></strong></span> <span class='ocrx_word' id='word_1_179' title='bbox 558 2943 668 3009; x_wconf 68' lang='lat' dir='ltr'><strong><em>oiim</em></strong></span> <span class='ocrx_word' id='word_1_180' title='bbox 697 2946 862 3009; x_wconf 82' lang='lat' dir='ltr'><strong><em>victoriam</em></strong></span> <span class='ocrx_word' id='word_1_181' title='bbox 891 2931 1078 3028; x_wconf 67' lang='lat' dir='ltr'><strong><em>imperator⁴</em></strong></span> <span class='ocrx_word' id='word_1_182' title='bbox 1098 2944 1183 3009; x_wconf 76' lang='lat' dir='ltr'><strong><em>uitus</em></strong></span> <span class='ocrx_word' id='word_1_183' title='bbox 1210 2951 1254 3009; x_wconf 83' lang='lat' dir='ltr'><strong><em>est</em></strong></span> 
     </span>
    </p>

    <p class='ocr_par' dir='ltr' id='par_1_7' title="bbox 51 3154 1253 4195">
     <span class='ocr_line' id='line_1_26' title="bbox 145 3154 1253 3241; baseline -0.004 -19"><span class='ocrx_word' id='word_1_184' title='bbox 145 3157 216 3223; x_wconf 83' lang='lat' dir='ltr'><strong><em>loo.</em></strong></span> <span class='ocrx_word' id='word_1_185' title='bbox 243 3157 299 3235; x_wconf 92' lang='grc'><strong><em>14,</em></strong></span> <span class='ocrx_word' id='word_1_186' title='bbox 330 3157 373 3222; x_wconf 81' lang='grc'><strong><em>38</em></strong></span> <span class='ocrx_word' id='word_1_187' title='bbox 401 3154 565 3241; x_wconf 78' lang='lat' dir='ltr'><strong><em>(extrema</em></strong></span> <span class='ocrx_word' id='word_1_188' title='bbox 594 3155 772 3238; x_wconf 82' lang='lat' dir='ltr'><strong><em>oratione):</em></strong></span> <span class='ocrx_word' id='word_1_189' title='bbox 804 3164 839 3221; x_wconf 85' lang='lat' dir='ltr'><strong><em>ut</em></strong></span> <span class='ocrx_word' id='word_1_190' title='bbox 869 3163 964 3220; x_wconf 81' lang='lat' dir='ltr'><strong><em>eeetet</em></strong></span> <span class='ocrx_word' id='word_1_191' title='bbox 994 3155 1038 3220; x_wconf 84' lang='lat' dir='ltr'><strong><em>ad</em></strong></span> <span class='ocrx_word' id='word_1_192' title='bbox 1068 3156 1253 3219; x_wconf 74' lang='lat' dir='ltr'><strong><em>mammiano</em></strong></span> 
     </span>
     <span class='ocr_line' id='line_1_27' title="bbox 51 3261 1253 3348; baseline -0.003 -19"><span class='ocrx_word' id='word_1_193' title='bbox 51 3265 249 3348; x_wconf 75' lang='lat' dir='ltr'><strong><em>posteritatis</em></strong></span> <span class='ocrx_word' id='word_1_194' title='bbox 288 3263 526 3348; x_wconf 78' lang='lat' dir='ltr'><strong><em>sempiternam,</em></strong></span> <span class='ocrx_word' id='word_1_195' title='bbox 568 3262 613 3327; x_wconf 80' lang='lat' dir='ltr'><strong><em>od</em></strong></span> <span class='ocrx_word' id='word_1_196' title='bbox 650 3264 750 3328; x_wconf 78' lang='lat' dir='ltr'><strong><em>scelus</em></strong></span> <span class='ocrx_word' id='word_1_197' title='bbox 788 3262 1077 3326; x_wconf 73' lang='lat' dir='ltr'><strong><em>medeliesimoram</em></strong></span> <span class='ocrx_word' id='word_1_198' title='bbox 1118 3261 1253 3326; x_wconf 76' lang='lat' dir='ltr'><strong><em>hostium</em></strong></span> 
     </span>
     <span class='ocr_line' id='line_1_28' title="bbox 57 3367 1252 3456; baseline -0.003 -20"><span class='ocrx_word' id='word_1_199' title='bbox 57 3371 251 3456; x_wconf 70' lang='lat' dir='ltr'><strong><em>metumque</em></strong></span> <span class='ocrx_word' id='word_1_200' title='bbox 284 3370 428 3434; x_wconf 81' lang='lat' dir='ltr'><strong><em>divinam</em></strong></span> <span class='ocrx_word' id='word_1_201' title='bbox 460 3371 616 3435; x_wconf 77' lang='lat' dir='ltr'><strong><em>oirtmern.</em></strong></span> <span class='ocrx_word' id='word_1_202' title='bbox 679 3369 779 3435; x_wconf 89' lang='lat' dir='ltr'><strong><em>Miror</em></strong></span> <span class='ocrx_word' id='word_1_203' title='bbox 812 3372 881 3433; x_wconf 82' lang='lat' dir='ltr'><strong><em>tam</em></strong></span> <span class='ocrx_word' id='word_1_204' title='bbox 915 3369 1078 3451; x_wconf 80' lang='lat' dir='ltr'><strong><em>patienter</em></strong></span> <span class='ocrx_word' id='word_1_205' title='bbox 1112 3367 1252 3433; x_wconf 83' lang='lat' dir='ltr'><strong><em>editores</em></strong></span> 
     </span>
     <span class='ocr_line' id='line_1_29' title="bbox 56 3473 1252 3556; baseline -0.004 -13"><span class='ocrx_word' id='word_1_206' title='bbox 56 3475 129 3543; x_wconf 81' lang='lat' dir='ltr'><strong><em>haec</em></strong></span> <span class='ocrx_word' id='word_1_207' title='bbox 150 3477 273 3543; x_wconf 87' lang='lat' dir='ltr'><strong><em>tulisse.</em></strong></span> <span class='ocrx_word' id='word_1_208' title='bbox 318 3476 399 3556; x_wconf 85' lang='lat' dir='ltr'><strong><em>Quae</em></strong></span> <span class='ocrx_word' id='word_1_209' title='bbox 422 3480 472 3542; x_wconf 86' lang='lat' dir='ltr'><strong><em>est</em></strong></span> <span class='ocrx_word' id='word_1_210' title='bbox 500 3477 587 3541; x_wconf 93' lang='lat' dir='ltr'><strong><em>enim</em></strong></span> <span class='ocrx_word' id='word_1_211' title='bbox 610 3476 714 3542; x_wconf 87' lang='lat' dir='ltr'><strong><em>maior</em></strong></span> <span class='ocrx_word' id='word_1_212' title='bbox 742 3479 801 3541; x_wconf 85' lang='lat' dir='ltr'><strong><em>aut</em></strong></span> <span class='ocrx_word' id='word_1_213' title='bbox 827 3474 1029 3540; x_wconf 83' lang='lat' dir='ltr'><strong><em>manifestior</em></strong></span> <span class='ocrx_word' id='word_1_214' title='bbox 1056 3473 1252 3556; x_wconf 80' lang='lat' dir='ltr'><strong><em>perversitas</em></strong></span> 
     </span>
     <span class='ocr_line' id='line_1_30' title="bbox 57 3579 1253 3667; baseline -0.005 -18"><span class='ocrx_word' id='word_1_215' title='bbox 57 3588 428 3667; x_wconf 81' lang='lat' dir='ltr'><strong><em>quammonumentum</em></strong></span> <span class='ocrx_word' id='word_1_216' title='bbox 451 3583 515 3648; x_wconf 89' lang='lat' dir='ltr'><strong><em>dici</em></strong></span> <span class='ocrx_word' id='word_1_217' title='bbox 537 3586 665 3649; x_wconf 79' lang='lat' dir='ltr'><strong><em>exstare</em></strong></span> <span class='ocrx_word' id='word_1_218' title='bbox 688 3582 733 3647; x_wconf 83' lang='lat' dir='ltr'><strong><em>ad</em></strong></span> <span class='ocrx_word' id='word_1_219' title='bbox 754 3582 854 3647; x_wconf 79' lang='lat' dir='ltr'><strong><em>scetus</em></strong></span> <span class='ocrx_word' id='word_1_220' title='bbox 880 3580 1015 3645; x_wconf 80' lang='lat' dir='ltr'><strong><em>hostium</em></strong></span> <span class='ocrx_word' id='word_1_221' title='bbox 1043 3583 1076 3644; x_wconf 89' lang='lat' dir='ltr'><strong><em>et</em></strong></span> <span class='ocrx_word' id='word_1_222' title='bbox 1103 3579 1148 3644; x_wconf 83' lang='lat' dir='ltr'><strong><em>ad</em></strong></span> <span class='ocrx_word' id='word_1_223' title='bbox 1169 3580 1253 3644; x_wconf 84' lang='lat' dir='ltr'><strong><em>mili·</em></strong></span> 
     </span>
     <span class='ocr_line' id='line_1_31' title="bbox 55 3687 1253 3772; baseline -0.004 -17"><span class='ocrx_word' id='word_1_224' title='bbox 55 3695 123 3755; x_wconf 81' lang='lat' dir='ltr'><strong><em>tam</em></strong></span> <span class='ocrx_word' id='word_1_225' title='bbox 152 3690 298 3755; x_wconf 77' lang='lat' dir='ltr'><strong><em>virtutem</em></strong></span> <span class='ocrx_word' id='word_1_226' title='bbox 332 3698 390 3756; x_wconf 85' lang='lat' dir='ltr'><strong><em>aut</em></strong></span> <span class='ocrx_word' id='word_1_227' title='bbox 418 3690 567 3772; x_wconf 76' lang='lat' dir='ltr'><strong><em>coniungi</em></strong></span> <span class='ocrx_word' id='word_1_228' title='bbox 594 3692 753 3772; x_wconf 78' lang='lat' dir='ltr'><strong><em>tanquam</em></strong></span> <span class='ocrx_word' id='word_1_229' title='bbox 783 3707 824 3753; x_wconf 83' lang='lat' dir='ltr'><strong><em>ex</em></strong></span> <span class='ocrx_word' id='word_1_230' title='bbox 851 3687 968 3753; x_wconf 89' lang='lat' dir='ltr'><strong><em>eodem</em></strong></span> <span class='ocrx_word' id='word_1_231' title='bbox 995 3706 1113 3770; x_wconf 78' lang='lat' dir='ltr'><strong><em>genere</em></strong></span> <span class='ocrx_word' id='word_1_232' title='bbox 1140 3706 1253 3751; x_wconf 91' lang='lat' dir='ltr'><strong><em>memo·</em></strong></span> 
     </span>
     <span class='ocr_line' id='line_1_32' title="bbox 54 3792 1251 3880; baseline -0.003 -19"><span class='ocrx_word' id='word_1_233' title='bbox 54 3796 143 3860; x_wconf 65' lang='lat' dir='ltr'><strong><em>mam</em></strong></span> <span class='ocrx_word' id='word_1_234' title='bbox 166 3797 363 3880; x_wconf 75' lang='lat' dir='ltr'><strong><em>posteritatis</em></strong></span> <span class='ocrx_word' id='word_1_235' title='bbox 397 3797 619 3880; x_wconf 78' lang='lat' dir='ltr'><strong><em>sempiternam</em></strong></span> <span class='ocrx_word' id='word_1_236' title='bbox 655 3799 689 3860; x_wconf 89' lang='lat' dir='ltr'><strong><em>et</em></strong></span> <span class='ocrx_word' id='word_1_237' title='bbox 723 3795 823 3859; x_wconf 77' lang='lat' dir='ltr'><strong><em>coelas</em></strong></span> <span class='ocrx_word' id='word_1_238' title='bbox 856 3793 1014 3858; x_wconf 78' lang='lat' dir='ltr'><strong><em>hostium?</em></strong></span> <span class='ocrx_word' id='word_1_239' title='bbox 1048 3792 1117 3858; x_wconf 87' lang='lat' dir='ltr'><strong><em>Nisi</em></strong></span> <span class='ocrx_word' id='word_1_240' title='bbox 1146 3792 1251 3874; x_wconf 85' lang='lat' dir='ltr'><strong><em>fallor,</em></strong></span> 
     </span>
     <span class='ocr_line' id='line_1_33' title="bbox 55 3900 1253 3986; baseline -0.003 -18"><span class='ocrx_word' id='word_1_241' title='bbox 55 3901 170 3968; x_wconf 70' lang='lat' dir='ltr'><strong><em>(icero</em></strong></span> <span class='ocrx_word' id='word_1_242' title='bbox 192 3901 337 3986; x_wconf 81' lang='lat' dir='ltr'><strong><em>scripsit:</em></strong></span> <span class='ocrx_word' id='word_1_243' title='bbox 371 3909 410 3967; x_wconf 86' lang='lat' dir='ltr'><strong><em>at</em></strong></span> <span class='ocrx_word' id='word_1_244' title='bbox 439 3909 602 3967; x_wconf 80' lang='lat' dir='ltr'><strong><em>testetur</em></strong></span> <span class='ocrx_word' id='word_1_245' title='bbox 634 3901 678 3966; x_wconf 81' lang='lat' dir='ltr'><strong><em>ad</em></strong></span> <span class='ocrx_word' id='word_1_246' title='bbox 707 3900 893 3965; x_wconf 80' lang='lat' dir='ltr'><strong><em>memoriam</em></strong></span> <span class='ocrx_word' id='word_1_247' title='bbox 915 3901 1112 3984; x_wconf 82' lang='lat' dir='ltr'><strong><em>posteritatis</em></strong></span> <span class='ocrx_word' id='word_1_248' title='bbox 1140 3901 1253 3986; x_wconf 82' lang='lat' dir='ltr'><strong><em>sempi-</em></strong></span> 
     </span>
     <span class='ocr_line' id='line_1_34' title="bbox 52 4005 1253 4092; baseline -0.002 -20"><span class='ocrx_word' id='word_1_249' title='bbox 52 4014 181 4073; x_wconf 81' lang='lat' dir='ltr'><strong><em>temam</em></strong></span> <span class='ocrx_word' id='word_1_250' title='bbox 202 4007 302 4073; x_wconf 74' lang='lat' dir='ltr'><strong><em>scetus</em></strong></span> <span class='ocrx_word' id='word_1_251' title='bbox 322 4008 611 4074; x_wconf 71' lang='lat' dir='ltr'><strong><em>enodetisrimomm</em></strong></span> <span class='ocrx_word' id='word_1_252' title='bbox 640 4006 776 4072; x_wconf 75' lang='lat' dir='ltr'><strong><em>hostium</em></strong></span> <span class='ocrx_word' id='word_1_253' title='bbox 802 4007 997 4092; x_wconf 76' lang='lat' dir='ltr'><strong><em>militumque</em></strong></span> <span class='ocrx_word' id='word_1_254' title='bbox 1023 4005 1167 4071; x_wconf 77' lang='lat' dir='ltr'><strong><em>divinam</em></strong></span> <span class='ocrx_word' id='word_1_255' title='bbox 1188 4008 1253 4070; x_wconf 87' lang='lat' dir='ltr'><strong><em>eir·</em></strong></span> 
     </span>
     <span class='ocr_line' id='line_1_35' title="bbox 53 4111 1253 4195; baseline 0 -17"><span class='ocrx_word' id='word_1_256' title='bbox 53 4118 163 4178; x_wconf 80' lang='lat' dir='ltr'><strong><em>tutem.</em></strong></span> <span class='ocrx_word' id='word_1_257' title='bbox 209 4112 340 4179; x_wconf 83' lang='lat' dir='ltr'><strong><em>Initium</em></strong></span> <span class='ocrx_word' id='word_1_258' title='bbox 373 4115 484 4180; x_wconf 84' lang='lat' dir='ltr'><strong><em>mendi</em></strong></span> <span class='ocrx_word' id='word_1_259' title='bbox 518 4134 539 4180; x_wconf 89' lang='lat' dir='ltr'>a</span> <span class='ocrx_word' id='word_1_260' title='bbox 571 4115 680 4180; x_wconf 89' lang='lat' dir='ltr'><strong><em>littera</em></strong></span> <span class='ocrx_word' id='word_1_261' title='bbox 713 4121 726 4179; x_wconf 96' lang='lat' dir='ltr'><strong><em>t</em></strong></span> <span class='ocrx_word' id='word_1_262' title='bbox 759 4113 861 4178; x_wconf 90' lang='lat' dir='ltr'><strong><em>semel</em></strong></span> <span class='ocrx_word' id='word_1_263' title='bbox 895 4111 1031 4195; x_wconf 80' lang='lat' dir='ltr'><strong><em>scripto,</em></strong></span> <span class='ocrx_word' id='word_1_264' title='bbox 1066 4132 1168 4195; x_wconf 92' lang='lat' dir='ltr'><strong><em>quum</em></strong></span> <span class='ocrx_word' id='word_1_265' title='bbox 1200 4112 1253 4178; x_wconf 87' lang='lat' dir='ltr'><strong><em>bis</em></strong></span> 
     </span>
    </p>
   </div>
   <div class='ocr_carea' id='block_1_3' title="bbox 53 4218 1252 4327">
    <p class='ocr_par' dir='ltr' id='par_1_8' title="bbox 53 4218 1252 4327">
     <span class='ocr_line' id='line_1_36' title="bbox 53 4218 1252 4327; baseline -0.002 -42"><span class='ocrx_word' id='word_1_266' title='bbox 53 4218 175 4327; x_wconf 31' lang='lat' dir='ltr'><strong><em>scribi!</em></strong></span> <span class='ocrx_word' id='word_1_267' title='bbox 189 4218 325 4286; x_wconf 87' lang='lat' dir='ltr'><strong><em>deberet</em></strong></span> <span class='ocrx_word' id='word_1_268' title='bbox 363 4219 411 4305; x_wconf 83' lang='lat' dir='ltr'><strong><em>(ut</em></strong></span> <span class='ocrx_word' id='word_1_269' title='bbox 449 4228 576 4302; x_wconf 72' lang='lat' dir='ltr'><strong><em>estam,</em></strong></span> <span class='ocrx_word' id='word_1_270' title='bbox 617 4221 734 4287; x_wconf 89' lang='lat' dir='ltr'><strong><em>deinde</em></strong></span> <span class='ocrx_word' id='word_1_271' title='bbox 773 4229 808 4286; x_wconf 84' lang='lat' dir='ltr'><strong><em>ot</em></strong></span> <span class='ocrx_word' id='word_1_272' title='bbox 846 4227 955 4297; x_wconf 68' lang='lat' dir='ltr'><strong><em>metete</em></strong></span> <span class='ocrx_word' id='word_1_273' title='bbox 993 4224 1065 4285; x_wconf 90' lang='lat' dir='ltr'><strong><em>tum</em></strong></span> <span class='ocrx_word' id='word_1_274' title='bbox 1104 4218 1252 4285; x_wconf 85' lang='lat' dir='ltr'><strong><em>additum</em></strong></span> 
     </span>
    </p>
   </div>
   <div class='ocr_carea' id='block_1_4' title="bbox 84 4446 816 4521">
    <p class='ocr_par' dir='ltr' id='par_1_9' title="bbox 84 4446 816 4521">
     <span class='ocr_line' id='line_1_37' title="bbox 84 4446 816 4521; baseline -0.005 -13"><span class='ocrx_word' id='word_1_275' title='bbox 84 4448 107 4519; x_wconf 88' lang='lat'><strong><em>¹)</em></strong></span> <span class='ocrx_word' id='word_1_276' title='bbox 126 4447 198 4518; x_wconf 83' lang='lat' dir='ltr'><strong><em>[Hoc</em></strong></span> <span class='ocrx_word' id='word_1_277' title='bbox 215 4450 341 4507; x_wconf 74' lang='lat' dir='ltr'><strong><em>Halmius</em></strong></span> <span class='ocrx_word' id='word_1_278' title='bbox 358 4467 388 4507; x_wconf 86' lang='lat' dir='ltr'><strong><em>se</em></strong></span> <span class='ocrx_word' id='word_1_279' title='bbox 406 4467 515 4521; x_wconf 85' lang='lat' dir='ltr'><strong><em>quoquc</em></strong></span> <span class='ocrx_word' id='word_1_280' title='bbox 534 4450 683 4507; x_wconf 75' lang='lat' dir='ltr'><strong><em>correxisse</em></strong></span> <span class='ocrx_word' id='word_1_281' title='bbox 701 4446 816 4518; x_wconf 76' lang='lat' dir='ltr'><strong><em>scribit]</em></strong></span> 
     </span>
    </p>
   </div>
   <div class='ocr_carea' id='block_1_5' title="bbox 0 0 1478 5206">
    <p class='ocr_par' dir='ltr' id='par_1_10' title="bbox 0 0 1478 5206">
     <span class='ocr_line' id='line_1_38' title="bbox 0 0 1478 5206; baseline 0 1"><span class='ocrx_word' id='word_1_282' title='bbox 0 0 1478 5206; x_wconf 95' lang='lat' dir='ltr'><strong><em> </em></strong></span> 
     </span>
    </p>
   </div>
  </div>
 </body>
</html>
