2948 5206
669 312 735 377 363

140 509 275 573 strativum
297 508 438 590 Philipp.
460 508 532 573 XIII
555 505 573 587 5
593 507 647 571 44.
694 507 846 572 Relativo
869 528 988 573 nomen
1013 513 1179 592 proprium
1205 515 1301 578 slmili

139 616 211 680 modo
228 614 456 697 superadditur
478 614 520 678 de
542 614 657 678 Div.II
680 612 797 695 §1352
823 615 886 697 qni,
911 636 1004 698 quum
1025 665 1169 682 ......
1171 669 1180 699 ,
1205 620 1300 683 Alen-

138 722 213 784 ander
231 717 340 803 cet.]¹)
386 721 504 786 Statim
535 724 610 803 post
639 720 755 785 melius
786 720 861 784 Par.
893 726 925 785 et
955 722 1069 803 reliqui
1102 725 1194 789 codd.
1224 726 1299 804 herc,

138 828 177 892 ubi
194 828 321 893 Orellius
345 847 386 892 ex
409 828 528 892 Bernn.
553 826 654 891 edidit
676 826 747 903 loa
782 846 848 890 non
872 828 913 892 de
937 847 1002 892 una
1026 849 1061 894 re
1085 830 1208 907 Cicero,
1242 833 1301 897 sed

137 934 166 998 de
182 936 320 1000 universo
340 953 448 999 rerum
473 938 562 998 statu
585 933 737 1016 loquitur.
784 931 847 1014 [De
877 934 1042 999 codicibus
1071 936 1173 1001 falsus
1200 938 1300 1021 sum]

198 1042 228 1106 C.
250 1041 304 1117 33,
329 1036 369 1104 7'1
395 1059 489 1121 paene
512 1040 632 1104 invitus
660 1039 751 1121 (nam
779 1059 909 1105 omnem
940 1042 1157 1107 temeritatem
1182 1048 1216 1108 et
1238 1046 1300 1109 fin·

137 1147 211 1227 gandi,
233 1167 306 1229 quae
329 1147 468 1212 tortasse
491 1145 561 1211 fieri
584 1146 759 1228 potuerim,
784 1146 944 1210 licentiam
970 1147 1081 1231 fugio),
1106 1150 1165 1214 sed
1188 1154 1300 1216 tamen

136 1270 181 1316 non
201 1274 343 1335 possum,
379 1253 457 1333 quin
484 1257 572 1316 recte
600 1252 805 1317 Schuetzium
840 1253 979 1317 sensisse
1014 1259 1142 1335 putem,
1178 1259 1233 1339 qui
1266 1259 1301 1322 in

137 1360 227 1424 verbis:
260 1359 433 1444 Inqrcdior
467 1360 534 1422 iam
560 1360 596 1423 in
624 1358 717 1422 Sentii
744 1358 941 1422 tribunatum
969 1360 1110 1437 haeserIt
1146 1363 1236 1444 quod
1270 1364 1300 1427 ei
1383 1412 1387 1419 .

137 1465 222 1530 accidit
242 1466 424 1548 aliquoties,
448 1469 484 1529 ut
508 1465 550 1529 ad
568 1465 793 1529 difficultatem
810 1468 899 1528 recto
917 1467 1059 1547 quodam
1078 1487 1176 1532 sensu
1193 1470 1297 1534 offen·

137 1569 208 1647 deret
233 1574 265 1637 lu
293 1572 426 1654 reliquis
454 1572 552 1637 rebus
586 1573 778 1637 temerarius
814 1575 847 1635 et
881 1572 991 1636 infelix
1026 1575 1166 1639 criticus.
1212 1576 1296 1640 Nam

136 1677 242 1756 pdnurn
265 1679 385 1744 falsam
409 1679 533 1743 habent
556 1679 767 1746 sententiam:
802 1677 891 1741 aliud
915 1683 964 1742 est
988 1682 1084 1758 enim,
1113 1682 1140 1744 si
1165 1683 1208 1746 ad
1230 1683 1298 1747 Ro·

136 1801 273 1849 manorum
296 1805 432 1850 sensum
455 1805 525 1850 rem
551 1786 762 1851 aestimamus.
787 1783 982 1859 tribunatus,
1007 1786 1096 1850 aliud
1119 1787 1300 1869 designati0

136 1889 239 1967 ulma
267 1892 386 1956 deinde
410 1893 617 1957 incommodo
640 1891 711 1956 loco
734 1892 840 1972 posita
863 1894 955 1965 sunt;
991 1911 1067 1956 nam
1093 1894 1136 1957 ad
1159 1896 1298 1976 primam

135 1998 214 2062 statim
237 1999 469 2082 designationis
492 1999 692 2062 mentionem
715 1996 867 2079 ponenda
886 2001 994 2069 erant;
1017 2002 1097 2076 tum,
1123 2019 1188 2081 quo
1206 2021 1299 2065 max·
1313 2019 1352 2057 ⁴⁶³

135 2099 179 2165 ine
195 2124 331 2181 moveor,
359 2106 515 2170 orationis
538 2103 768 2169 cohaerentiam
792 2104 1042 2185 interrumpunt.
1090 2106 1173 2171 Nam
1198 2127 1299 2189 quum

135 2204 250 2275 linisset:
284 2212 482 2276 sedulitatem
506 2218 598 2296 atque
619 2212 831 2293 intepritatem
854 2210 990 2273 homiuis
1012 2211 1134 2288 videta,
1169 2215 1300 2279 subiicil

134 2312 205 2380 alid
226 2319 501 2384 confinnandum:
536 2339 612 2382 naor
641 2317 697 2381 hoc
714 2318 858 2400 primum
881 2318 942 2380 iter
964 2317 1148 2400 desiprratns
1171 2323 1220 2383 rei
1237 2341 1298 2403 pn·

134 2415 196 2485 dicu
220 2446 317 2489 causa
349 2428 483 2508 suscepit
511 2424 558 2504 (id
586 2429 650 2489 est:
686 2443 761 2487 nam
798 2424 859 2487 hoc
894 2425 1037 2505 primum
1071 2427 1204 2492 omnino
1239 2427 1300 2491 iter

134 2532 258 2612 suscepn.
294 2532 393 2613 idque
421 2533 466 2597 rei
496 2553 527 2613 p.
559 2550 658 2595 causa
692 2528 862 2610 suscepit);
898 2530 1016 2594 deinde
1044 2552 1146 2599 ¹causa
1177 2533 1300 2598 itineris

134 2632 309 2714 lenificatur.
344 2640 457 2719 ltaque
481 2637 636 2709 adducor,
661 2640 696 2700 ut
720 2637 862 2709 credam,
888 2639 1140 2702 vetustissimam
1160 2644 1299 2704 annota-

133 2738 223 2808 tionem
250 2746 480 2827 marginalem:
518 2744 703 2827 lnpreditnr
738 2744 804 2804 ium
839 2744 873 2804 in
908 2742 1002 2807 Sentii
1036 2744 1231 2808 tribunatum
1265 2749 1298 2810 in

133 2851 279 2916 orationem
313 2857 477 2934 receptam
512 2870 594 2925 esse,
630 2852 757 2913 mutata
788 2849 880 2912 verbi
912 2869 1062 2930 persona.
1117 2852 1156 2915 Et
1188 2857 1298 2917 tamen

132 2953 206 3023 niden
229 2959 388 3024 audacem
411 2959 497 3022 hanc
520 2977 591 3022 esse
615 2956 842 3036 suspicionem.
868 2957 955 3036 quod
978 2977 1043 3021 non
1067 2959 1171 3022 solum
1196 2979 1298 3024 anno·
1326 2967 1331 2976 ’

133 3060 256 3129 uuonan
279 3067 314 3129 in
337 3069 525 3129 contextum
549 3067 716 3144 receptam
749 3062 830 3138 dico,
867 3064 957 3127 cuius
989 3065 1035 3127 rei
1067 3069 1100 3128 et
1132 3065 1196 3130 alia
1223 3071 1298 3129 sunt

133 3166 286 3252 exempla²l
310 3176 343 3236 et
366 3174 399 3236 In
430 3173 492 3235 hac
521 3173 592 3252 ipsa
621 3169 767 3233 oratione
797 3188 898 3231 unum
928 3169 1012 3233 iufra
1042 3175 1204 3252 arguetur,
1240 3172 1298 3235 sed

132 3271 199 3340 unul
220 3280 436 3343 mutationem
459 3277 579 3341 iactam
605 3295 687 3340 esse.

194 3385 290 3450 Paulo
314 3389 389 3467 post
412 3385 528 3448 iterum
554 3385 694 3464 probare
719 3401 815 3462 cogor
839 3385 982 3445 veterem
1013 3383 1229 3464 suspicionem
1255 3385 1297 3447 ab

133 3480 220 3555 talio
242 3491 472 3573 improbatam,
498 3511 518 3554 a
541 3490 673 3571 reliquis
696 3489 889 3570 neglectam,
914 3488 1074 3563 Lambmi,
1103 3490 1158 3570 qui
1182 3490 1296 3554 edidit:

134 3597 274 3676 respirasse
296 3598 437 3661 loon-lues
465 3597 664 3677 uidebo-ntur,
700 3594 837 3657 trundum
869 3616 914 3669 νε,
950 3594 1005 3657 sed
1034 3615 1087 3677 spe
1117 3616 1150 3657 re
1168 3597 1297 3678 publico

135 3712 297 3784 resarcto,
323 3724 382 3786 pro
407 3724 455 3781 eo,
488 3705 574 3786 qnod
600 3707 649 3766 est
673 3703 705 3765 in
729 3701 835 3764 librIs:
869 3701 924 3764 sed
947 3723 1000 3784 spe
1024 3703 1071 3764 rei
1089 3701 1227 3784 prrrdlicoe
1251 3723 1297 3764 νε-

136 3810 299 3884 unsarana.
346 3811 445 3875 Cuius
469 3811 658 3876 mutationis
688 3828 821 3873 causam
845 3807 984 3871 Orellius
1015 3828 1079 3871 uon
1111 3809 1190 3871 satis
1224 3827 1298 3889 per·

138 3913 220 3985 spexit,
246 3917 310 3999 qui.
340 3938 443 3999 quum
466 3919 661 3982 LambInum
686 3918 719 3980 in
742 3936 781 3978 eo
805 3919 933 3978 tantum
958 3915 1132 3979 offendisse
1156 3919 1297 3996 putaret,

140 4019 199 4089 qnod
217 4045 247 4085 re
269 4044 343 4088 cum
368 4026 416 4087 rei
433 4024 570 4106 publicu>
595 4021 819 4106 recuperanda
844 4021 993 4102 conlungi
1018 4041 1082 4084 nou
1101 4025 1222 4102 posset.
1246 4043 1298 4105 spe

163 4189 339 4207 '·*-——--.--
353 4203 362 4207 .

163 4288 178 4355 ¹)
189 4297 271 4357 Similis
293 4307 462 4374 pronomInis
485 4306 692 4360 demonstrativi
721 4311 782 4374 post
810 4303 1012 4356 substantivum
1042 4303 1231 4356 redundantiae
1254 4320 1297 4355 ex·

192 4392 271 4458 empta,
290 4396 422 4449 nonnulla
441 4401 533 4448 tamen
554 4397 639 4463 magis
659 4396 693 4448 ad
713 4393 869 4447 anticoluthi
884 4398 1010 4445 naturam
1025 4392 1190 4447 accedentia.
1210 4407 1297 4444 unum

194 4481 214 4528 tl
227 4481 334 4537 uterum
353 4485 476 4546 dubium,
496 4485 664 4552 collegerunt
683 4484 846 4551 interpretes
865 4482 899 4535 ad
919 4482 976 4534 Lis.
996 4481 1075 4541 xxv,
1095 4479 1138 4539 27,
1159 4480 1182 4531 1.

167 4552 183 4617 ’l
195 4562 238 4619 lul.
252 4588 330 4641 supra
348 4590 374 4642 p.
396 4573 447 4624 148
465 4580 492 4627 et
510 4574 571 4626 341.
