2948 5206
666 312 728 377 391

145 511 258 596 Opimius,
279 510 499 595 indipmioaime
515 507 660 585 concidit,
681 508 929 590 adscripsitque,
954 507 1193 573 coniunctirum
1211 506 1298 593 (poo-

142 619 188 695 o'm,
205 617 281 700 quod
298 618 400 682 estin
421 613 511 696 edd.)
534 633 708 697 perperam
731 613 986 696 significaturum
1010 633 1098 679 esse:
1116 617 1247 698 possim
1270 618 1299 680 oi

142 725 210 804 colim
228 724 437 790 indicativum
460 721 660 805 significare:
696 719 800 785 Unum
822 756 866 767 —
888 721 994 786 dicere
1015 742 1140 806 possum
1163 756 1207 767 —
1229 742 1299 787 oom-

141 830 227 898 itm
269 831 343 896 Non
376 830 572 894 meminerat
607 828 656 892 vir
691 826 899 905 clarissimus,
934 828 991 893 ubi
1026 847 1085 911 per
1118 847 1300 910 pronomen

141 938 282 1016 ulatinrm,
317 936 430 1002 addita
459 934 620 1018 particula
648 933 789 1018 quidem
824 935 914 999 notio
943 934 1112 999 indefinita
1141 934 1300 1017 generalis

139 1045 185 1108 sire
208 1043 355 1127 negativa
388 1043 457 1107 sive
491 1040 692 1106 affirmativa
726 1040 770 1123 (v.
807 1060 834 1104 c.
869 1038 1059 1122 numeralis)
1097 1040 1141 1105 ad
1174 1047 1299 1106 certum

138 1154 215 1216 aneu
235 1169 337 1234 genus
367 1148 598 1229 adstringatur,
633 1147 679 1212 ibi
710 1147 872 1230 frequenti
905 1146 1068 1212 Ciceronis
1098 1151 1132 1212 et
1161 1147 1299 1213 aliorum

138 1254 261 1323 bonorum
290 1257 487 1338 scriptorum
517 1273 579 1318 usu
612 1253 851 1318 coniunctimm
883 1253 1017 1318 modum
1048 1248 1171 1336 poni.¹)
1216 1253 1299 1331 vid,

138 1364 310 1447 uterempla
332 1364 368 1426 in
389 1381 425 1426 re
447 1379 514 1425 non
536 1360 658 1441 ignota,
682 1359 740 1424 sed
763 1378 937 1440 nusquam,
967 1359 1055 1441 quod
1077 1359 1191 1438 sciam,
1219 1361 1299 1425 satis

138 1468 252 1535 tntum
273 1468 399 1535 tradita
420 1487 553 1550 ponam,
582 1469 703 1549 praeter
725 1466 815 1530 Brut.
840 1466 870 1542 7,
895 1466 947 1544 27,
976 1466 1032 1548 qui
1054 1466 1143 1532 loeus
1167 1487 1187 1532 a
1210 1485 1299 1533 com-
1413 1469 1416 1473 ’

137 1574 249 1657 pluribus
270 1576 460 1652 advocatur,
490 1573 532 1637 de
555 1571 646 1637 Orat.
669 1572 707 1650 ll,
732 1572 785 1650 22,
809 1571 862 1650 93,
891 1572 933 1636 de
956 1573 1007 1636 Re
1029 1592 1062 1655 p.
1085 1573 1109 1652 Ι,
1139 1575 1169 1652 2,
1198 1574 1229 1651 2,
1258 1574 1300 1639 de

138 1680 204 1766 lagg.
223 1683 246 1762 l,
269 1682 323 1759 20,
352 1681 412 1758 54ς
446 1699 548 1763 supra
578 1698 708 1762 quoque
738 1698 766 1743 c.
790 1679 843 1758 50,
877 1679 939 1744 106
971 1683 1056 1744 erat:
1094 1681 1170 1761 Quo
1200 1683 1300 1745 contio

136 1786 188 1871 frit,
213 1810 280 1876 qao
307 1787 435 1881 quidem
457 1794 534 1852 caret
556 1806 620 1850 mon
649 1785 801 1850 conducto
835 1791 897 1852 cet.
949 1785 1029 1869 [Cir.
1059 1787 1203 1853 Gramm.
1228 1788 1298 1854 Lat.

136 1891 212 1974 itit
231 1900 299 1962 not.
323 1896 345 1960 2
368 1894 420 1959 ed.
444 1892 493 1976 3.]
538 1893 590 1957 Ad
622 1893 706 1956 hanc
736 1893 897 1959 rationem
927 1896 989 1960 hoc
1018 1895 1088 1961 loco
1116 1895 1300 1961 necessario

135 2001 308 2067 enitendum
336 2005 387 2066 est
410 2001 542 2085 possim.
588 1998 754 2076 Codicum,
790 2001 972 2082 praesertim
1003 2020 1045 2065 ex
1074 2020 1139 2066 uno
1170 2000 1299 2066 deriva-

135 2108 220 2187 torum,
251 2110 287 2173 in
315 2106 504 2173 huiusmodi
537 2125 573 2171 re
603 2105 720 2188 exigua
751 2110 802 2172 est
832 2108 1019 2173 auctoritas.
1064 2107 1186 2174 Contra
1212 2111 1300 2172 reete

134 2209 297 2279 indicativus
321 2215 460 2291 tenetur,
484 2211 542 2275 ubi
565 2219 659 2276 certa
683 2216 717 2276 et
738 2212 874 2278 definita
896 2214 1033 2279 subiecti
1049 2213 1138 2280 notio
1153 2213 1300 2279 adhibita

138 2321 270 2385 manua
291 2319 428 2385 relativa
451 2318 642 2401 completur,
666 2318 756 2383 velut
777 2338 837 2402 pro
860 2320 984 2386 Scauro
1007 2318 1099 2402 §162
1123 2320 1300 2405 Arpumen-

133 2429 180 2488 ten
196 2447 271 2510 cero,
294 2425 378 2512 quod
400 2425 526 2511 quidem
549 2432 593 2489 est
610 2427 780 2509 proprium
803 2427 852 2490 rei
875 2430 935 2490 cet.
959 2424 1007 2509 (in
1028 2430 1141 2494 nostro
1164 2433 1197 2492 et
1219 2427 1299 2493 Ger-

132 2532 229 2598 amco
261 2552 412 2598 sermone
445 2551 626 2614 pronomen
657 2531 826 2596 definitum
857 2533 1149 2598 demonstrativum
1178 2534 1298 2599 addas:

133 2633 259 2725 desierim
281 2640 404 2705 Boeotia
424 2636 630 2723 wemipstema),
654 2641 687 2702 ei
705 2638 794 2703 Brut.
815 2639 866 2715 17,
891 2639 948 2704 65:
974 2639 1121 2704 Catonem
1144 2660 1215 2704 vero
1231 2642 1300 2726 quis

133 2751 279 2811 morosam
302 2753 475 2827 oratorum,
500 2746 554 2830 qui
577 2745 703 2831 quidem
718 2753 901 2826 nonerunt,
925 2746 1020 2830 tepet?
1048 2746 1169 2812 Contra
1186 2766 1299 2812 neees-

136 2852 196 2916 ario
208 2853 378 2918 dicendum
394 2855 494 2916 esset:
521 2851 668 2915 Catonem
690 2872 782 2932 anas,
807 2853 861 2937 qui
882 2852 1007 2937 quidem
1021 2874 1106 2917 nunc
1123 2855 1174 2933 sit,
1199 2853 1302 2918 Gaius
1315 2865 1354 2905 ⁵⁰⁵

136 2952 192 3039 tm,
210 2959 343 3025 relativo
366 2959 548 3041 pertinente
572 2957 615 3021 ad
638 2977 753 3022 vocem
776 2953 906 3040 onas.²)

197 3065 314 3131 Eodem
338 3067 445 3148 capite
468 3069 624 3140 extremo,
657 3063 834 3146 quodiam
858 3066 977 3147 saepius
1001 3066 1072 3143 feci,
1107 3066 1299 3130 invidiosam

138 3162 196 3234 inter
215 3174 338 3238 criticos
361 3191 431 3236 rem
455 3171 635 3254 aggredior,
659 3175 697 3235 ut
719 3171 780 3236 loci
800 3172 998 3237 anonnullis
1013 3173 1047 3236 in
1062 3172 1299 3236 dubitationem

139 3271 237 3343 adducti
259 3279 483 3344 defensionem
512 3297 596 3356 earn,
632 3278 664 3341 in
699 3297 764 3359 qua
797 3278 911 3360 reliqui
946 3283 1104 3361 tanquam
1140 3282 1227 3343 certa
1255 3277 1301 3342 ita

155 3498 173 3567 ¹)
184 3506 296 3563 landem
315 3524 376 3562 csse
395 3507 564 3576 pronominis
587 3508 671 3562 solius
694 3508 733 3562 sic
756 3508 836 3577 positi
861 3508 1003 3572 rationem,
1031 3509 1059 3562 in
1083 3509 1180 3577 vulgus
1203 3514 1299 3562 uotum

184 3603 224 3653 erl.
259 3597 346 3667 uagis
364 3603 459 3650 tamen
477 3597 504 3649 id
529 3596 557 3650 in
581 3597 662 3651 certis
686 3597 850 3665 quibusdam
873 3597 1056 3651 locutionibus
1078 3597 1300 3652 animadvertunt

185 3687 328 3742 cuiusmodi
348 3689 479 3755 estquod
497 3689 590 3755 sciam,
608 3684 794 3750 meminerim).
822 3686 876 3740 Sed
894 3686 947 3739 Cic.
967 3686 995 3739 in
1008 3687 1083 3740 Brut
1096 3685 1139 3750 33,
1160 3685 1210 3738 127
1229 3684 1300 3753 (Hic,

183 3778 223 3841 qui
240 3780 269 3830 in
288 3777 396 3843 callepio
414 3777 585 3829 sacerdotum
602 3783 676 3842 esset,
690 3778 802 3842 primus
822 3805 854 3812 —
874 3784 912 3828 eut
931 3773 1131 3842 condemnatus)
1154 3775 1300 3829 indicativo

184 3864 216 3916 uli
238 3881 294 3919 nou
318 3863 415 3933 potuit
458 3861 586 3932 [Philipp.
605 3863 637 3927 ll,
662 3861 704 3921 11.
728 3859 783 3929 25]
825 3864 867 3916 Ab
891 3864 986 3916 eadem
1011 3880 1093 3917 eausa
1116 3864 1209 3917 Cicero
1233 3863 1301 3916 dixit

184 3965 224 4017 pro
239 3953 326 4007 Balbo
344 3950 388 4020 21,
412 3950 460 4005 48:
492 3954 519 4005 Τ.
540 3953 691 4005 Matrinius
713 3968 786 4005 unies
810 3955 904 4016 exiis,
933 3970 999 4020 quoe
1021 3954 1049 4007 C·
1068 3955 1178 4007 Mariua
1196 3955 1300 4006 civitate

185 4040 305 4110 domm,
324 4044 396 4095 discit
413 4059 526 4095 eausam
544 4046 595 4095 oet.

159 4113 268 4191 'llliimis
286 4135 361 4184 certo
379 4129 435 4183 tine
453 4130 512 4183 haec
530 4129 697 4205 distinguere
715 4135 830 4183 conatus
849 4146 919 4183 sum.
948 4129 1097 4184 Indicativo
1116 4135 1143 4183 et
1162 4129 1255 4183 Cicero
1274 4134 1301 4182 et

188 4215 224 4270 alii
242 4224 365 4283 utantur,
394 4219 441 4272 ubi
469 4219 629 4288 simpliciter
656 4235 742 4287 genus
770 4219 1016 4287 comprehendunt,
1044 4217 1224 4281 coniunctim,
1253 4217 1300 4270 ubi

190 4303 257 4360 iun
275 4308 432 4373 admonent,
460 4325 544 4377 quarn
567 4307 625 4360 rim
648 4308 682 4360 ad
702 4323 759 4360 rem
779 4306 954 4360 iudicandam
972 4308 1031 4360 haec
1049 4312 1176 4360 accurata
1194 4305 1300 4375 generis

192 4394 330 4451 tenuiuatio
354 4397 463 4451 habeat.
506 4396 648 4451 indicativi
672 4397 797 4465 exempla
821 4397 884 4449 eddi
909 4397 967 4449 haec
989 4401 1116 4465 possunt:
1145 4396 1179 4449 de
1202 4395 1247 4448 Or.
1267 4394 1299 4455 ΙΙ,

194 4476 227 4545 ll,
240 4483 296 4552 291,
315 4502 364 4555 pro
383 4485 437 4539 Mil.
457 4486 481 4550 l,
500 4484 525 4550 3,
545 4487 580 4539 ad
600 4486 655 4539 Ait.
676 4485 731 4550 Vll,
751 4484 776 4549 2,
796 4483 821 4548 3,
841 4485 873 4549 x,
893 4485 935 4548 16,
954 4484 979 4549 2,
998 4485 1077 4538 Taso.
1096 4484 1129 4551 ll,
1148 4482 1173 4548 2,
1193 4482 1223 4541 53
1242 4482 1300 4535 Liu.

196 4564 282 4639 mn,
300 4575 325 4639 6,
344 4571 382 4640 8.]
