<?xml version="1.0" encoding="UTF-8"?>
<!DOCTYPE html PUBLIC "-//W3C//DTD XHTML 1.0 Transitional//EN"
    "http://www.w3.org/TR/xhtml1/DTD/xhtml1-transitional.dtd">
<html xmlns="http://www.w3.org/1999/xhtml" xml:lang="en" lang="en">
 <head>
  <title>
</title>
<meta http-equiv="Content-Type" content="text/html;charset=utf-8" />
  <meta name='ocr-system' content='tesseract 3.04.00' />
  <meta name='ocr-capabilities' content='ocr_page ocr_carea ocr_par ocr_line ocrx_word'/>
</head>
<body>
  <div class='ocr_page' id='page_1' title='image "./ionicolaimadvig02madvgoog_0370.png"; bbox 0 0 2956 5190; ppageno 0'>
   <div class='ocr_carea' id='block_1_1' title="bbox 709 298 771 362">
    <p class='ocr_par' dir='ltr' id='par_1_1' title="bbox 709 298 771 362">
     <span class='ocr_line' id='line_1_1' title="bbox 709 298 771 362; baseline 0 0"><span class='ocrx_word' id='word_1_1' title='bbox 709 298 771 362; x_wconf 72' lang='lat'>347</span> 
     </span>
    </p>
   </div>
   <div class='ocr_carea' id='block_1_2' title="bbox 113 486 1464 4622">
    <p class='ocr_par' dir='ltr' id='par_1_2' title="bbox 113 486 1464 4622">
     <span class='ocr_line' id='line_1_2' title="bbox 123 486 1337 575; baseline 0.003 -25"><span class='ocrx_word' id='word_1_2' title='bbox 123 506 212 572; x_wconf 65' lang='lat' dir='ltr'>qum</span> <span class='ocrx_word' id='word_1_3' title='bbox 236 486 404 552; x_wconf 86' lang='lat' dir='ltr'>efficerent</span> <span class='ocrx_word' id='word_1_4' title='bbox 419 495 581 575; x_wconf 73' lang='lat' dir='ltr'>tunquam,</span> <span class='ocrx_word' id='word_1_5' title='bbox 605 494 694 573; x_wconf 92' lang='lat' dir='ltr'>quod</span> <span class='ocrx_word' id='word_1_6' title='bbox 710 493 737 557; x_wconf 91' lang='lat' dir='ltr'>si</span> <span class='ocrx_word' id='word_1_7' title='bbox 754 494 912 575; x_wconf 91' lang='lat' dir='ltr'>scriptum</span> <span class='ocrx_word' id='word_1_8' title='bbox 930 493 1006 557; x_wconf 90' lang='lat' dir='ltr'>olim</span> <span class='ocrx_word' id='word_1_9' title='bbox 1028 491 1149 566; x_wconf 85' lang='lat' dir='ltr'>fuisset,</span> <span class='ocrx_word' id='word_1_10' title='bbox 1175 492 1337 572; x_wconf 91' lang='lat' dir='ltr'>corrumpi</span> 
     </span>
     <span class='ocr_line' id='line_1_3' title="bbox 123 594 1337 681; baseline 0.003 -24"><span class='ocrx_word' id='word_1_11' title='bbox 123 594 311 677; x_wconf 65' lang='lat' dir='ltr'>potasset,</span> <span class='ocrx_word' id='word_1_12' title='bbox 343 594 470 660; x_wconf 87' lang='lat' dir='ltr'>sedita</span> <span class='ocrx_word' id='word_1_13' title='bbox 494 596 630 662; x_wconf 83' lang='lat' dir='ltr'><strong>distrahi</strong></span> <span class='ocrx_word' id='word_1_14' title='bbox 654 598 847 681; x_wconf 91' lang='lat' dir='ltr'>duobusque</span> <span class='ocrx_word' id='word_1_15' title='bbox 865 599 950 663; x_wconf 56' lang='lat' dir='ltr'>‘locis</span> <span class='ocrx_word' id='word_1_16' title='bbox 974 598 1051 679; x_wconf 94' lang='lat' dir='ltr'>poni</span> <span class='ocrx_word' id='word_1_17' title='bbox 1076 618 1140 662; x_wconf 90' lang='lat' dir='ltr'>non</span> <span class='ocrx_word' id='word_1_18' title='bbox 1167 599 1337 679; x_wconf 91' lang='lat' dir='ltr'>potuisset.</span> 
     </span>
     <span class='ocr_line' id='line_1_4' title="bbox 133 696 1400 794; baseline 0 -30"><span class='ocrx_word' id='word_1_19' title='bbox 133 696 226 781; x_wconf 83' lang='lat' dir='ltr'>(Hoc</span> <span class='ocrx_word' id='word_1_20' title='bbox 250 702 357 783; x_wconf 89' lang='lat' dir='ltr'>ipsum</span> <span class='ocrx_word' id='word_1_21' title='bbox 380 709 533 794; x_wconf 77' lang='lat' dir='ltr'>tanquam</span> <span class='ocrx_word' id='word_1_22' title='bbox 557 705 655 768; x_wconf 90' lang='lat' dir='ltr'>ceteri</span> <span class='ocrx_word' id='word_1_23' title='bbox 678 709 766 769; x_wconf 85' lang='lat' dir='ltr'>recte</span> <span class='ocrx_word' id='word_1_24' title='bbox 789 704 947 769; x_wconf 91' lang='lat' dir='ltr'>hactenus</span> <span class='ocrx_word' id='word_1_25' title='bbox 976 704 1014 769; x_wconf 93' lang='lat' dir='ltr'>iis</span> <span class='ocrx_word' id='word_1_26' title='bbox 1044 705 1162 781; x_wconf 84' lang='lat' dir='ltr'>verbis,</span> <span class='ocrx_word' id='word_1_27' title='bbox 1198 723 1336 785; x_wconf 89' lang='lat' dir='ltr'>quorum</span> <span class='ocrx_word' id='word_1_28' title='bbox 1395 754 1400 764; x_wconf 89' lang='lat'><strong><em>.</em></strong></span> 
     </span>
     <span class='ocr_line' id='line_1_5' title="bbox 130 805 1335 893; baseline 0.002 -23"><span class='ocrx_word' id='word_1_29' title='bbox 130 805 250 870; x_wconf 81' lang='lat' dir='ltr'>audax</span> <span class='ocrx_word' id='word_1_30' title='bbox 265 808 458 890; x_wconf 79' lang='lat' dir='ltr'>metaphora</span> <span class='ocrx_word' id='word_1_31' title='bbox 474 809 567 874; x_wconf 85' lang='lat' dir='ltr'>leniri</span> <span class='ocrx_word' id='word_1_32' title='bbox 583 809 691 889; x_wconf 88' lang='lat' dir='ltr'>debet,</span> <span class='ocrx_word' id='word_1_33' title='bbox 715 814 925 893; x_wconf 85' lang='lat' dir='ltr'>praeponunt;</span> <span class='ocrx_word' id='word_1_34' title='bbox 950 810 1098 886; x_wconf 78' lang='lat' dir='ltr'>Orethus,</span> <span class='ocrx_word' id='word_1_35' title='bbox 1123 811 1335 875; x_wconf 88' lang='lat' dir='ltr'>Garatonium</span> 
     </span>
     <span class='ocr_line' id='line_1_6' title="bbox 127 915 1338 1003; baseline 0.002 -26"><span class='ocrx_word' id='word_1_36' title='bbox 127 916 282 992; x_wconf 81' lang='lat' dir='ltr'>secutus,</span> <span class='ocrx_word' id='word_1_37' title='bbox 306 915 601 981; x_wconf 84' lang='lat' dir='ltr'>incommodissime</span> <span class='ocrx_word' id='word_1_38' title='bbox 624 917 746 998; x_wconf 90' lang='lat' dir='ltr'>posuit:</span> <span class='ocrx_word' id='word_1_39' title='bbox 771 925 923 1003; x_wconf 77' lang='lat' dir='ltr'>tanquam</span> <span class='ocrx_word' id='word_1_40' title='bbox 945 920 981 981; x_wconf 82' lang='lat' dir='ltr'>in</span> <span class='ocrx_word' id='word_1_41' title='bbox 1004 919 1052 980; x_wconf 83' lang='lat' dir='ltr'>rei</span> <span class='ocrx_word' id='word_1_42' title='bbox 1069 917 1206 1001; x_wconf 75' lang='lat' dir='ltr'>publicu</span> <span class='ocrx_word' id='word_1_43' title='bbox 1224 937 1338 1002; x_wconf 76' lang='lat' dir='ltr'>niaque</span> 
     </span>
     <span class='ocr_line' id='line_1_7' title="bbox 127 1016 1336 1106; baseline 0.004 -23"><span class='ocrx_word' id='word_1_44' title='bbox 127 1016 250 1102; x_wconf 81' lang='lat' dir='ltr'>motu.)</span> <span class='ocrx_word' id='word_1_45' title='bbox 295 1020 358 1085; x_wconf 90' lang='lat' dir='ltr'>Sed</span> <span class='ocrx_word' id='word_1_46' title='bbox 383 1022 484 1087; x_wconf 90' lang='lat' dir='ltr'>multo</span> <span class='ocrx_word' id='word_1_47' title='bbox 508 1026 584 1087; x_wconf 87' lang='lat' dir='ltr'>sunt</span> <span class='ocrx_word' id='word_1_48' title='bbox 606 1024 755 1106; x_wconf 79' lang='lat' dir='ltr'>graviora</span> <span class='ocrx_word' id='word_1_49' title='bbox 779 1024 862 1089; x_wconf 92' lang='lat' dir='ltr'>illius</span> <span class='ocrx_word' id='word_1_50' title='bbox 890 1022 1059 1106; x_wconf 76' lang='lat' dir='ltr'>scripturae</span> <span class='ocrx_word' id='word_1_51' title='bbox 1088 1025 1232 1100; x_wconf 82' lang='lat' dir='ltr'>vulnera,</span> <span class='ocrx_word' id='word_1_52' title='bbox 1264 1044 1336 1105; x_wconf 85' lang='lat' dir='ltr'>quae</span> 
     </span>
     <span class='ocr_line' id='line_1_8' title="bbox 126 1124 1336 1212; baseline 0.003 -23"><span class='ocrx_word' id='word_1_53' title='bbox 126 1124 213 1190; x_wconf 86' lang='lat' dir='ltr'>ideo</span> <span class='ocrx_word' id='word_1_54' title='bbox 237 1128 392 1209; x_wconf 88' lang='lat' dir='ltr'>aperiam,</span> <span class='ocrx_word' id='word_1_55' title='bbox 422 1130 592 1193; x_wconf 87' lang='lat' dir='ltr'>utstatim</span> <span class='ocrx_word' id='word_1_56' title='bbox 615 1131 823 1212; x_wconf 88' lang='lat' dir='ltr'>perspicuum</span> <span class='ocrx_word' id='word_1_57' title='bbox 847 1133 898 1210; x_wconf 79' lang='lat' dir='ltr'>sit,</span> <span class='ocrx_word' id='word_1_58' title='bbox 935 1131 998 1196; x_wconf 88' lang='lat' dir='ltr'>alia</span> <span class='ocrx_word' id='word_1_59' title='bbox 1022 1133 1075 1195; x_wconf 87' lang='lat' dir='ltr'>via</span> <span class='ocrx_word' id='word_1_60' title='bbox 1098 1130 1141 1194; x_wconf 89' lang='lat' dir='ltr'>ad</span> <span class='ocrx_word' id='word_1_61' title='bbox 1164 1130 1336 1193; x_wconf 87' lang='lat' dir='ltr'>veritatem</span> 
     </span>
     <span class='ocr_line' id='line_1_9' title="bbox 126 1233 1337 1317; baseline 0.001 -20"><span class='ocrx_word' id='word_1_62' title='bbox 126 1233 301 1317; x_wconf 82' lang='lat' dir='ltr'>perveniri</span> <span class='ocrx_word' id='word_1_63' title='bbox 324 1233 454 1299; x_wconf 86' lang='lat' dir='ltr'>debere.</span> <span class='ocrx_word' id='word_1_64' title='bbox 500 1235 657 1314; x_wconf 84' lang='lat' dir='ltr'>Primum,</span> <span class='ocrx_word' id='word_1_65' title='bbox 681 1258 804 1302; x_wconf 89' lang='lat' dir='ltr'>annum</span> <span class='ocrx_word' id='word_1_66' title='bbox 829 1238 891 1302; x_wconf 90' lang='lat' dir='ltr'>dici</span> <span class='ocrx_word' id='word_1_67' title='bbox 915 1258 1025 1302; x_wconf 83' lang='lat' dir='ltr'>arcum</span> <span class='ocrx_word' id='word_1_68' title='bbox 1049 1241 1082 1301; x_wconf 89' lang='lat' dir='ltr'>et</span> <span class='ocrx_word' id='word_1_69' title='bbox 1105 1258 1215 1300; x_wconf 83' lang='lat' dir='ltr'>arcum</span> <span class='ocrx_word' id='word_1_70' title='bbox 1239 1237 1337 1299; x_wconf 78' lang='lat' dir='ltr'>inten-</span> 
     </span>
     <span class='ocr_line' id='line_1_10' title="bbox 127 1339 1336 1426; baseline 0.002 -24"><span class='ocrx_word' id='word_1_71' title='bbox 127 1344 215 1416; x_wconf 76' lang='lat' dir='ltr'>tum,</span> <span class='ocrx_word' id='word_1_72' title='bbox 228 1339 324 1412; x_wconf 81' lang='lat' dir='ltr'>¹adeo</span> <span class='ocrx_word' id='word_1_73' title='bbox 348 1345 397 1405; x_wconf 90' lang='lat' dir='ltr'>est</span> <span class='ocrx_word' id='word_1_74' title='bbox 420 1361 486 1406; x_wconf 92' lang='lat' dir='ltr'>non</span> <span class='ocrx_word' id='word_1_75' title='bbox 509 1342 615 1407; x_wconf 90' lang='lat' dir='ltr'>solum</span> <span class='ocrx_word' id='word_1_76' title='bbox 638 1364 741 1425; x_wconf 81' lang='lat' dir='ltr'>prava</span> <span class='ocrx_word' id='word_1_77' title='bbox 765 1348 797 1408; x_wconf 89' lang='lat' dir='ltr'>et</span> <span class='ocrx_word' id='word_1_78' title='bbox 812 1364 966 1426; x_wconf 87' lang='lat' dir='ltr'>perversa</span> <span class='ocrx_word' id='word_1_79' title='bbox 983 1343 1186 1426; x_wconf 79' lang='lat' dir='ltr'>metaphora,</span> <span class='ocrx_word' id='word_1_80' title='bbox 1211 1347 1247 1406; x_wconf 94' lang='lat' dir='ltr'>ut</span> <span class='ocrx_word' id='word_1_81' title='bbox 1264 1362 1336 1406; x_wconf 88' lang='lat' dir='ltr'>eam</span> 
     </span>
     <span class='ocr_line' id='line_1_11' title="bbox 130 1444 1335 1528; baseline 0.002 -19"><span class='ocrx_word' id='word_1_82' title='bbox 130 1444 255 1511; x_wconf 86' lang='lat' dir='ltr'>Cicero</span> <span class='ocrx_word' id='word_1_83' title='bbox 277 1447 404 1528; x_wconf 79' lang='lat' dir='ltr'>eligere,</span> <span class='ocrx_word' id='word_1_84' title='bbox 440 1468 553 1512; x_wconf 86' lang='lat' dir='ltr'>verum</span> <span class='ocrx_word' id='word_1_85' title='bbox 589 1452 688 1514; x_wconf 88' lang='lat' dir='ltr'>etiam</span> <span class='ocrx_word' id='word_1_86' title='bbox 723 1454 791 1515; x_wconf 88' lang='lat' dir='ltr'>tam</span> <span class='ocrx_word' id='word_1_87' title='bbox 823 1454 971 1516; x_wconf 89' lang='lat' dir='ltr'>contorta</span> <span class='ocrx_word' id='word_1_88' title='bbox 1002 1453 1035 1513; x_wconf 91' lang='lat' dir='ltr'>et</span> <span class='ocrx_word' id='word_1_89' title='bbox 1066 1469 1084 1513; x_wconf 93' lang='lat' dir='ltr'>a</span> <span class='ocrx_word' id='word_1_90' title='bbox 1114 1449 1203 1513; x_wconf 89' lang='lat' dir='ltr'>nulla</span> <span class='ocrx_word' id='word_1_91' title='bbox 1226 1467 1335 1512; x_wconf 90' lang='lat' dir='ltr'>rerum</span> 
     </span>
     <span class='ocr_line' id='line_1_12' title="bbox 130 1550 1336 1639; baseline 0.002 -24"><span class='ocrx_word' id='word_1_92' title='bbox 130 1550 522 1639; x_wconf 22' lang='lat' dir='ltr'>similitudinelspecieve</span> <span class='ocrx_word' id='word_1_93' title='bbox 546 1556 655 1633; x_wconf 74' lang='lat' dir='ltr'>ducta,</span> <span class='ocrx_word' id='word_1_94' title='bbox 691 1559 726 1621; x_wconf 90' lang='lat' dir='ltr'>ut</span> <span class='ocrx_word' id='word_1_95' title='bbox 757 1557 790 1620; x_wconf 95' lang='lat' dir='ltr'>in</span> <span class='ocrx_word' id='word_1_96' title='bbox 821 1577 894 1621; x_wconf 92' lang='lat' dir='ltr'>eam</span> <span class='ocrx_word' id='word_1_97' title='bbox 926 1556 1067 1620; x_wconf 84' lang='lat' dir='ltr'>incidere</span> <span class='ocrx_word' id='word_1_98' title='bbox 1096 1576 1161 1620; x_wconf 88' lang='lat' dir='ltr'>non</span> <span class='ocrx_word' id='word_1_99' title='bbox 1185 1555 1336 1637; x_wconf 89' lang='lat' dir='ltr'>potuerit.</span> 
     </span>
     <span class='ocr_line' id='line_1_13' title="bbox 130 1650 1336 1745; baseline 0.002 -23"><span class='ocrx_word' id='word_1_100' title='bbox 130 1657 204 1723; x_wconf 86' lang='lat' dir='ltr'>Sed</span> <span class='ocrx_word' id='word_1_101' title='bbox 228 1659 334 1724; x_wconf 88' lang='lat' dir='ltr'>maius</span> <span class='ocrx_word' id='word_1_102' title='bbox 356 1660 445 1738; x_wconf 79' lang='lat' dir='ltr'>illud,</span> <span class='ocrx_word' id='word_1_103' title='bbox 470 1663 558 1743; x_wconf 92' lang='lat' dir='ltr'>quod</span> <span class='ocrx_word' id='word_1_104' title='bbox 581 1666 651 1727; x_wconf 91' lang='lat' dir='ltr'>tota</span> <span class='ocrx_word' id='word_1_105' title='bbox 674 1682 736 1739; x_wconf 86' lang='lat' dir='ltr'>res,</span> <span class='ocrx_word' id='word_1_106' title='bbox 761 1663 802 1727; x_wconf 92' lang='lat' dir='ltr'>de</span> <span class='ocrx_word' id='word_1_107' title='bbox 826 1682 891 1745; x_wconf 86' lang='lat' dir='ltr'>qua</span> <span class='ocrx_word' id='word_1_108' title='bbox 909 1663 1020 1729; x_wconf 89' lang='lat' dir='ltr'>Cicero</span> <span class='ocrx_word' id='word_1_109' title='bbox 1044 1662 1130 1739; x_wconf 82' lang='lat' dir='ltr'>dicit,</span> <span class='ocrx_word' id='word_1_110' title='bbox 1155 1650 1236 1725; x_wconf 80' lang='lat' dir='ltr'>mire</span> <span class='ocrx_word' id='word_1_111' title='bbox 1260 1680 1336 1725; x_wconf 90' lang='lat' dir='ltr'>con·</span> 
     </span>
     <span class='ocr_line' id='line_1_14' title="bbox 128 1765 1337 1855; baseline 0.002 -27"><span class='ocrx_word' id='word_1_112' title='bbox 128 1765 286 1855; x_wconf 71' lang='lat' dir='ltr'>tunditur</span> <span class='ocrx_word' id='word_1_113' title='bbox 309 1771 343 1831; x_wconf 89' lang='lat' dir='ltr'>et</span> <span class='ocrx_word' id='word_1_114' title='bbox 365 1767 569 1832; x_wconf 89' lang='lat' dir='ltr'>obscuratur.</span> <span class='ocrx_word' id='word_1_115' title='bbox 617 1769 737 1834; x_wconf 88' lang='lat' dir='ltr'>Totum</span> <span class='ocrx_word' id='word_1_116' title='bbox 768 1789 803 1834; x_wconf 91' lang='lat' dir='ltr'>se</span> <span class='ocrx_word' id='word_1_117' title='bbox 836 1770 913 1833; x_wconf 87' lang='lat' dir='ltr'>dicit</span> <span class='ocrx_word' id='word_1_118' title='bbox 944 1769 1118 1850; x_wconf 89' lang='lat' dir='ltr'>superioris</span> <span class='ocrx_word' id='word_1_119' title='bbox 1149 1767 1226 1832; x_wconf 89' lang='lat' dir='ltr'>anni</span> <span class='ocrx_word' id='word_1_120' title='bbox 1254 1786 1337 1831; x_wconf 89' lang='lat' dir='ltr'>nau·</span> 
     </span>
     <span class='ocr_line' id='line_1_15' title="bbox 113 1871 1337 1956; baseline 0.002 -21"><span class='ocrx_word' id='word_1_121' title='bbox 113 1871 279 1953; x_wconf 76' lang='lat' dir='ltr'>-iragium</span> <span class='ocrx_word' id='word_1_122' title='bbox 309 1872 355 1937; x_wconf 90' lang='lat' dir='ltr'>rei</span> <span class='ocrx_word' id='word_1_123' title='bbox 379 1874 519 1955; x_wconf 87' lang='lat' dir='ltr'>publicae</span> <span class='ocrx_word' id='word_1_124' title='bbox 551 1876 783 1956; x_wconf 80' lang='lat' dir='ltr'>expositurum,</span> <span class='ocrx_word' id='word_1_125' title='bbox 819 1875 852 1939; x_wconf 92' lang='lat' dir='ltr'>id</span> <span class='ocrx_word' id='word_1_126' title='bbox 885 1880 934 1940; x_wconf 91' lang='lat' dir='ltr'>est</span> <span class='ocrx_word' id='word_1_127' title='bbox 967 1877 1046 1952; x_wconf 85' lang='lat' dir='ltr'>eius,</span> <span class='ocrx_word' id='word_1_128' title='bbox 1083 1875 1138 1956; x_wconf 91' lang='lat' dir='ltr'>qui</span> <span class='ocrx_word' id='word_1_129' title='bbox 1170 1874 1230 1938; x_wconf 86' lang='lat' dir='ltr'>suit</span> <span class='ocrx_word' id='word_1_130' title='bbox 1261 1876 1337 1937; x_wconf 88' lang='lat' dir='ltr'>ante</span> 
     </span>
     <span class='ocr_line' id='line_1_16' title="bbox 131 1977 1336 2056; baseline 0.002 -15"><span class='ocrx_word' id='word_1_131' title='bbox 131 1977 236 2042; x_wconf 92' lang='lat' dir='ltr'>Sestii</span> <span class='ocrx_word' id='word_1_132' title='bbox 258 1978 472 2044; x_wconf 89' lang='lat' dir='ltr'>tribunatum.</span> <span class='ocrx_word' id='word_1_133' title='bbox 518 1981 633 2046; x_wconf 85' lang='lat' dir='ltr'>lsiuit</span> <span class='ocrx_word' id='word_1_134' title='bbox 661 2002 767 2047; x_wconf 89' lang='lat' dir='ltr'>annus</span> <span class='ocrx_word' id='word_1_135' title='bbox 794 1982 912 2047; x_wconf 87' lang='lat' dir='ltr'>Pisone</span> <span class='ocrx_word' id='word_1_136' title='bbox 942 1986 974 2045; x_wconf 89' lang='lat' dir='ltr'>et</span> <span class='ocrx_word' id='word_1_137' title='bbox 1004 1980 1142 2045; x_wconf 85' lang='lat' dir='ltr'>Gabinio</span> <span class='ocrx_word' id='word_1_138' title='bbox 1171 2000 1280 2056; x_wconf 71' lang='lat' dir='ltr'>coss„</span> <span class='ocrx_word' id='word_1_139' title='bbox 1294 1980 1336 2044; x_wconf 83' lang='lat'>58</span> 
     </span>
     <span class='ocr_line' id='line_1_17' title="bbox 130 2083 1336 2162; baseline 0 -14"><span class='ocrx_word' id='word_1_140' title='bbox 130 2103 165 2148; x_wconf 89' lang='lat' dir='ltr'>a.</span> <span class='ocrx_word' id='word_1_141' title='bbox 191 2083 268 2148; x_wconf 90' lang='lat' dir='ltr'>Chr.</span> <span class='ocrx_word' id='word_1_142' title='bbox 293 2090 376 2162; x_wconf 87' lang='lat' dir='ltr'>nat.;</span> <span class='ocrx_word' id='word_1_143' title='bbox 411 2106 488 2151; x_wconf 91' lang='lat' dir='ltr'>nam</span> <span class='ocrx_word' id='word_1_144' title='bbox 513 2107 543 2150; x_wconf 88' lang='lat' dir='ltr'>a.</span> <span class='ocrx_word' id='word_1_145' title='bbox 567 2088 608 2151; x_wconf 80' lang='lat'>57</span> <span class='ocrx_word' id='word_1_146' title='bbox 638 2089 774 2154; x_wconf 90' lang='lat' dir='ltr'>Lentulo</span> <span class='ocrx_word' id='word_1_147' title='bbox 804 2094 837 2153; x_wconf 88' lang='lat' dir='ltr'>et</span> <span class='ocrx_word' id='word_1_148' title='bbox 865 2088 993 2153; x_wconf 88' lang='lat' dir='ltr'>Metello</span> <span class='ocrx_word' id='word_1_149' title='bbox 1023 2107 1104 2151; x_wconf 88' lang='lat' dir='ltr'>coss.</span> <span class='ocrx_word' id='word_1_150' title='bbox 1133 2086 1336 2150; x_wconf 89' lang='lat' dir='ltr'>tribunatum</span> 
     </span>
     <span class='ocr_line' id='line_1_18' title="bbox 130 2191 1390 2277; baseline -0.001 -22"><span class='ocrx_word' id='word_1_151' title='bbox 130 2191 247 2272; x_wconf 75' lang='lat' dir='ltr'>gessit.</span> <span class='ocrx_word' id='word_1_152' title='bbox 292 2191 363 2256; x_wconf 89' lang='lat' dir='ltr'>lam</span> <span class='ocrx_word' id='word_1_153' title='bbox 387 2211 488 2273; x_wconf 91' lang='lat' dir='ltr'>quum</span> <span class='ocrx_word' id='word_1_154' title='bbox 513 2194 563 2258; x_wconf 91' lang='lat' dir='ltr'>his</span> <span class='ocrx_word' id='word_1_155' title='bbox 587 2194 753 2259; x_wconf 90' lang='lat' dir='ltr'>subiiciat:</span> <span class='ocrx_word' id='word_1_156' title='bbox 780 2194 900 2259; x_wconf 80' lang='lat' dir='ltr'>Fuerat</span> <span class='ocrx_word' id='word_1_157' title='bbox 924 2196 976 2258; x_wconf 82' lang='lat' dir='ltr'>ille</span> <span class='ocrx_word' id='word_1_158' title='bbox 1000 2216 1103 2259; x_wconf 80' lang='lat' dir='ltr'>annus</span> <span class='ocrx_word' id='word_1_159' title='bbox 1122 2228 1161 2236; x_wconf 92' lang='lat'><em>-</em></span> <span class='ocrx_word' id='word_1_160' title='bbox 1185 2201 1336 2277; x_wconf 75' lang='lat' dir='ltr'>tuaquom</span> <span class='ocrx_word' id='word_1_161' title='bbox 1350 2211 1390 2249; x_wconf 72' lang='lat' dir='ltr'>aa</span> 
     </span>
     <span class='ocr_line' id='line_1_19' title="bbox 132 2298 1337 2383; baseline 0.002 -24"><span class='ocrx_word' id='word_1_162' title='bbox 132 2298 276 2361; x_wconf 63' lang='lat' dir='ltr'>iuuentus</span> <span class='ocrx_word' id='word_1_163' title='bbox 298 2318 402 2377; x_wconf 76' lang='lat' dir='ltr'>orcus,</span> <span class='ocrx_word' id='word_1_164' title='bbox 426 2299 573 2381; x_wconf 87' lang='lat' dir='ltr'>proiecto</span> <span class='ocrx_word' id='word_1_165' title='bbox 597 2301 739 2381; x_wconf 90' lang='lat' dir='ltr'>loquitur</span> <span class='ocrx_word' id='word_1_166' title='bbox 762 2300 803 2365; x_wconf 92' lang='lat' dir='ltr'>de</span> <span class='ocrx_word' id='word_1_167' title='bbox 827 2301 942 2365; x_wconf 90' lang='lat' dir='ltr'>eodem</span> <span class='ocrx_word' id='word_1_168' title='bbox 967 2301 1036 2383; x_wconf 92' lang='lat' dir='ltr'>ipso</span> <span class='ocrx_word' id='word_1_169' title='bbox 1058 2320 1153 2375; x_wconf 73' lang='lat' dir='ltr'>anno,</span> <span class='ocrx_word' id='word_1_170' title='bbox 1179 2319 1243 2380; x_wconf 91' lang='lat' dir='ltr'>quo</span> <span class='ocrx_word' id='word_1_171' title='bbox 1261 2298 1337 2362; x_wconf 93' lang='lat' dir='ltr'>Piso</span> 
     </span>
     <span class='ocr_line' id='line_1_20' title="bbox 132 2403 1336 2490; baseline 0.001 -23"><span class='ocrx_word' id='word_1_172' title='bbox 132 2407 168 2468; x_wconf 89' lang='lat' dir='ltr'>et</span> <span class='ocrx_word' id='word_1_173' title='bbox 205 2403 364 2469; x_wconf 84' lang='lat' dir='ltr'>Gabinius</span> <span class='ocrx_word' id='word_1_174' title='bbox 399 2407 548 2471; x_wconf 89' lang='lat' dir='ltr'>consules</span> <span class='ocrx_word' id='word_1_175' title='bbox 578 2407 722 2484; x_wconf 80' lang='lat' dir='ltr'>fuerunt3</span> <span class='ocrx_word' id='word_1_176' title='bbox 759 2427 945 2490; x_wconf 81' lang='lat' dir='ltr'>quanquam</span> <span class='ocrx_word' id='word_1_177' title='bbox 982 2405 1187 2470; x_wconf 88' lang='lat' dir='ltr'>incommode</span> <span class='ocrx_word' id='word_1_178' title='bbox 1222 2404 1263 2468; x_wconf 90' lang='lat' dir='ltr'>de</span> <span class='ocrx_word' id='word_1_179' title='bbox 1298 2423 1336 2468; x_wconf 90' lang='lat' dir='ltr'>eo</span> 
     </span>
     <span class='ocr_line' id='line_1_21' title="bbox 132 2512 1395 2595; baseline -0.001 -21"><span class='ocrx_word' id='word_1_180' title='bbox 132 2530 235 2585; x_wconf 78' lang='lat' dir='ltr'>anno,</span> <span class='ocrx_word' id='word_1_181' title='bbox 273 2512 313 2575; x_wconf 91' lang='lat' dir='ltr'>de</span> <span class='ocrx_word' id='word_1_182' title='bbox 344 2531 408 2594; x_wconf 92' lang='lat' dir='ltr'>quo</span> <span class='ocrx_word' id='word_1_183' title='bbox 440 2533 525 2577; x_wconf 93' lang='lat' dir='ltr'>nunc</span> <span class='ocrx_word' id='word_1_184' title='bbox 556 2515 662 2595; x_wconf 92' lang='lat' dir='ltr'>ipsum</span> <span class='ocrx_word' id='word_1_185' title='bbox 696 2514 803 2578; x_wconf 84' lang='lat' dir='ltr'>dicere</span> <span class='ocrx_word' id='word_1_186' title='bbox 834 2513 1012 2595; x_wconf 78' lang='lat' dir='ltr'>ingreditur</span> <span class='ocrx_word' id='word_1_187' title='bbox 1036 2516 1067 2576; x_wconf 89' lang='lat' dir='ltr'>ct</span> <span class='ocrx_word' id='word_1_188' title='bbox 1092 2512 1244 2592; x_wconf 89' lang='lat' dir='ltr'>deinceps</span> <span class='ocrx_word' id='word_1_189' title='bbox 1267 2514 1336 2574; x_wconf 92' lang='lat' dir='ltr'>tam</span> <span class='ocrx_word' id='word_1_190' title='bbox 1391 2552 1395 2561; x_wconf 87' lang='lat'><em>-</em></span> 
     </span>
     <span class='ocr_line' id='line_1_22' title="bbox 131 2618 1336 2702; baseline -0.001 -21"><span class='ocrx_word' id='word_1_191' title='bbox 131 2618 242 2682; x_wconf 84' lang='lat' dir='ltr'>multa</span> <span class='ocrx_word' id='word_1_192' title='bbox 265 2638 500 2701; x_wconf 84' lang='lat' dir='ltr'>permagnam</span> <span class='ocrx_word' id='word_1_193' title='bbox 525 2624 651 2702; x_wconf 89' lang='lat' dir='ltr'>partem</span> <span class='ocrx_word' id='word_1_194' title='bbox 676 2621 831 2685; x_wconf 89' lang='lat' dir='ltr'>orationis</span> <span class='ocrx_word' id='word_1_195' title='bbox 855 2620 941 2698; x_wconf 86' lang='lat' dir='ltr'>dicit,</span> <span class='ocrx_word' id='word_1_196' title='bbox 975 2621 1036 2684; x_wconf 88' lang='lat' dir='ltr'>hoc</span> <span class='ocrx_word' id='word_1_197' title='bbox 1064 2638 1129 2682; x_wconf 92' lang='lat' dir='ltr'>uno</span> <span class='ocrx_word' id='word_1_198' title='bbox 1153 2618 1223 2682; x_wconf 92' lang='lat' dir='ltr'>loco</span> <span class='ocrx_word' id='word_1_199' title='bbox 1247 2619 1336 2699; x_wconf 90' lang='lat' dir='ltr'>plus·</span> 
     </span>
     <span class='ocr_line' id='line_1_23' title="bbox 131 2725 1337 2808; baseline -0.001 -20"><span class='ocrx_word' id='word_1_200' title='bbox 131 2725 421 2807; x_wconf 87' lang='lat' dir='ltr'>quamperiectum</span> <span class='ocrx_word' id='word_1_201' title='bbox 446 2728 547 2808; x_wconf 87' lang='lat' dir='ltr'>ponit.</span> <span class='ocrx_word' id='word_1_202' title='bbox 582 2726 702 2790; x_wconf 91' lang='lat' dir='ltr'>Verum</span> <span class='ocrx_word' id='word_1_203' title='bbox 727 2726 782 2790; x_wconf 93' lang='lat' dir='ltr'>illo</span> <span class='ocrx_word' id='word_1_204' title='bbox 806 2746 892 2791; x_wconf 89' lang='lat' dir='ltr'>anno</span> <span class='ocrx_word' id='word_1_205' title='bbox 916 2744 981 2791; x_wconf 90' lang='lat' dir='ltr'>nou</span> <span class='ocrx_word' id='word_1_206' title='bbox 1006 2729 1055 2790; x_wconf 90' lang='lat' dir='ltr'>est</span> <span class='ocrx_word' id='word_1_207' title='bbox 1079 2726 1222 2789; x_wconf 87' lang='lat' dir='ltr'>intentus</span> <span class='ocrx_word' id='word_1_208' title='bbox 1242 2742 1337 2787; x_wconf 90' lang='lat' dir='ltr'>arcus</span> 
     </span>
     <span class='ocr_line' id='line_1_24' title="bbox 130 2832 1336 2914; baseline -0.002 -18"><span class='ocrx_word' id='word_1_209' title='bbox 130 2832 167 2896; x_wconf 92' lang='lat' dir='ltr'>in</span> <span class='ocrx_word' id='word_1_210' title='bbox 193 2832 384 2897; x_wconf 88' lang='lat' dir='ltr'>Ciceronem</span> <span class='ocrx_word' id='word_1_211' title='bbox 408 2832 612 2896; x_wconf 86' lang='lat' dir='ltr'>traductione</span> <span class='ocrx_word' id='word_1_212' title='bbox 636 2833 678 2896; x_wconf 92' lang='lat' dir='ltr'>ad</span> <span class='ocrx_word' id='word_1_213' title='bbox 695 2833 823 2914; x_wconf 89' lang='lat' dir='ltr'>plebem</span> <span class='ocrx_word' id='word_1_214' title='bbox 841 2833 877 2896; x_wconf 89' lang='lat' dir='ltr'>P.</span> <span class='ocrx_word' id='word_1_215' title='bbox 894 2832 1013 2908; x_wconf 89' lang='lat' dir='ltr'>Clodii;</span> <span class='ocrx_word' id='word_1_216' title='bbox 1036 2851 1112 2895; x_wconf 90' lang='lat' dir='ltr'>narn</span> <span class='ocrx_word' id='word_1_217' title='bbox 1131 2851 1205 2895; x_wconf 91' lang='lat' dir='ltr'>eum</span> <span class='ocrx_word' id='word_1_218' title='bbox 1223 2849 1336 2895; x_wconf 90' lang='lat' dir='ltr'>omnes</span> 
     </span>
     <span class='ocr_line' id='line_1_25' title="bbox 129 2936 1464 3020; baseline -0.004 -16"><span class='ocrx_word' id='word_1_219' title='bbox 129 2942 258 3004; x_wconf 90' lang='lat' dir='ltr'>norunt</span> <span class='ocrx_word' id='word_1_220' title='bbox 281 2958 368 3003; x_wconf 91' lang='lat' dir='ltr'>anno</span> <span class='ocrx_word' id='word_1_221' title='bbox 391 2938 558 3020; x_wconf 90' lang='lat' dir='ltr'>superiore</span> <span class='ocrx_word' id='word_1_222' title='bbox 582 2936 662 3020; x_wconf 83' lang='lat'>(59),</span> <span class='ocrx_word' id='word_1_223' title='bbox 687 2938 816 3004; x_wconf 87' lang='lat' dir='ltr'>Caesare</span> <span class='ocrx_word' id='word_1_224' title='bbox 840 2943 873 3003; x_wconf 92' lang='lat' dir='ltr'>et</span> <span class='ocrx_word' id='word_1_225' title='bbox 895 2939 1012 3003; x_wconf 85' lang='lat' dir='ltr'>Bibulo</span> <span class='ocrx_word' id='word_1_226' title='bbox 1033 2959 1125 3014; x_wconf 80' lang='lat' dir='ltr'>coss,</span> <span class='ocrx_word' id='word_1_227' title='bbox 1149 2938 1336 3002; x_wconf 87' lang='lat' dir='ltr'>traductum</span> <span class='ocrx_word' id='word_1_228' title='bbox 1457 2940 1464 2953; x_wconf 83' lang='lat'>&#39;</span> 
     </span>
     <span class='ocr_line' id='line_1_26' title="bbox 129 3044 1336 3127; baseline 0 -19"><span class='ocrx_word' id='word_1_229' title='bbox 129 3063 221 3109; x_wconf 87' lang='lat' dir='ltr'>esse.</span> <span class='ocrx_word' id='word_1_230' title='bbox 279 3044 393 3126; x_wconf 88' lang='lat' dir='ltr'>Itaque</span> <span class='ocrx_word' id='word_1_231' title='bbox 426 3046 462 3109; x_wconf 91' lang='lat' dir='ltr'>P.</span> <span class='ocrx_word' id='word_1_232' title='bbox 492 3045 656 3109; x_wconf 87' lang='lat' dir='ltr'>Manutius</span> <span class='ocrx_word' id='word_1_233' title='bbox 692 3052 804 3110; x_wconf 90' lang='lat' dir='ltr'>contra</span> <span class='ocrx_word' id='word_1_234' title='bbox 838 3047 997 3110; x_wconf 88' lang='lat' dir='ltr'>sermonis</span> <span class='ocrx_word' id='word_1_235' title='bbox 1032 3046 1179 3127; x_wconf 81' lang='lat' dir='ltr'>regulam</span> <span class='ocrx_word' id='word_1_236' title='bbox 1214 3065 1336 3109; x_wconf 91' lang='lat' dir='ltr'>annum</span> 
     </span>
     <span class='ocr_line' id='line_1_27' title="bbox 129 3151 1336 3233; baseline -0.002 -16"><span class='ocrx_word' id='word_1_237' title='bbox 129 3155 226 3217; x_wconf 89' lang='lat' dir='ltr'>hunc</span> <span class='ocrx_word' id='word_1_238' title='bbox 250 3151 406 3233; x_wconf 81' lang='lat' dir='ltr'>intelligit,</span> <span class='ocrx_word' id='word_1_239' title='bbox 437 3151 631 3216; x_wconf 89' lang='lat' dir='ltr'>Garatonius</span> <span class='ocrx_word' id='word_1_240' title='bbox 655 3155 766 3216; x_wconf 88' lang='lat' dir='ltr'>autem</span> <span class='ocrx_word' id='word_1_241' title='bbox 790 3152 924 3216; x_wconf 90' lang='lat' dir='ltr'>mirifice</span> <span class='ocrx_word' id='word_1_242' title='bbox 948 3151 1069 3229; x_wconf 87' lang='lat' dir='ltr'>scribit,</span> <span class='ocrx_word' id='word_1_243' title='bbox 1099 3172 1222 3216; x_wconf 89' lang='lat' dir='ltr'>annum</span> <span class='ocrx_word' id='word_1_244' title='bbox 1246 3152 1336 3215; x_wconf 92' lang='lat' dir='ltr'>illum</span> 
     </span>
     <span class='ocr_line' id='line_1_28' title="bbox 129 3258 1336 3340; baseline -0.002 -17"><span class='ocrx_word' id='word_1_245' title='bbox 129 3259 265 3324; x_wconf 89' lang='lat' dir='ltr'>Pisonis</span> <span class='ocrx_word' id='word_1_246' title='bbox 290 3258 483 3340; x_wconf 89' lang='lat' dir='ltr'>Gabiniique</span> <span class='ocrx_word' id='word_1_247' title='bbox 508 3258 607 3322; x_wconf 87' lang='lat' dir='ltr'>fuisse</span> <span class='ocrx_word' id='word_1_248' title='bbox 630 3261 789 3339; x_wconf 88' lang='lat' dir='ltr'>tanquam</span> <span class='ocrx_word' id='word_1_249' title='bbox 812 3278 925 3323; x_wconf 88' lang='lat' dir='ltr'>arcum</span> <span class='ocrx_word' id='word_1_250' title='bbox 949 3259 982 3322; x_wconf 93' lang='lat' dir='ltr'>in</span> <span class='ocrx_word' id='word_1_251' title='bbox 1011 3259 1198 3325; x_wconf 86' lang='lat' dir='ltr'>Ciceronem</span> <span class='ocrx_word' id='word_1_252' title='bbox 1231 3259 1336 3322; x_wconf 89' lang='lat' dir='ltr'>inten-</span> 
     </span>
     <span class='ocr_line' id='line_1_29' title="bbox 130 3358 1337 3451; baseline -0.003 -21"><span class='ocrx_word' id='word_1_253' title='bbox 130 3370 208 3430; x_wconf 90' lang='lat' dir='ltr'>tum</span> <span class='ocrx_word' id='word_1_254' title='bbox 233 3358 437 3429; x_wconf 85' lang='lat' dir='ltr'>traductione</span> <span class='ocrx_word' id='word_1_255' title='bbox 461 3365 503 3429; x_wconf 88' lang='lat' dir='ltr'>ad</span> <span class='ocrx_word' id='word_1_256' title='bbox 531 3364 659 3447; x_wconf 88' lang='lat' dir='ltr'>plebem</span> <span class='ocrx_word' id='word_1_257' title='bbox 685 3365 721 3430; x_wconf 91' lang='lat' dir='ltr'>P.</span> <span class='ocrx_word' id='word_1_258' title='bbox 746 3364 859 3446; x_wconf 88' lang='lat' dir='ltr'>Clodii,</span> <span class='ocrx_word' id='word_1_259' title='bbox 895 3386 964 3451; x_wconf 83' lang='lat' dir='ltr'>quoe</span> <span class='ocrx_word' id='word_1_260' title='bbox 991 3364 1082 3446; x_wconf 80' lang='lat' dir='ltr'>facta</span> <span class='ocrx_word' id='word_1_261' title='bbox 1108 3366 1209 3447; x_wconf 79' lang='lat' dir='ltr'>fucrit</span> <span class='ocrx_word' id='word_1_262' title='bbox 1226 3365 1337 3448; x_wconf 81' lang='lat' dir='ltr'>priore</span> 
     </span>
     <span class='ocr_line' id='line_1_30' title="bbox 130 3470 1336 3554; baseline -0.002 -19"><span class='ocrx_word' id='word_1_263' title='bbox 130 3492 233 3547; x_wconf 84' lang='lat' dir='ltr'>anno,</span> <span class='ocrx_word' id='word_1_264' title='bbox 268 3472 362 3552; x_wconf 90' lang='lat' dir='ltr'>quasi</span> <span class='ocrx_word' id='word_1_265' title='bbox 396 3474 466 3535; x_wconf 91' lang='lat' dir='ltr'>tum</span> <span class='ocrx_word' id='word_1_266' title='bbox 502 3491 568 3535; x_wconf 94' lang='lat' dir='ltr'>non</span> <span class='ocrx_word' id='word_1_267' title='bbox 603 3472 655 3535; x_wconf 91' lang='lat' dir='ltr'>hic</span> <span class='ocrx_word' id='word_1_268' title='bbox 690 3474 778 3554; x_wconf 92' lang='lat' dir='ltr'>prior</span> <span class='ocrx_word' id='word_1_269' title='bbox 813 3493 918 3536; x_wconf 90' lang='lat' dir='ltr'>annus</span> <span class='ocrx_word' id='word_1_270' title='bbox 947 3491 1042 3536; x_wconf 90' lang='lat' dir='ltr'>arcus</span> <span class='ocrx_word' id='word_1_271' title='bbox 1070 3472 1131 3535; x_wconf 91' lang='lat' dir='ltr'>iste</span> <span class='ocrx_word' id='word_1_272' title='bbox 1155 3471 1222 3535; x_wconf 87' lang='lat' dir='ltr'>fiat.</span> <span class='ocrx_word' id='word_1_273' title='bbox 1268 3470 1336 3533; x_wconf 88' lang='lat' dir='ltr'>lam</span> 
     </span>
     <span class='ocr_line' id='line_1_31' title="bbox 128 3576 1336 3660; baseline -0.002 -19"><span class='ocrx_word' id='word_1_274' title='bbox 128 3577 319 3654; x_wconf 81' lang='lat' dir='ltr'>videamus,</span> <span class='ocrx_word' id='word_1_275' title='bbox 354 3582 486 3659; x_wconf 71' lang='lat' dir='ltr'>quanta</span> <span class='ocrx_word' id='word_1_276' title='bbox 515 3580 621 3642; x_wconf 84' lang='lat' dir='ltr'>turbae</span> <span class='ocrx_word' id='word_1_277' title='bbox 651 3598 748 3660; x_wconf 91' lang='lat' dir='ltr'>quam</span> <span class='ocrx_word' id='word_1_278' title='bbox 779 3579 873 3644; x_wconf 83' lang='lat' dir='ltr'>facile</span> <span class='ocrx_word' id='word_1_279' title='bbox 897 3579 1034 3643; x_wconf 92' lang='lat' dir='ltr'>ducibus</span> <span class='ocrx_word' id='word_1_280' title='bbox 1059 3576 1223 3642; x_wconf 89' lang='lat' dir='ltr'>codicibus</span> <span class='ocrx_word' id='word_1_281' title='bbox 1248 3595 1336 3639; x_wconf 92' lang='lat' dir='ltr'>com-</span> 
     </span>
     <span class='ocr_line' id='line_1_32' title="bbox 129 3677 1336 3768; baseline -0.004 -20"><span class='ocrx_word' id='word_1_282' title='bbox 129 3687 317 3768; x_wconf 89' lang='lat' dir='ltr'>ponantur:</span> <span class='ocrx_word' id='word_1_283' title='bbox 350 3677 470 3748; x_wconf 80' lang='lat' dir='ltr'>Fue&#39;rat</span> <span class='ocrx_word' id='word_1_284' title='bbox 497 3685 552 3748; x_wconf 81' lang='lat' dir='ltr'>illc</span> <span class='ocrx_word' id='word_1_285' title='bbox 579 3706 682 3748; x_wconf 81' lang='lat' dir='ltr'>annuc</span> <span class='ocrx_word' id='word_1_286' title='bbox 710 3689 777 3750; x_wconf 86' lang='lat' dir='ltr'>iam</span> <span class='ocrx_word' id='word_1_287' title='bbox 805 3685 878 3768; x_wconf 91' lang='lat' dir='ltr'>(pro</span> <span class='ocrx_word' id='word_1_288' title='bbox 901 3683 979 3766; x_wconf 82' lang='lat' dir='ltr'>tom)</span> <span class='ocrx_word' id='word_1_289' title='bbox 1008 3688 1042 3748; x_wconf 85' lang='lat' dir='ltr'>in</span> <span class='ocrx_word' id='word_1_290' title='bbox 1071 3705 1106 3748; x_wconf 84' lang='lat' dir='ltr'>re</span> <span class='ocrx_word' id='word_1_291' title='bbox 1122 3683 1263 3768; x_wconf 81' lang='lat' dir='ltr'>publico,</span> <span class='ocrx_word' id='word_1_292' title='bbox 1287 3683 1336 3744; x_wconf 84' lang='lat' dir='ltr'>iu·</span> 
     </span>
     <span class='ocr_line' id='line_1_33' title="bbox 130 3790 1337 3876; baseline -0.002 -22"><span class='ocrx_word' id='word_1_293' title='bbox 130 3790 233 3871; x_wconf 76' lang='lat' dir='ltr'>dices,</span> <span class='ocrx_word' id='word_1_294' title='bbox 268 3811 363 3876; x_wconf 82' lang='lat' dir='ltr'>qaum</span> <span class='ocrx_word' id='word_1_295' title='bbox 397 3792 432 3854; x_wconf 83' lang='lat' dir='ltr'>in</span> <span class='ocrx_word' id='word_1_296' title='bbox 466 3811 581 3875; x_wconf 75' lang='lat' dir='ltr'>meque</span> <span class='ocrx_word' id='word_1_297' title='bbox 615 3799 700 3856; x_wconf 84' lang='lat' dir='ltr'>motu</span> <span class='ocrx_word' id='word_1_298' title='bbox 734 3800 762 3856; x_wconf 83' lang='lat' dir='ltr'>ct</span> <span class='ocrx_word' id='word_1_299' title='bbox 796 3794 964 3857; x_wconf 79' lang='lat' dir='ltr'>multorum</span> <span class='ocrx_word' id='word_1_300' title='bbox 992 3794 1103 3855; x_wconf 71' lang='lat' dir='ltr'>liotore</span> <span class='ocrx_word' id='word_1_301' title='bbox 1131 3791 1267 3852; x_wconf 77' lang='lat' dir='ltr'>intentus</span> <span class='ocrx_word' id='word_1_302' title='bbox 1295 3795 1337 3852; x_wconf 80' lang='lat' dir='ltr'>est</span> 
     </span>
     <span class='ocr_line' id='line_1_34' title="bbox 131 3893 1338 3982; baseline -0.005 -19"><span class='ocrx_word' id='word_1_303' title='bbox 131 3919 234 3963; x_wconf 64' lang='lat' dir='ltr'>arctes</span> <span class='ocrx_word' id='word_1_304' title='bbox 256 3900 291 3961; x_wconf 80' lang='lat' dir='ltr'>iu</span> <span class='ocrx_word' id='word_1_305' title='bbox 313 3919 362 3962; x_wconf 85' lang='lat' dir='ltr'>mc</span> <span class='ocrx_word' id='word_1_306' title='bbox 383 3918 482 3961; x_wconf 81' lang='lat' dir='ltr'>unum</span> <span class='ocrx_word' id='word_1_307' title='bbox 498 3893 566 3961; x_wconf 76' lang='lat' dir='ltr'>&#39;cet</span> <span class='ocrx_word' id='word_1_308' title='bbox 613 3898 681 3962; x_wconf 89' lang='lat' dir='ltr'>lam</span> <span class='ocrx_word' id='word_1_309' title='bbox 710 3901 842 3982; x_wconf 87' lang='lat' dir='ltr'>optime,</span> <span class='ocrx_word' id='word_1_310' title='bbox 878 3904 1055 3981; x_wconf 89' lang='lat' dir='ltr'>antequam</span> <span class='ocrx_word' id='word_1_311' title='bbox 1085 3896 1127 3961; x_wconf 88' lang='lat' dir='ltr'>ad</span> <span class='ocrx_word' id='word_1_312' title='bbox 1155 3895 1281 3960; x_wconf 91' lang='lat' dir='ltr'>Pisonis</span> <span class='ocrx_word' id='word_1_313' title='bbox 1305 3899 1338 3958; x_wconf 90' lang='lat' dir='ltr'>et</span> 
     </span>
     <span class='ocr_line' id='line_1_35' title="bbox 133 4003 1337 4081; baseline -0.004 -11"><span class='ocrx_word' id='word_1_314' title='bbox 133 4004 268 4070; x_wconf 89' lang='lat' dir='ltr'>Gabinii</span> <span class='ocrx_word' id='word_1_315' title='bbox 292 4024 413 4069; x_wconf 87' lang='lat' dir='ltr'>annum</span> <span class='ocrx_word' id='word_1_316' title='bbox 439 4005 574 4081; x_wconf 84' lang='lat' dir='ltr'>accedit,</span> <span class='ocrx_word' id='word_1_317' title='bbox 600 4005 721 4070; x_wconf 87' lang='lat' dir='ltr'>sontem</span> <span class='ocrx_word' id='word_1_318' title='bbox 746 4007 908 4071; x_wconf 89' lang='lat' dir='ltr'>malorum</span> <span class='ocrx_word' id='word_1_319' title='bbox 928 4005 1074 4071; x_wconf 91' lang='lat' dir='ltr'>omnium</span> <span class='ocrx_word' id='word_1_320' title='bbox 1093 4024 1133 4068; x_wconf 82' lang='lat' dir='ltr'>ex</span> <span class='ocrx_word' id='word_1_321' title='bbox 1151 4003 1337 4068; x_wconf 84' lang='lat' dir='ltr'>Caesariano</span> 
     </span>
     <span class='ocr_line' id='line_1_36' title="bbox 133 4109 1337 4195; baseline -0.004 -19"><span class='ocrx_word' id='word_1_322' title='bbox 133 4112 193 4176; x_wconf 92' lang='lat' dir='ltr'>illo</span> <span class='ocrx_word' id='word_1_323' title='bbox 217 4131 303 4176; x_wconf 91' lang='lat' dir='ltr'>anno</span> <span class='ocrx_word' id='word_1_324' title='bbox 327 4111 494 4193; x_wconf 89' lang='lat' dir='ltr'>Clodiique</span> <span class='ocrx_word' id='word_1_325' title='bbox 520 4111 657 4176; x_wconf 83' lang='lat' dir='ltr'>transitu</span> <span class='ocrx_word' id='word_1_326' title='bbox 682 4112 724 4177; x_wconf 89' lang='lat' dir='ltr'>ad</span> <span class='ocrx_word' id='word_1_327' title='bbox 748 4114 877 4195; x_wconf 88' lang='lat' dir='ltr'>plebem</span> <span class='ocrx_word' id='word_1_328' title='bbox 902 4130 1055 4176; x_wconf 87' lang='lat' dir='ltr'>manasse</span> <span class='ocrx_word' id='word_1_329' title='bbox 1073 4109 1232 4185; x_wconf 88' lang='lat' dir='ltr'>ostendit;</span> <span class='ocrx_word' id='word_1_330' title='bbox 1252 4130 1337 4192; x_wconf 83' lang='lat' dir='ltr'>proe·</span> 
     </span>
     <span class='ocr_line' id='line_1_37' title="bbox 133 4216 1337 4300; baseline -0.003 -18"><span class='ocrx_word' id='word_1_331' title='bbox 133 4225 282 4295; x_wconf 75' lang='lat' dir='ltr'>cesserat,</span> <span class='ocrx_word' id='word_1_332' title='bbox 306 4219 420 4300; x_wconf 75' lang='lat' dir='ltr'>inquit,</span> <span class='ocrx_word' id='word_1_333' title='bbox 444 4219 497 4282; x_wconf 83' lang='lat' dir='ltr'>illc</span> <span class='ocrx_word' id='word_1_334' title='bbox 522 4239 640 4294; x_wconf 61' lang='lat' dir='ltr'>annum</span> <span class='ocrx_word' id='word_1_335' title='bbox 672 4219 790 4283; x_wconf 92' lang='lat' dir='ltr'>deinde</span> <span class='ocrx_word' id='word_1_336' title='bbox 813 4219 856 4284; x_wconf 91' lang='lat' dir='ltr'>ad</span> <span class='ocrx_word' id='word_1_337' title='bbox 880 4239 964 4294; x_wconf 82' lang='lat' dir='ltr'>eum,</span> <span class='ocrx_word' id='word_1_338' title='bbox 990 4218 1044 4300; x_wconf 91' lang='lat' dir='ltr'>qui</span> <span class='ocrx_word' id='word_1_339' title='bbox 1068 4216 1253 4298; x_wconf 89' lang='lat' dir='ltr'>propositus</span> <span class='ocrx_word' id='word_1_340' title='bbox 1278 4219 1337 4290; x_wconf 86' lang='lat' dir='ltr'>est,</span> 
     </span>
     <span class='ocr_line' id='line_1_38' title="bbox 135 4321 1337 4409; baseline -0.003 -20"><span class='ocrx_word' id='word_1_341' title='bbox 135 4325 229 4390; x_wconf 86' lang='lat' dir='ltr'>venit</span> <span class='ocrx_word' id='word_1_342' title='bbox 251 4326 349 4408; x_wconf 87' lang='lat' dir='ltr'>paulo</span> <span class='ocrx_word' id='word_1_343' title='bbox 373 4329 462 4407; x_wconf 89' lang='lat' dir='ltr'>post:</span> <span class='ocrx_word' id='word_1_344' title='bbox 501 4325 562 4405; x_wconf 80' lang='lat' dir='ltr'>Qui</span> <span class='ocrx_word' id='word_1_345' title='bbox 592 4324 737 4390; x_wconf 81' lang='lat' dir='ltr'>tribunus</span> <span class='ocrx_word' id='word_1_346' title='bbox 763 4325 865 4409; x_wconf 83' lang='lat' dir='ltr'>plebis</span> <span class='ocrx_word' id='word_1_347' title='bbox 896 4328 957 4389; x_wconf 88' lang='lat' dir='ltr'>cet.</span> <span class='ocrx_word' id='word_1_348' title='bbox 1004 4323 1113 4388; x_wconf 89' lang='lat' dir='ltr'>Unum</span> <span class='ocrx_word' id='word_1_349' title='bbox 1145 4321 1255 4387; x_wconf 91' lang='lat' dir='ltr'>addidi</span> <span class='ocrx_word' id='word_1_350' title='bbox 1285 4329 1337 4397; x_wconf 77' lang='lat' dir='ltr'>cst,</span> 
     </span>
     <span class='ocr_line' id='line_1_39' title="bbox 136 4428 1338 4516; baseline -0.006 -18"><span class='ocrx_word' id='word_1_351' title='bbox 136 4433 228 4514; x_wconf 87' lang='lat' dir='ltr'>quod</span> <span class='ocrx_word' id='word_1_352' title='bbox 251 4434 378 4514; x_wconf 88' lang='lat' dir='ltr'>quoties</span> <span class='ocrx_word' id='word_1_353' title='bbox 401 4437 475 4516; x_wconf 87' lang='lat' dir='ltr'>post</span> <span class='ocrx_word' id='word_1_354' title='bbox 498 4433 586 4497; x_wconf 88' lang='lat' dir='ltr'>iliam</span> <span class='ocrx_word' id='word_1_355' title='bbox 611 4431 873 4497; x_wconf 82' lang='lat' dir='ltr'>terminationem</span> <span class='ocrx_word' id='word_1_356' title='bbox 897 4432 1142 4515; x_wconf 87' lang='lat' dir='ltr'>participiorum</span> <span class='ocrx_word' id='word_1_357' title='bbox 1174 4428 1338 4501; x_wconf 82' lang='lat' dir='ltr'>exciderit,</span> 
     </span>
     <span class='ocr_line' id='line_1_40' title="bbox 136 4535 1340 4622; baseline -0.004 -18"><span class='ocrx_word' id='word_1_358' title='bbox 136 4539 205 4604; x_wconf 85' lang='lat' dir='ltr'>dixi</span> <span class='ocrx_word' id='word_1_359' title='bbox 239 4539 315 4605; x_wconf 87' lang='lat' dir='ltr'>alibi</span> <span class='ocrx_word' id='word_1_360' title='bbox 347 4539 512 4622; x_wconf 86' lang='lat' dir='ltr'>(Append.</span> <span class='ocrx_word' id='word_1_361' title='bbox 542 4540 662 4621; x_wconf 91' lang='lat' dir='ltr'>disput.</span> <span class='ocrx_word' id='word_1_362' title='bbox 692 4539 733 4603; x_wconf 90' lang='lat' dir='ltr'>de</span> <span class='ocrx_word' id='word_1_363' title='bbox 756 4539 897 4604; x_wconf 87' lang='lat' dir='ltr'>Asconio</span> <span class='ocrx_word' id='word_1_364' title='bbox 920 4560 952 4620; x_wconf 94' lang='lat' dir='ltr'>p.</span> <span class='ocrx_word' id='word_1_365' title='bbox 976 4536 1027 4618; x_wconf 82' lang='lat'>4);</span> <span class='ocrx_word' id='word_1_366' title='bbox 1062 4556 1121 4601; x_wconf 91' lang='lat' dir='ltr'>nec</span> <span class='ocrx_word' id='word_1_367' title='bbox 1153 4535 1340 4618; x_wconf 86' lang='lat' dir='ltr'>exemplum</span> 
     </span>
    </p>
   </div>
   <div class='ocr_carea' id='block_1_3' title="bbox 0 0 1490 5190">
    <p class='ocr_par' dir='ltr' id='par_1_3' title="bbox 0 0 1490 5190">
     <span class='ocr_line' id='line_1_41' title="bbox 0 0 1490 5190; baseline 0 0"><span class='ocrx_word' id='word_1_368' title='bbox 0 0 1490 5190; x_wconf 95' lang='lat' dir='ltr'> </span> 
     </span>
    </p>
   </div>
  </div>
 </body>
</html>
