2956 5190
633 108 699 173 673

50 302 93 367 in
120 303 275 369 manibus
298 301 468 368 hominum
501 303 567 368 iam
591 306 711 380 essent,
747 301 912 385 quomodo
941 300 1093 365 falsarius
1121 298 1174 363 ille
1202 316 1268 363 non

48 428 164 475 suum
187 409 397 492 epistolarum
422 409 577 488 codicem,
602 410 661 475 sed
678 410 814 475 aliorum
831 407 987 485 omnium,
1012 426 1094 490 quos
1117 405 1320 488 deciperem

47 516 214 594 volebat,
249 516 473 598 interpolavit,
509 517 699 600 effecitque,
735 521 773 582 ut
805 534 967 597 nusquam
1003 514 1098 578 aliter
1132 512 1269 595 epistola

46 623 187 707 scripta
216 626 380 688 exstaret?
415 623 575 705 Expediet
605 624 723 689 iterum
754 625 917 688 baerentes
949 621 1064 686 eadem
1094 619 1268 703 sagacitas.

45 728 230 795 Falsarius
253 729 339 794 enim
363 729 391 794 is
415 729 484 811 ipse
508 733 568 808 est,
600 731 656 812 qui
679 730 833 796 volumen
856 728 936 793 illud
960 727 1170 809 epistolarum
1194 729 1270 809 post

46 836 230 903 Ciceronis
252 839 393 901 mortem
417 836 528 912 edidit,
551 838 594 902 Μ.
619 837 745 902 Tullius
770 837 859 901 Tiro.
905 834 991 914 Quid
1013 835 1083 899 ais?
1118 833 1268 897 Libertus

47 943 284 1022 fidelissimus,
316 943 367 1008 cui
391 942 503 1008 Cicero
528 944 682 1028 epistolas
705 963 784 1009 suas
808 942 1025 1018 commiserat,
1060 942 1116 1023 qui
1139 940 1268 1023 patroni

48 1051 186 1117 mortui
208 1050 310 1116 vitam
335 1048 410 1115 cuin
434 1049 600 1133 diligentia
625 1054 658 1115 et
680 1050 803 1132 pietate
827 1048 982 1126 narravit,
1006 1048 1040 1113 in
1063 1067 1161 1130 quem
1178 1045 1269 1112 nulla

48 1176 211 1241 unquam
234 1157 339 1240 turpis
362 1157 503 1239 suspicio
535 1158 621 1222 iacta
652 1161 711 1235 est,
746 1157 898 1222 falsarius
929 1155 1011 1220 fuit?
1045 1155 1149 1219 Immo
1179 1172 1267 1229 vero,

49 1264 180 1347 inquit,
214 1263 303 1329 bono
332 1264 441 1328 animo
473 1264 561 1328 iecit.
612 1263 847 1346 ,Summopere
881 1283 902 1328 a
936 1282 972 1327 se
1005 1263 1203 1327 honoratum
1230 1259 1269 1324 iri

50 1371 225 1455 optimum
249 1375 425 1454 patronum
450 1371 602 1453 opinatus
626 1374 685 1449 est,
709 1370 737 1435 si
761 1371 831 1435 eius
853 1388 907 1434 res
930 1371 1022 1451 gesta
1044 1370 1112 1433 tam
1136 1365 1270 1432 illustris

52 1498 131 1545 non
176 1498 242 1544 una
287 1478 461 1555 duntaxat,
505 1478 564 1543 sed
607 1481 763 1560 quattuor
805 1474 1006 1541 orationibus
1049 1474 1271 1539 celebraretur

54 1584 110 1669 (p.
138 1584 245 1668 179).“
286 1585 314 1651 0
336 1583 455 1650 miram
478 1583 621 1667 fingendi
644 1584 812 1649 licentiam
836 1586 869 1648 ct
893 1583 924 1646 in
948 1581 1129 1647 dubitando
1153 1579 1269 1645 credu-

54 1693 206 1759 litatem!
241 1692 327 1775 Ergo
350 1691 429 1757 Tiro
451 1710 517 1756 non
540 1691 708 1757 narrando
737 1690 799 1755 sibi
827 1689 915 1753 illam
944 1707 1015 1753 rem
1038 1685 1269 1752 celebrandam

54 1799 203 1883 putarit,
238 1799 308 1876 sed,
344 1797 399 1880 qui
427 1817 597 1881 nunquam
621 1797 760 1862 verbum
786 1797 818 1861 in
843 1798 1004 1862 conventu
1027 1794 1196 1859 bominum
1221 1792 1269 1856 f-

56 1906 163 1972 cisset
185 1926 246 1971 nec
268 1905 508 1971 oratiunculam
531 1904 723 1986 scripsisset,
747 1902 877 1986 patroni
900 1902 960 1979 sui,
984 1901 1103 1965 summi
1121 1900 1268 1978 oratoris,

56 2012 199 2079 laudem
233 2014 300 2078 suis
335 2011 536 2078 orationibus
571 2011 641 2075 eius
680 2010 803 2075 nomini
843 2008 1050 2074 subiiciendis
1084 2006 1269 2090 augendam

57 2119 274 2185 existimavit.
321 2118 464 2198 Quidni?
499 2118 599 2195 ldem,
629 2117 685 2199 qui
714 2136 801 2182 nunc
829 2116 951 2198 ubique
978 2115 1116 2179 miseras
1140 2113 1269 2178 Tironis

57 2224 207 2309 ineptias
230 2226 455 2309 deprehendit,
479 2228 591 2291 tamen
615 2228 713 2289 antea
731 2227 866 2307 propter
880 2223 941 2288 bas
958 2241 1088 2304 quoque
1104 2221 1269 2286 orationes

57 2332 256 2399 Ciceronem
281 2332 463 2397 admiratus
486 2335 547 2397 est.
583 2331 649 2396 Sed
671 2332 758 2395 banc
782 2329 994 2394 Tironianam
1019 2327 1166 2393 fabulam
1183 2324 1269 2411 (sine

58 2458 134 2523 qua
156 2442 268 2503 tamen
291 2459 343 2504 res
367 2459 433 2503 non
455 2435 616 2521 procedit)
645 2437 811 2520 paulisper
840 2436 1053 2513 dimittamus
1081 2434 1270 2499 rideamus·

59 2565 142 2629 que,
171 2546 336 2628 quomodo
359 2545 539 2610 Ahrensius
562 2545 759 2622 testimonio,
792 2544 880 2625 quod
902 2542 992 2624 apud
1015 2542 1204 2607 Ciceronem
1227 2540 1270 2605 de

59 2652 257 2719 Catilinaria
280 2658 399 2734 quarta
427 2653 562 2735 reperiri
593 2651 778 2727 videbatur,
813 2650 856 2715 ad
886 2650 976 2715 illam
1007 2649 1112 2731 ipsam
1143 2667 1270 2730 oppug-

59 2759 212 2825 nandam
236 2778 316 2825 usus
340 2760 382 2824 sit
405 2758 450 2842 (p.
468 2760 512 2825 40
532 2757 628 2840 squ).
674 2758 759 2823 Nam
783 2757 871 2839 quod
895 2758 1007 2823 Cicero
1031 2755 1064 2820 in
1086 2757 1169 2820 orat.
1192 2753 1271 2819 Phi·

61 2865 146 2950 lipp.
170 2866 197 2930 ss
220 2869 368 2930 extrema
392 2863 423 2948 (ἕ
450 2862 527 2947 119)
550 2865 643 2930 dicit:
680 2864 805 2929 Abhinc
832 2884 932 2928 annos
949 2883 1051 2948 prope
1078 2861 1192 2945 viginti
1213 2859 1270 2923 boc

61 2975 137 3059 ipso
158 2973 194 3036 in
215 2974 328 3057 templo
356 2974 469 3057 nepoti
491 2992 583 3056 posse
612 2979 742 3035 mortem
769 2973 976 3035 immaturam
1005 2989 1069 3034 esse
1096 2966 1268 3048 consulari,

63 3087 184 3167 quanto
207 3081 312 3145 verius
334 3100 418 3143 nunc
439 3079 558 3163 nepado
581 3081 669 3143 senc!
680 3077 871 3170 *significare
885 3078 1021 3160 putatur
1036 3074 1176 3140 eandem
1195 3092 1268 3139 sen-

63 3187 205 3253 tentiam
227 3187 261 3251 in
285 3187 432 3252 oratione
456 3190 573 3268 quarta
596 3184 786 3250 Catilinaria
810 3180 829 3264 5
853 3184 874 3247 3
896 3182 1054 3265 positam3
1085 3180 1146 3246 Dio
1169 3179 1269 3246 etiam

142 3401 265 3453 iudicioli
282 3402 388 3454 diccrrds'
404 3416 500 3468 periere
517 3417 545 3452 sc
563 3401 710 3466 obiunpere
734 3396 850 3451 miratur
872 3412 923 3449 nec
941 3392 1076 3458 meminit,
1100 3393 1136 3447 ad
1154 3392 1230 3446 Fam.
1249 3391 1270 3457 1,

140 3488 157 3540 9
175 3487 192 3554 fi
210 3487 245 3541 23
262 3505 374 3558 prorsus
393 3488 488 3542 eodem
508 3489 590 3543 modo
610 3488 675 3542 dici:
700 3489 734 3542 ab
757 3487 926 3541 orationibus
944 3486 1057 3552 diiunpc
1074 3499 1115 3536 nec
1133 3484 1199 3549 sere,
1222 3484 1271 3535 aut

140 3577 212 3646 quod
233 3578 328 3631 Graeca
345 3578 430 3632 verba
448 3584 490 3631 ter
509 3577 538 3631 in
561 3578 613 3631 boc
636 3577 697 3630 loco
721 3575 810 3644 posita
833 3590 889 3628 non
912 3573 973 3636 lert,
1000 3572 1028 3625 iu
1052 3570 1168 3640 epistola
1190 3568 1272 3623 tertia

141 3666 227 3721 altero
255 3671 332 3720 tanto
360 3666 417 3720 lere
443 3665 566 3735 longiore
599 3664 633 3731 (si
666 3666 725 3719 baec
752 3663 892 3718 metienda
919 3661 994 3728 suut)
1026 3659 1155 3714 undecies
1182 3658 1272 3726 posita

140 3754 251 3823 (praetcr
268 3771 379 3810 versum
398 3754 535 3821 Grrecum)
554 3771 610 3809 non
628 3754 754 3817 miratur,
782 3757 830 3807 aut
853 3752 926 3822 quod
950 3749 1073 3805 Ciceroni
1097 3749 1125 3802 in
1143 3745 1271 3801 familiari

141 3843 256 3912 epistola
274 3843 424 3913 praescribit
443 3843 650 3912 diligentissime
669 3844 703 3896 ad
717 3840 866 3911 syllogismi
879 3840 996 3894 sormam
1010 3838 1111 3892 iactam
1125 3852 1272 3892 causarum

140 3932 347 4001 expositionem.
388 3932 495 3986 Scilicet
523 3932 591 3985 talia
617 3936 764 3985 occurrunt
791 3934 953 3999 argumenta
981 3925 1270 3996 circumspicientibus.

140 4020 210 4076 Illud
233 4026 327 4076 tamen
351 4023 435 4077 miror
458 4022 486 4075 in
515 4026 638 4075 mentem
666 4036 721 4074 non
749 4019 865 4082 venisse,
892 4018 1030 4079 Tironem,
1058 4016 1195 4071 Ciceronis
1222 4030 1272 4083 per

141 4110 243 4165 multos
260 4111 400 4166 annosin
423 4111 545 4179 epistolis
569 4109 720 4164 scribendis
743 4109 905 4172 adiutorem,
933 4107 1032 4161 saltem
1056 4108 1151 4160 decem
1175 4119 1271 4158 versus

141 4199 180 4253 sic
197 4200 315 4253 scribere
333 4216 413 4269 posse
432 4199 559 4254 debuisse
578 4198 755 4254 Ciceroniano
774 4214 859 4261 more,
879 4203 910 4251 ut
928 4195 1040 4250 anobis
1052 4211 1108 4249 non
1121 4193 1271 4263 deprehen·

141 4288 259 4343 deretur.
296 4288 356 4343 lt'on
373 4294 501 4358 putaram
521 4289 655 4343 Orellium
673 4288 707 4342 de
731 4304 781 4342 suo
806 4288 839 4341 ad
859 4284 989 4340 orationis
1008 4284 1193 4338 Ciceronianae
1211 4297 1271 4350 pro

140 4377 285 4447 prietatem
305 4377 580 4432 animadvertendam
601 4394 682 4432 sensu
702 4383 759 4431 tam
777 4377 848 4431 bene
867 4374 1032 4429 existimare.

1021 4459 1056 4513 43
