2948 5206
710 276 776 342 605

132 468 300 535 Catonem
323 489 364 534 ex
387 471 554 554 superiore
578 475 675 537 aetate
699 472 872 555 repetitam
896 474 1090 537 memoriam
1108 473 1174 538 ulla
1190 472 1233 538 sit
1248 493 1341 538 men·

132 575 194 651 tio,
226 576 328 640 ullum
351 578 523 660 vestigium
547 578 665 643 borum
688 578 908 644 tribunorum.
955 579 1089 656 Deinde,
1119 578 1175 660 qui
1198 579 1341 661 potuerit

134 682 281 771 omnino
298 684 344 748 eis
368 683 457 749 locus
481 704 563 763 esse,
599 705 722 767 quaero,
751 688 809 749 aut
833 685 921 766 quod
944 704 1057 750 eorum
1081 705 1211 750 munus.
1256 686 1342 750 Nam

135 788 228 871 quod
251 788 402 872 Sigonius
426 789 460 874 (l.
484 789 519 873 l.)
544 812 600 858 eos
622 791 796 874 pecuniam
821 811 862 856 ex
885 793 1001 857 aerario
1024 793 1180 874 quaestori
1203 812 1342 874 procon-

136 895 219 960 sulis
249 900 282 961 et
312 899 466 963 exercitui
499 918 650 981 erogasse
682 898 775 977 dicit,
811 897 934 980 aliquid
965 918 1005 962 ex
1037 898 1180 964 confusis
1210 900 1343 965 Asconii

136 1002 305 1067 subditicii
333 1006 441 1069 verbis
471 1005 588 1070 elicere
617 1005 768 1082 studens,
804 1005 989 1070 debuerunt
1015 1005 1049 1069 id
1077 1006 1194 1072 Romae
1222 1008 1341 1088 lacere,

138 1110 196 1176 ubi
220 1112 375 1176 aerarium
399 1115 484 1187 erat;
509 1110 556 1193 (et
570 1111 616 1176 ibi
631 1111 822 1177 iudicabant
830 1112 852 1194 3)
876 1115 910 1176 at
926 1113 1086 1177 exercitus
1109 1113 1165 1178 illa
1188 1118 1287 1179 aelate
1308 1115 1343 1180 in

138 1217 315 1301 provinciis
345 1222 439 1282 erant
462 1223 495 1282 et
517 1217 563 1282 ibi
587 1218 750 1301 stipendia
779 1219 994 1301 accipiebant.
1040 1218 1247 1302 Omninoque
1270 1222 1342 1286 baec
1356 1237 1396 1278 2⁵2
1463 1262 1465 1266 -

138 1323 252 1389 omnia
274 1343 334 1407 per
357 1328 536 1407 quaestores
559 1328 651 1407 gesta
675 1344 757 1405 esse,
782 1326 854 1407 quis
878 1327 1007 1391 nescit?
1035 1326 1083 1391 llli
1100 1326 1187 1405 obm,
1212 1330 1249 1391 ut
1266 1346 1343 1392 con·

138 1431 228 1495 sules
259 1433 501 1510 comitarentur,
538 1432 638 1496 creati
669 1434 760 1505 sunt;
795 1432 840 1496 illi
869 1432 902 1496 in
931 1433 1017 1497 bello
1044 1433 1192 1515 praedam
1221 1437 1343 1498 tracta·

139 1538 237 1613 bant;
266 1537 312 1601 illi
335 1539 496 1621 stipendia
519 1539 741 1603 numerabant
763 1545 795 1603 et
819 1540 962 1604 rationes
986 1558 1060 1603 cum
1084 1540 1241 1605 militibus
1266 1559 1343 1604 con·

139 1643 296 1709 siciebant
311 1643 438 1727 (Polyb.
455 1644 506 1721 Vl,
532 1645 585 1722 39,
612 1643 682 1727 15),
706 1649 739 1710 et
763 1664 864 1727 quum
888 1650 1003 1728 postea
1019 1646 1073 1710 alii
1089 1646 1207 1710 urbani
1223 1648 1342 1724 essent,

139 1749 193 1814 alii
228 1751 469 1833 provinciarum
504 1754 646 1816 rectores
676 1755 710 1816 et
737 1752 939 1816 exercituum
969 1753 1068 1817 duces
1098 1753 1342 1831 comitarentur,

139 1856 259 1922 urbani
282 1877 323 1921 ex
352 1857 468 1922 aerario
492 1859 657 1939 pecuniae,
689 1861 727 1923 ut
756 1858 798 1923 ad
828 1860 938 1924 omnia
968 1858 1032 1923 alia
1061 1856 1189 1941 (Polyb.
1214 1858 1264 1937 Vl,
1291 1859 1342 1936 13,

139 1963 169 2039 2,
199 1964 263 2027 etsi
293 1962 453 2029 infinitum
485 1969 535 2030 est
564 1965 616 2029 bic
644 1964 831 2029 testimonia
867 1963 1078 2046 adscribere),
1114 1965 1160 2029 sic
1194 1964 1238 2029 ad
1272 1984 1341 2030 rem

139 2070 315 2135 militarem
331 2071 547 2154 quaestoribus
563 2072 810 2153 imperatorum,
833 2090 900 2134 non
915 2071 1112 2150 minutatim,
1129 2071 1187 2136 sed
1202 2071 1343 2154 grandes

138 2196 290 2241 summas
312 2179 533 2242 numerabant
556 2176 627 2260 (cfr.
652 2177 717 2241 Cic.
741 2176 833 2240 Verr.
858 2177 927 2240 Lib.
951 2177 974 2255 l,
998 2178 1029 2255 4,
1056 2175 1121 2259 11),
1145 2178 1179 2243 bi
1203 2197 1259 2242 eas
1282 2179 1343 2242 ad·

136 2283 372 2347 ministrabant
395 2288 428 2349 et
451 2285 594 2350 rationes
617 2283 804 2348 referebant
828 2285 976 2365 pecuniae
999 2303 1100 2366 quum
1125 2285 1158 2348 in
1181 2285 1262 2349 alias
1288 2304 1343 2349 res

137 2393 209 2453 tum
239 2389 273 2453 in
300 2391 499 2472 stipendium
531 2394 673 2473 erogatae
704 2388 782 2471 (vid.
807 2389 898 2454 Verr.
922 2390 992 2454 bib.
1016 2391 1040 2454 l.
1065 2410 1092 2454 c.
1119 2391 1160 2454 14
1184 2388 1269 2472 cet),
1298 2393 1341 2469 et,

137 2515 205 2578 qua
229 2497 371 2578 egebant
394 2517 494 2581 opera
517 2499 708 2562 interiorum
737 2497 971 2574 ministrorum,
1001 2516 1074 2560 eam
1104 2496 1221 2560 scribae
1251 2515 1342 2577 9999-

137 2602 231 2667 storii
257 2601 392 2668 dabant.
438 2604 503 2670 Sed
532 2609 568 2669 ut
596 2604 758 2685 fingamus
786 2603 869 2668 tales
899 2604 999 2667 luisse
1026 2602 1174 2685 pecuniae
1202 2603 1341 2684 publicae

137 2709 323 2773 tractandae
357 2711 522 2775 ministros
558 2729 678 2792 eosque
705 2710 821 2775 Romae
852 2710 1016 2792 stipendia
1043 2728 1250 2786 numerasse,
1285 2709 1343 2773 ubi

136 2816 220 2881 nulli
244 2816 363 2881 milites
388 2824 491 2893 erant,
526 2820 606 2900 quot
634 2817 734 2881 fuisse
763 2836 819 2880 eos
847 2819 1024 2898 putamus?
1058 2814 1242 2880 Permultos
1265 2834 1341 2897 pro-

137 2922 227 2987 fecto
251 2922 351 2987 fuisse
374 2926 513 3006 oportet,
537 2944 638 3006 quum
663 2943 703 2987 ex
726 2923 764 2987 iis
788 2941 944 2986 numerus
967 2922 1111 2985 iudicum
1135 2921 1341 2986 senatoribus

137 3033 173 3093 et
208 3029 383 3109 equitibus,
419 3032 475 3112 qui
510 3030 709 3105 iudicabant,
746 3029 881 3110 aequalis
918 3028 1008 3109 seligi
1042 3030 1200 3109 potuerit;
1235 3046 1342 3110 neque

138 3135 229 3199 enim
253 3155 366 3200 ornnes
390 3136 573 3218 promiscue
597 3136 822 3211 sumebantur,
846 3155 887 3199 ne
911 3139 1080 3199 senatores
1105 3134 1246 3215 quidem.
1283 3133 1341 3197 Vel

136 3247 222 3319 tum,
259 3261 359 3323 quum
390 3243 565 3326 Pompeius
597 3244 767 3326 pauciores
798 3242 929 3306 fecisset
956 3240 1089 3318 iudices,
1127 3241 1190 3304 120
1219 3239 1341 3304 tribuni

138 3348 248 3413 aerarii
279 3348 389 3413 selecti
421 3350 449 3414 ei
480 3351 527 3414 rei
558 3369 676 3415 vacare
708 3350 885 3417 debebant.
936 3348 1057 3412 Verum
1088 3346 1167 3412 illud
1198 3346 1340 3428 gravius.

137 3455 257 3537 Negat,
286 3458 322 3519 ut
345 3455 421 3534 dixi,
454 3456 613 3520 Gruchius
639 3458 849 3538 magistratus
873 3455 988 3531 fuisse;
1023 3457 1058 3519 at
1081 3454 1254 3536 pecuniam
1278 3472 1339 3534 pu-

138 3561 262 3625 blicam
296 3562 358 3625 sub
393 3566 593 3644 quaestorum
628 3563 821 3628 auctoritate
863 3563 917 3626 illa
952 3564 1049 3625 aetate
1084 3559 1163 3624 nulli
1198 3562 1341 3623 tractare

137 3672 295 3751 poterant
325 3669 386 3732 nisi
416 3673 473 3733 aut
506 3670 668 3752 suffragiis
700 3669 815 3734 delecti
847 3672 905 3734 aut
933 3667 1084 3732 mercede
1108 3665 1269 3742 conducti,
1304 3668 1341 3729 ut

139 3774 269 3839 scribae.
315 3774 394 3852 Quis
425 3776 531 3859 igitur,
568 3777 622 3858 qui
653 3781 710 3841 aut
741 3776 782 3840 de
813 3775 968 3839 institutis
999 3773 1157 3838 Romanis
1190 3772 1339 3836 universe

140 3888 200 3945 aut
224 3880 265 3945 de
288 3881 343 3945 illa
366 3881 471 3947 forma
494 3883 638 3947 iudicum
662 3901 703 3946 ex
726 3888 815 3946 certo
838 3881 951 3945 ordine
975 3884 1008 3944 et
1024 3899 1123 3944 censu
1145 3879 1339 3943 selectorum

141 3988 331 4070 cogitaverit
354 3988 452 4070 paulo
476 3988 670 4071 diligentiae,
694 3988 893 4070 persuadere
911 3986 972 4052 sibi
990 3986 1119 4069 poterit,
1143 3986 1179 4049 L.
1199 3985 1339 4062 Cottam,

141 4114 243 4175 quum
267 4096 366 4159 etiarn
389 4093 474 4159 intra
498 4097 622 4177 equites
646 4095 802 4177 populum
827 4093 992 4158 iudicandi
1015 4092 1208 4175 participem
1232 4089 1339 4154 lacere

143 4201 248 4278 vellet,
284 4221 344 4282 pro
371 4200 557 4265 bominibus
586 4220 626 4265 ex
654 4200 750 4283 plebe
779 4200 932 4264 Romana
955 4199 1099 4281 quadarn
1123 4196 1339 4261 aestimatione

144 4309 270 4374 selectis
293 4309 470 4374 subiecisse
494 4313 551 4373 aut
573 4308 783 4390 magstratus
812 4305 922 4370 nescio
946 4325 1036 4387 quos,
1072 4323 1173 4385 quum
1201 4320 1339 4385 praeser-

145 4415 201 4481 tim
223 4417 435 4500 magistratus
458 4435 572 4480 omnes
600 4412 805 4479 vacationem
834 4411 998 4476 iudicandi
1025 4409 1196 4486 baberent,
1225 4426 1339 4472 neces·
1353 4421 1396 4462 2⁵³

147 4522 229 4588 saria
253 4523 294 4588 de
318 4541 428 4599 causa,
452 4525 489 4586 ut
511 4521 647 4604 negotiis
670 4520 738 4585 suis
762 4538 895 4602 operam
921 4519 1000 4584 dare
1022 4519 1156 4599 possent
1178 4511 1225 4597 (in
1248 4513 1339 4577 Verr.
