2948 5206
669 282 735 348 385

137 481 212 546 urent
238 478 310 544 huic
333 496 417 542 meae
442 477 614 542 tortunae‘.
661 478 726 543 Sed
753 497 814 542 nec
837 500 900 563 pro
928 501 977 544 me
1005 482 1132 565 scripsit
1162 482 1207 547 ita
1237 482 1299 547 dici

139 587 183 653 ulo
198 585 283 652 modo
304 585 422 667 potuit,
460 589 492 649 et
522 583 728 666 apertissime
757 585 828 650 haec
857 586 1021 652 Ciceronis
1053 590 1223 654 sententiae
1247 609 1299 654 re-

139 696 255 776 pugnant,
288 693 344 774 qui
377 691 441 756 hoc
473 691 580 773 ipsum
616 690 703 775 dicit,
738 691 819 756 Attii
853 692 966 770 verba,
1002 694 1119 776 (suibus
1155 695 1298 779 ingratus

138 800 294 865 Achivorum
318 798 449 863 animus
476 797 778 879 reprehenderetur,
807 800 975 864 nonsatis
999 801 1042 865 ad
1066 822 1163 866 suum
1188 823 1299 868 casum

140 905 347 971 acommodata
375 903 485 982 fuisse,
522 903 572 967 cui
603 903 742 985 populus
773 904 945 970 Romanus
976 908 1090 989 gratioe
1118 910 1299 975 referendae

138 1012 325 1094 cupidissimus
351 1010 466 1074 fuisset
490 1007 578 1090 (Non
600 1017 669 1073 erat
692 1010 774 1074 illud
796 1012 922 1095 quidem
945 1012 1083 1096 aarum:
1111 1016 1223 1098 itaque
1245 1017 1300 1082 illa

139 1118 258 1184 altitio
280 1117 324 1183 ad
346 1117 391 1194 id,
426 1116 514 1199 quod
541 1116 576 1180 in
603 1115 764 1198 tragoedia
791 1122 953 1199 ageretur,
988 1122 1064 1201 apte
1087 1122 1219 1204 scripta,
1255 1123 1313 1187 ab·

137 1223 224 1307 lisopd
248 1225 280 1289 in
304 1243 340 1288 se
371 1243 443 1287 esse
473 1222 613 1287 detorta.
659 1222 733 1303 Ipsa
761 1225 999 1305 praepositionis
1021 1228 1160 1292 mutatio
1183 1228 1298 1293 admo-

139 1348 191 1394 uere
208 1333 396 1414 interpretes
420 1329 574 1407 debebat,
604 1328 742 1407 etiarnsi,
774 1328 852 1412 quid
881 1331 941 1395 loci
966 1331 1162 1398 cohaerentia
1185 1339 1298 1417 postu·

138 1433 201 1513 leret
226 1456 288 1502 nou
313 1436 536 1511 attenderent;
572 1454 629 1499 cur
652 1436 739 1499 enirn
762 1455 828 1500 non
852 1437 967 1502 eodem
992 1439 1090 1504 modo
1113 1440 1155 1504 de
1178 1441 1297 1524 AEsopo

138 1539 200 1607 licit:
218 1544 275 1629 cpit
292 1563 356 1626 pro
378 1546 448 1606 me?
479 1542 588 1606 Sensit
611 1541 767 1606 mendum
790 1543 979 1623 Lambinus,
1004 1547 1058 1628 qui
1082 1546 1184 1610 edidit
1199 1548 1298 1632 scrip·

135 1649 218 1711 sl-
242 1671 306 1735 pro
344 1648 520 1725 Telamone,
556 1649 742 1714 coniectura
776 1654 888 1714 tamen
923 1651 1051 1729 infelici,
1087 1673 1153 1717 non
1189 1654 1294 1718 solum
1310 1670 1354 1711 ⁴⁹⁷

135 1755 216 1822 uisci
236 1762 269 1823 et
290 1756 448 1832 violenta;
482 1775 589 1836 neque
618 1757 704 1820 enim
733 1776 793 1837 pro
821 1776 986 1839 quoquam
1015 1759 1125 1823 Attius
1154 1761 1293 1842 scripsit.

134 1858 238 1930 Omnino
266 1862 406 1929 hominis
429 1881 550 1927 nornen
581 1862 645 1926 huc
674 1882 740 1927 non
771 1864 922 1944 pertinet.
968 1865 1034 1929 Sed
1062 1865 1141 1929 nihil
1166 1866 1295 1931 facilius

134 1971 255 2036 certiusre
278 1970 447 2036 emendari
469 1973 592 2052 potest;
616 1988 693 2033 nam
717 1988 783 2033 una
806 1969 914 2034 littera
938 1975 1065 2036 mutata
1087 1971 1139 2036 fit:
1168 1975 1295 2057 scripsit

132 2070 321 2142 teceamus
337 2083 433 2161 poeto
451 2096 514 2160 pro
536 2096 581 2156 re,
610 2077 671 2160 epit
691 2074 886 2156 fontaninus
910 2083 997 2140 octor
1025 2112 1067 2124 —
1096 2078 1135 2142 de
1162 2101 1226 2157 me;
1260 2080 1294 2145 id

132 2184 172 2259 m,
188 2188 254 2267 apte
277 2184 321 2249 ad
343 2204 425 2262 rem,
450 2183 492 2247 ad
516 2183 559 2260 id,
584 2181 671 2264 quod
694 2182 896 2263 propositum
922 2188 993 2247 erat
1017 2187 1049 2248 et
1073 2184 1105 2248 in
1129 2188 1291 2252 manibus.

132 2282 187 2353 llac
204 2290 331 2356 demum
357 2289 528 2355 commode
551 2308 617 2352 non
644 2288 713 2352 sine
741 2288 884 2370 quodam
916 2288 989 2353 lusu
1021 2289 1054 2353 in
1086 2310 1166 2357 sono
1196 2292 1292 2358 simili

132 2390 190 2460 uter
209 2418 244 2462 se
274 2398 436 2463 contrarie
468 2389 699 2476 referuntur.¹)
745 2395 809 2458 Pro
842 2416 878 2458 re
912 2393 1007 2477 (rroclr
1043 2396 1294 2480 Brachoffenlrait

133 2497 172 2564 dir
187 2503 288 2587 Socha,
312 2504 367 2569 dea
391 2501 634 2587 Capenatandea,
657 2501 715 2565 der
739 2498 922 2582 Urnstdnde)
946 2503 1062 2566 eodem
1082 2505 1180 2570 modo
1204 2508 1291 2587 posi·

132 2606 178 2672 lun
200 2617 245 2677 est
272 2610 362 2694 apud
392 2610 517 2673 Livium
541 2608 607 2686 Vll,
637 2608 679 2672 33
702 2608 787 2686 init,
817 2608 947 2672 Sallust.
972 2609 1116 2691 Iugurth.
1141 2612 1185 2676 50
1214 2610 1294 2694 (54),

131 2711 188 2781 Ces.
205 2719 239 2784 B.
263 2718 345 2784 Gall.
370 2717 407 2791 V,
433 2717 463 2792 8,
493 2714 601 2796 Virgil.
626 2714 696 2778 AEn.
721 2715 771 2791 IV,
802 2714 876 2792 337,
906 2735 966 2779 nec
995 2716 1090 2782 aliter
1117 2719 1293 2800 accipietur

131 2823 192 2899 apud
209 2826 325 2889 Ascon.
350 2842 477 2904 argum.
502 2825 584 2886 orat.
607 2820 639 2884 in
664 2821 745 2902 Tog.
770 2821 872 2886 Cand.
897 2842 929 2904 p.
956 2825 1018 2888 109
1042 2824 1130 2901 Hot.‚
1155 2825 1181 2889 si
1205 2825 1294 2890 locus

131 2941 200 2992 anus
231 2935 293 3007 est;
329 2929 404 2994 hinc
437 2928 559 2992 iactum
585 2948 648 3011 pro
678 2949 713 2991 re
743 2936 821 2991 ncta
852 2928 909 3011 (ad
931 2929 1029 2994 Attio.
1053 2932 1119 3006 Vll,
1153 2933 1182 3009 8,
1213 2933 1294 3011 XIV,

131 3025 175 3112 if)
200 3037 284 3102 ldern
308 3054 442 3118 prorsus
466 3034 632 3111 mendum,
657 3035 744 3117 quod
768 3037 854 3099 hunc
879 3037 1041 3102 Ciceronis
1066 3039 1184 3116 locum,
1209 3040 1295 3104 inse-

132 3133 163 3200 dit
178 3143 264 3208 etiam
288 3134 396 3207 Ovidii
418 3141 493 3204 Arn.
515 3141 552 3217 ll,
577 3142 607 3217 9,
635 3143 663 3217 1,
688 3141 744 3204 ubi
767 3146 855 3206 recte
880 3143 1087 3209 Burmannus
1112 3145 1295 3227 corrigebat

130 3260 171 3321 pro
187 3271 223 3327 re,
251 3250 309 3315 sed
333 3248 430 3313 simul
454 3267 513 3329 pro
536 3247 700 3330 indipnate
723 3247 824 3329 (quod
848 3269 980 3314 sensum
1004 3251 1203 3329 nonhabet,
1236 3252 1295 3315 nisi

133 3356 229 3426 passive
250 3356 430 3439 accipiatur
453 3358 567 3418 contra
590 3374 685 3418 usum
710 3355 871 3436 loquendi,
908 3357 967 3421 etsi
998 3358 1049 3421 vel
1079 3359 1125 3422 sic
1149 3359 1295 3422 futurum

134 3462 304 3546 mortun,
327 3483 389 3546 pro
413 3482 452 3526 eo
475 3461 572 3542 igitur
594 3460 802 3525 scribendum
827 3470 876 3526 est
899 3464 1110 3548 indipnande:

281 3623 308 3688 0
329 3643 493 3708 nunquam
511 3641 574 3705 pro
596 3642 631 3684 re
653 3623 732 3685 satia
754 3622 951 3704 iridipncrrde
976 3623 1108 3706 Cupide,

136 3766 177 3836 hle
193 3786 241 3857 et,
268 3804 331 3867 pro
360 3804 394 3847 eo
424 3804 461 3845 ar
489 3782 620 3845 uinaria
648 3803 669 3844 o
692 3802 749 3844 me.
796 3782 970 3863 Participia
1005 3783 1059 3846 illa
1094 3783 1225 3846 infinitis
1260 3783 1293 3846 in

138 3870 190 3945 iltis
207 3893 395 3954 commutata
422 3908 502 3965 esse,
532 3907 629 3952 nemo
652 3887 764 3951 nescit.
799 3888 901 3952 Paulo
925 3893 1008 3970 post,
1033 3909 1075 3953 ne
1098 3909 1196 3971 quam
1220 3909 1293 3952 sus·

142 4048 363 4075 χι*

160 4171 176 4242 ¹)
188 4178 261 4248 [Utor
278 4208 308 4244 ac
326 4207 411 4260 prope
432 4190 564 4258 indignor,
582 4188 665 4240 etiam
679 4187 904 4256 Wesenbergiurn
919 4205 1012 4242 meum
1028 4189 1186 4242 certissimae
1205 4205 1294 4242 emcn-

192 4271 273 4331 triton
299 4279 482 4334 contortulam
510 4276 712 4332 enarrationem
740 4278 907 4344 opposuisse.
954 4277 1060 4331 Attium
1089 4294 1138 4344 pro
1166 4276 1294 4330 Cicerone

193 4363 309 4433 scripsisse
327 4367 475 4421 ridiculum
494 4364 555 4433 est]

166 4434 181 4503 'i
193 4445 265 4508 Simile
282 4462 321 4511 est
339 4463 366 4511 et
384 4457 497 4524 vulgare
512 4474 566 4523 pro
585 4464 713 4523 terpora
741 4454 807 4507 satis
826 4460 919 4508 tamen
939 4470 1009 4507 nove
1027 4453 1137 4507 Tacitus
1156 4455 1227 4507 Anu.
1247 4454 1293 4518 111,

196 4533 286 4598 ltixit:
304 4549 369 4615 quid
383 4563 438 4615 pro
457 4555 573 4614 tempore
589 4547 667 4611 forat,
688 4544 713 4596 id
733 4549 782 4606 est,
802 4544 916 4612 tempori
936 4542 1101 4596 conveniret.

1047 4630 1083 4684 25
