2948 5206
703 309 767 374 749

133 504 221 569 cium
254 504 409 569 orationis
440 504 610 586 diligenter
643 504 907 579 consideraverit,
943 503 1110 585 intelliget,
1146 503 1336 568 Ciceronem

132 629 199 675 non
223 610 335 675 statim
359 611 590 693 interrogando
612 631 742 694 negare,
767 613 800 676 in
824 611 1005 676 hereditate
1024 609 1240 675 festinationis
1258 629 1336 674 cau-

133 736 207 782 sam
232 717 341 795 iuisse,
372 719 527 799 quoniam
552 719 697 783 nondum
722 719 924 801 significarit,
954 738 1027 782 eam
1053 737 1186 781 causam
1210 716 1253 781 ab
1278 716 1337 780 ad·

132 823 287 888 versariis
311 824 450 889 tortasse
473 825 621 907 proferri,
646 826 714 902 sed,
739 831 914 908 postquam
937 825 1099 897 universe,
1126 844 1200 905 quae
1224 822 1338 886 luisset

134 949 245 1006 causa,
270 930 444 1011 quaesierit,
469 931 564 1012 quasi
581 933 765 1014 suspicione
782 935 998 1015 occupantem
1016 932 1217 1012 interrogare
1234 927 1340 1011 (Quod

133 1035 226 1100 term
250 1034 363 1117 eret?)‚
393 1038 511 1103 deinde
533 1039 577 1116 id,
608 1040 694 1121 quod
724 1039 786 1104 dici
810 1059 907 1121 posse
931 1039 1115 1120 suspicatus
1139 1036 1190 1112 sit,
1225 1036 1339 1100 redar-

134 1162 246 1226 guere.
309 1145 423 1226 ltaque
463 1145 635 1210 artificium
670 1147 825 1211 orationis
860 1149 1029 1210 assecutus
1065 1147 1151 1221 erat,
1194 1141 1340 1225 quuquis

134 1249 263 1331 primus
298 1270 338 1314 ex
372 1252 552 1317 editoribus
587 1253 732 1335 scripsit:
778 1252 863 1332 Quid
897 1251 1051 1334 effe-rebat
1083 1249 1343 1332 festinationem?

138 1355 231 1436 Quod
253 1356 344 1421 heres
366 1359 458 1422 erat?
490 1359 556 1423 Sed
579 1362 717 1442 praestat
741 1359 886 1424 codicem
910 1359 1139 1424 Coloniensem
1164 1356 1267 1439 sequi.

226 1463 288 1527 His
311 1484 478 1546 perpauca
500 1467 622 1531 addam
647 1466 795 1531 ordinem
818 1467 965 1531 locorum
988 1485 1140 1547 sequens.

228 1567 304 1650 §17
329 1590 409 1636 usus
432 1591 506 1635 sum
529 1575 716 1637 necessaria
739 1573 939 1638 correctione
962 1572 1073 1636 mendi
1096 1572 1266 1654 pervagati
1283 1591 1342 1654 pro

137 1696 269 1740 ncornm
300 1679 341 1742 sit
372 1679 518 1744 scribens
549 1688 723 1757 suorumrt:
760 1680 983 1745 coniunctivus
1015 1678 1092 1742 ferri
1123 1677 1213 1743 nullo
1243 1677 1343 1742 modo

137 1786 270 1864 poterat
292 1784 325 1848 in
348 1785 411 1849 hac
441 1786 597 1852 orationis
626 1788 746 1852 torma:
782 1809 816 1851 eo
844 1788 982 1851 atrocior
1014 1787 1083 1866 erit,
1118 1784 1266 1871 qnod-
1291 1786 1341 1860 sit,

138 1892 173 1954 et
207 1890 241 1954 in
276 1910 316 1955 ea
348 1912 395 1970 re,
431 1893 464 1957 in
495 1913 559 1976 qua
588 1895 678 1959 nulla
707 1894 822 1959 alienae
851 1893 1021 1958 sententiae
1050 1892 1243 1974 significatio
1271 1909 1342 1955 esse

138 1993 297 2080 rossetff)

231 2102 249 2184 ἕ
273 2105 316 2170 33
339 2106 373 2170 in
396 2107 467 2171 loco
490 2108 579 2189 apud
603 2107 839 2186 Quintilianum
863 2111 993 2170 servato
1017 2106 1117 2181 tenui,
1148 2104 1236 2187 quod
1264 2122 1344 2166 sane

138 2209 175 2274 in
206 2211 331 2293 exigue
361 2216 489 2278 tantum
527 2215 603 2279 fidei
639 2215 805 2279 codicibus
836 2213 1002 2278 scribitur:
1037 2214 1106 2276 nto
1138 2210 1272 2291 Milone,
1307 2230 1346 2272 ne

140 2316 249 2381 dicum
271 2320 404 2393 consule,
429 2341 488 2401 pro
512 2341 577 2402 quo
601 2321 750 2385 Baiterus
774 2320 863 2384 etin
887 2319 1012 2384 minore
1036 2320 1177 2383 editione
1193 2317 1345 2380 Halmius

140 2431 333 2506 posuerunt,
357 2428 446 2510 quod
461 2429 493 2492 in
511 2429 699 2494 melioribus
724 2431 788 2492 est:
813 2429 882 2490 uiuo
906 2425 1035 2508 Milone,
1059 2447 1122 2489 :rore
1145 2425 1251 2488 dicam
1275 2444 1345 2487 con·

138 2531 219 2608 ente,
255 2538 368 2599 eontra
399 2536 615 2600 certissimum
644 2534 797 2617 loquendi
827 2553 933 2611 usum,
970 2533 1010 2598 de
1047 2553 1111 2615 quo
1145 2532 1256 2596 nescio
1291 2530 1345 2613 qui

139 2636 277 2703 Halmio
300 2641 464 2719 acciderit,
499 2646 536 2706 ut
566 2647 725 2724 tanquam
757 2642 798 2705 de
830 2660 865 2705 re
895 2660 1011 2722 parum
1044 2644 1123 2704 nota
1153 2638 1347 2721 praeciperet

140 2763 220 2808 cum
244 2765 354 2812 errore
376 2768 443 2814 non
466 2750 544 2826 levi:
570 2750 630 2814 etsi
653 2749 749 2814 video
773 2749 871 2813 etiam
896 2746 1200 2812 Weissenbomium
1223 2743 1292 2829 (Gr.
1311 2745 1346 2808 L.

115 2848 162 2932 ’ἕ
188 2851 254 2918 190
281 2857 348 2918 not.
372 2852 407 2937 4)
443 2861 475 2921 et
509 2857 712 2939 Kruegerum
747 2855 909 2920 subtiliter
944 2853 1172 2936 explicandum
1201 2857 1346 2935 putasse,

142 2957 225 3040 quid
246 2960 419 3026 interesset
441 2963 527 3027 inter
550 2982 598 3040 ea,
634 2982 709 3044 quae
736 2981 870 3044 prorsus
900 2961 1017 3026 eodem
1045 2961 1144 3028 modo
1168 2960 1274 3023 Latini
1298 2959 1347 3023 di·

142 3068 233 3133 cunt.
268 3087 334 3149 quo
363 3072 395 3133 et
422 3069 506 3133 Dani
530 3072 562 3132 et
586 3068 751 3133 Germani.
797 3068 881 3132 Nam
911 3067 966 3148 qui
989 3066 1164 3131 verborum
1188 3067 1348 3148 gravitate

143 3191 181 3237 se
206 3175 419 3256 supersedere
443 3181 475 3240 et
499 3175 616 3252 minus,
649 3195 748 3257 quam
772 3174 885 3257 possit,
910 3173 1018 3237 dicere
1041 3173 1210 3254 significat,
1240 3173 1267 3236 is
1291 3176 1349 3235 aut

144 3279 304 3361 praedicit,
340 3301 376 3345 se
406 3283 537 3363 gravius
569 3302 636 3346 non
669 3282 830 3346 dicturum
862 3280 995 3362 (Milone
1023 3301 1085 3343 non
1113 3279 1183 3343 dico
1206 3283 1263 3344 aut
1286 3300 1349 3343 non

145 3385 254 3450 dicum
277 3389 409 3465 cannete,
438 3389 493 3453 aed
522 3390 600 3465 nivo,
629 3390 681 3454 ich
711 3408 788 3471 sage
817 3387 916 3464 nicht,
945 3387 997 3451 ich
1021 3386 1087 3451 will
1110 3386 1200 3451 nicht
1224 3383 1348 3468 sagen),

146 3497 216 3570 aut,
240 3495 347 3576 posito
371 3495 505 3572 minore,
530 3495 669 3574 subiicit,
694 3495 740 3560 ita
763 3515 799 3560 se
822 3494 929 3559 dicere
945 3495 1101 3576 gravioris
1118 3493 1208 3557 verbi
1227 3492 1351 3557 vitandi

146 3604 207 3665 aut
229 3601 362 3666 maioris
385 3602 432 3666 rei
448 3603 637 3667 omittendae
653 3623 753 3667 causa
772 3602 853 3684 (nro
869 3600 998 3683 Milone,
1022 3621 1061 3664 ne
1082 3600 1186 3663 dicam
1203 3601 1310 3663 coirent
1327 3598 1349 3680 ).

147 3708 309 3790 Exempla
343 3708 458 3790 prioris
493 3709 619 3790 generis
660 3709 772 3773 decem
809 3709 1021 3773 Ciceroniana
1055 3707 1206 3772 Handius
1243 3707 1352 3789 posuit

148 3813 290 3879 Turseli.
314 3815 357 3878 IV
378 3835 411 3897 p.
435 3816 511 3893 281,
547 3816 665 3898 quibus
700 3823 821 3898 praeter
855 3815 1038 3880 Milonianae
1068 3812 1086 3895 ἕ
1111 3815 1154 3878 34
1183 3818 1216 3879 et
1239 3815 1282 3878 35
1312 3834 1352 3878 ex

146 3941 217 3988 una
239 3921 420 4004 Philippica
443 3922 588 3987 secunda
612 3922 674 3987 tria
698 3923 774 3988 addi
790 3929 937 4004 possunt,
962 3920 1027 4002 59,
1056 3922 1105 3999 19,
1131 3922 1189 3997 iiii:
1213 3920 1352 4003 posteri'-

147 4029 215 4095 oris
239 4032 394 4111 quattuor
416 4028 701 4093 Weissenbomius
730 4028 840 4106 habet,
870 4029 913 4093 ad
942 4030 1033 4093 Fam.
1057 4029 1110 4107 IX,
1143 4030 1193 4104 16,
1224 4028 1255 4106 3,
1283 4028 1351 4104 ΧΠ,

149 4136 205 4214 30,
238 4137 269 4211 3,
300 4135 440 4218 Philipp.
464 4136 536 4199 XIII
563 4133 582 4216 ᾖ
609 4136 659 4212 12,
691 4156 751 4217 pro
782 4135 886 4199 Deiot.
912 4136 932 4198 2
964 4138 1085 4217 praeter
1115 4154 1220 4199 unum
1253 4134 1351 4210 Livii:

179 4400 203 4470 ¹)
223 4400 252 4471 [5
263 4402 298 4455 29
311 4420 360 4472 pro
372 4420 414 4467 e0,
433 4402 507 4471 quod
520 4401 622 4455 editur:
643 4403 714 4470 prend
726 4403 797 4454 lanne
810 4404 867 4454 iam
885 4402 1055 4468 interfectum
1069 4407 1209 4467 putarent,
1228 4398 1257 4452 in
1277 4400 1353 4467 praet'.

224 4492 298 4546 edii
316 4492 470 4561 suspicatus
488 4508 551 4545 sum
570 4490 746 4544 scribendum
763 4506 822 4543 esse
841 4493 889 4558 qni
907 4493 954 4543 aut
973 4507 1064 4558 puram,
1083 4494 1114 4541 ut
1133 4492 1277 4556 appareret
1292 4504 1353 4541 con·

223 4581 337 4636 iunctivi
356 4578 459 4647 causa]
