2948 5206
621 352 624 357 ,
647 273 712 338 319

115 469 206 533 lanua
228 468 308 533 nihil
337 470 496 533 extricare
523 470 679 551 potuisse.
725 467 852 551 (Neque
881 468 1145 552 supplementum
1173 473 1279 534 totum

115 575 223 657 spatium
257 575 292 638 in
326 575 500 640 Parisiensi
536 575 645 640 oodice
686 575 833 658 explere,
873 575 1054 657 Krarupius
1095 577 1279 650 annotarim

115 682 199 746 rellem
220 683 314 759 scire,
338 685 500 763 qnantum
522 681 585 747 hoc
607 679 674 763 sit)
708 682 793 746 Nam
816 701 938 747 nomen
960 682 1129 747 hominum
1154 684 1187 747 et
1201 701 1279 764 pro·
1317 720 1320 726 -
1426 710 1429 715 ¹

115 808 203 853 nmen
223 788 397 853 relativum
425 787 459 852 in
488 787 716 871 supplemento
750 808 816 854 non
850 792 936 866 sunt,
966 788 1192 870 confiteorque
1227 809 1280 853 me

115 895 215 971 nadre,
239 894 329 959 unde
351 894 450 959 homo
473 893 719 973 audacissimus,
744 895 799 976 qui
823 894 954 959 ineunte
978 895 1097 960 saeculo
1116 895 1189 959 XVI
1206 900 1281 976 post

115 1001 204 1083 primas
227 1000 386 1066 editiones
410 1020 485 1069 cum
514 1001 608 1066 codd.
638 1001 861 1084 conspirantes
889 1002 960 1067 haec
989 1001 1034 1066 ita
1062 1000 1279 1083 interpolavit,

115 1112 137 1171 rt
152 1108 237 1188 vulgo
261 1109 412 1184 eduntur,
443 1107 595 1191 Coponios
617 1107 688 1173 illos
712 1107 812 1173 fuisse
834 1108 988 1187 rescierit,
1023 1108 1065 1173 de
1088 1127 1161 1190 quo
1177 1109 1281 1172 nemi·

115 1232 164 1277 nen
183 1216 396 1296 interpretum
419 1234 461 1279 ne
484 1214 587 1280 verbo
618 1214 750 1298 quidem
774 1213 951 1279 admonere
975 1214 1080 1280 video.
1128 1214 1281 1279 Edendus

115 1324 146 1383 rst
166 1321 258 1403 igitur
291 1322 477 1387 necessario
511 1323 601 1387 locus
635 1321 697 1386 hoc
731 1321 816 1385 tristi
850 1326 1002 1403 aspectu:
1043 1321 1135 1386 Titus
1171 1320 1281 1385 Caius-

115 1426 182 1509 nt*
203 1427 219 1464 *
243 1429 266 1507 †
289 1430 376 1492 omni
398 1449 468 1492 cum
490 1427 637 1492 doctrim
666 1427 755 1491 houm
787 1435 879 1512 atque
907 1427 1149 1499 inmensitatis.¹
1172 1429 1209 1492 In
1232 1429 1281 1505 iis,

115 1550 163 1611 qua
181 1539 253 1616 post
276 1534 458 1600 Weiskium
486 1533 625 1600 Orellius
652 1537 769 1611 tentat,
804 1534 1110 1616 reprehendendum
1139 1535 1282 1600 maxime

116 1643 154 1713 nt
170 1641 254 1722 quod
276 1642 376 1705 mnes-i
398 1640 595 1705 humanitate
618 1661 677 1723 pro
695 1660 744 1718 eo,
769 1639 857 1722 quod
874 1643 925 1705 est
940 1640 1150 1706 humanitatis
1167 1642 1281 1720 studio,

116 1748 137 1806 et
158 1748 249 1810 nuni
277 1748 434 1811 commatri
461 1747 607 1810 doctrinm
636 1746 677 1810 de
700 1746 749 1825 iis,
784 1747 841 1829 qui
874 1749 1091 1813 communiter
1125 1748 1282 1814 docuinae
1395 1779 1399 1789 ·

116 1851 245 1930 studeant,
270 1852 337 1918 dici
360 1853 471 1931 voluit,
496 1858 609 1918 contra
632 1872 729 1917 usum
752 1855 912 1918 sermonis
935 1854 1052 1919 Latini.
1156 1886 1160 1899 ¹

175 1959 207 2025 C.
231 1961 283 2037 13,
307 1961 351 2025 32
375 1961 436 2025 etsi
458 1965 584 2025 rectum
607 1964 668 2036 est,
698 1959 786 2041 quod
808 1960 930 2025 editur:
966 1960 1035 2043 Sin,
1065 1963 1129 2026 ista
1151 1963 1284 2026 mediare

118 2073 213 2144 mdo,
246 2087 345 2152 nequae
372 2069 493 2131 menen
514 2068 614 2131 wem
637 2088 693 2130 neo
715 2087 787 2150 opes
811 2067 855 2131 ad
877 2067 1126 2153 oppuqnundum
1152 2068 1283 2133 Caelium

118 2166 159 2232 tn
184 2173 414 2258 relinquentur,
450 2178 564 2239 tamen
607 2174 835 2239 auctoritatem
874 2175 1024 2257 exiguam
1062 2174 1181 2253 habet,
1223 2194 1284 2239 nec

118 2277 204 2343 nmn'
224 2279 348 2358 debuit,
384 2280 472 2362 quod
493 2280 528 2344 in
557 2281 733 2346 Parisiensi
760 2281 870 2346 codice
898 2281 1024 2364 legitur,
1064 2283 1285 2367 relinquuntur
1298 2302 1336 2342 ur

119 2375 341 2470 intimarentur),
366 2387 453 2452 unde
476 2387 673 2470 reliquorum
697 2389 876 2470 scripturas
900 2388 1003 2470 (velut
1020 2388 1193 2453 Bernensis
1217 2389 1283 2471 pri·
1368 2465 1372 2471 Ι

119 2488 160 2552 nris
177 2495 205 2556 et
224 2493 292 2558 Erf.
316 2492 551 2579 relinquamur)
579 2498 668 2560 ortas
697 2514 770 2559 esse
799 2498 900 2576 patet.
946 2494 1015 2558 Iam
1046 2514 1112 2559 non
1140 2500 1209 2560 tam
1242 2496 1284 2560 de

120 2602 204 2663 eventu
224 2600 424 2666 defensionis
448 2621 548 2683 quam
572 2602 612 2665 de
636 2606 725 2666 statu
749 2620 858 2665 causae
881 2600 968 2679 dicit,
998 2605 1034 2664 ut
1058 2602 1285 2687 relinquuntur

120 2699 171 2767 nihil
190 2705 251 2772 iere
274 2708 364 2772 aliud
388 2708 429 2771 sit
453 2728 552 2789 quam
570 2716 730 2791 praterea
753 2716 835 2770 sunt.

179 2812 385 2878 levissimum
409 2818 467 2891 est,
504 2815 728 2879 annotandum
753 2818 875 2890 tamen,
912 2814 1065 2895 qnoniam
1098 2815 1140 2879 ad
1171 2835 1284 2880 reram

120 2917 237 2984 aaronis
261 2921 401 2985 sormam
426 2921 575 3002 pertinet,
611 2941 639 2983 c.
666 2921 716 2996 14,
749 2921 792 2983 33
824 2939 864 2983 er
895 2921 988 2984 codd.
1019 2920 1132 3001 (etiam
1156 2921 1283 3002 Paris),

120 3013 189 3088 inno
208 3027 304 3091 etiam
329 3047 370 3092 ex
398 3027 472 3092 edd.
496 3031 574 3091 vett.
599 3025 807 3090 scribendum
838 3046 924 3090 esse:
960 3028 1089 3091 remisse
1118 3036 1146 3092 et
1174 3029 1285 3093 leniter

121 3129 262 3208 tunam,
288 3139 324 3197 ut
347 3133 451 3198 simile
474 3136 517 3198 sit
540 3133 759 3215 superiorum:
784 3153 887 3196 seuere
910 3140 938 3196 et
958 3135 1102 3216 praviter
1125 3142 1153 3198 et
1167 3137 1283 3218 prisce.

121 3225 164 3295 Nec
184 3257 236 3318 per
262 3259 298 3304 se
326 3245 414 3305 recte
443 3262 480 3304 oc
508 3241 562 3304 illo
589 3240 660 3303 loco
689 3240 882 3320 ponebatur,
919 3240 1045 3305 variata
1079 3241 1149 3305 sine
1185 3262 1284 3306 causa

122 3342 305 3410 neutrorum
332 3346 569 3411 coniunctione,

180 3447 282 3528 Venio,
319 3453 406 3535 quod
442 3453 566 3517 dudum
602 3452 785 3534 cupiebam,
822 3453 865 3516 ad
894 3453 1157 3518 emendationem
1186 3456 1285 3536 paulo

125 3552 263 3622 noviorem
296 3558 358 3623 loci
391 3558 582 3642 perturbati.
633 3559 717 3623 Nam
742 3579 769 3622 c.
797 3561 847 3636 15,
884 3561 926 3623 36
961 3560 1032 3623 haec
1066 3561 1218 3642 leguntur
1252 3562 1286 3625 in

126 3653 263 3739 anunm,
298 3667 419 3747 quibus
453 3667 561 3730 verbis
595 3667 727 3748 fingitur
760 3666 893 3731 Clodius
928 3669 1047 3731 sororis
1081 3667 1217 3731 nimium
1252 3669 1296 3735 in.

129 3751 192 3867 iulio
209 3772 361 3837 sectando
385 3772 530 3836 studium
554 3773 750 3854 improbare,
775 3793 883 3838 mores
901 3773 1202 3854 impudicitiamque
1220 3793 1286 3837 non

130 3872 286 3946 uranus:
319 3878 464 3942 Vieinmm
489 3879 750 3943 adolescentulum
774 3881 964 3963 admouisti:
993 3879 1113 3943 candor·
1141 3879 1235 3943 leuius
1258 3886 1286 3944 te

134 3973 319 4068 inurentes,
348 3986 451 4049 nauus
474 3987 614 4071 oculique
632 3988 843 4070 pepulerunt,⁸
875 3988 991 4069 saepius
1015 3986 1121 4049 rudere
1144 3987 1285 4050 noluisti:

134 4068 193 4148 siit&
209 4108 425 4177 nonnunquam
447 4093 480 4155 in
511 4093 623 4156 iisdem
655 4093 754 4157 hortis
786 4096 854 4157 visa
885 4092 998 4156 stabilis
1029 4093 1160 4156 mulier:
1195 4093 1285 4155 illrum

137 4174 332 4270 diminutius
349 4207 446 4283 patre
468 4222 570 4284 parco
599 4222 636 4262 uc
664 4202 766 4263 tenaci
796 4200 911 4263 tabere
942 4201 1004 4263 tuis
1035 4200 1132 4282 copiis
1163 4199 1286 4262 denium·

139 4286 181 4349 tm
195 4316 242 4362 mn
258 4312 360 4386 potem
383 4306 538 4387 calcitrat,
562 4308 692 4389 respa-it,
717 4328 779 4370 reon
797 4313 893 4390 putat
916 4315 972 4370 tna
996 4306 1082 4369 dona
1106 4327 1169 4370 esse
1193 4309 1285 4369 tanti.

141 4383 214 4463 lnh'n
229 4405 296 4474 illud
317 4411 413 4492 fuisti
437 4446 476 4454 —
504 4413 580 4488 rtisa,
605 4413 672 4476 sire
696 4413 859 4496 seiungas,
885 4415 963 4490 risa,
988 4417 1178 4495 corruptum
1203 4432 1285 4489 esse,
1345 4411 1349 4422 '

143 4508 294 4585 persiitunm
317 4523 367 4582 est
390 4516 470 4599 [vid.
495 4518 578 4583 infra
602 4519 629 4582 ΙΙ
653 4541 685 4601 p.
710 4521 774 4583 218
799 4519 902 4602 sqq.];
938 4540 1051 4584 rerum
1082 4520 1146 4584 alia
1175 4520 1287 4602 gravia
