2948 5206
739 282 759 345 3

150 483 178 546 in
199 480 396 545 bibliotheca
418 476 671 543 Richardiorum
694 476 878 556 Florentiae,
907 499 984 544 mox
1013 481 1046 545 iu
1070 481 1228 547 Vaticana
1250 483 1344 548 libel·

147 589 190 653 los
204 587 286 652 duos
302 585 403 651 exiles
418 583 549 668 Apuleii
572 583 704 648 nomine
727 583 899 667 inscriptos
915 588 1069 669 repperit,
1094 588 1237 667 eosdem,
1262 610 1343 671 quos

144 715 200 779 pro
221 714 287 759 uno
310 692 479 757 Fabricius
503 695 790 768 commemoraret,
827 691 868 756 de
896 697 975 757 nota
1004 692 1212 776 aspirationis
1241 700 1275 760 et
1301 697 1343 761 de

143 800 363 884 diphthongis,
399 818 505 880 neque
536 796 661 878 antiqui
690 796 869 862 admodum
898 799 1064 881 scriptoris
1093 821 1200 884 neque
1229 822 1341 868 eorum

140 909 314 990 quicquam
337 905 551 981 continentes,
575 923 651 985 quae
669 903 786 968 Caelius
799 904 862 969 sub
879 905 1009 988 Apuleii
1026 907 1158 973 nomine
1175 912 1341 991 posuerat,

139 1016 198 1079 nisi
222 1016 306 1078 duos
329 1033 396 1076 non
419 1011 530 1093 magni
552 1011 710 1075 momenti
733 1011 831 1076 locos.
877 1012 997 1077 Postea
1025 1017 1137 1079 autem
1165 1035 1267 1097 quum
1291 1017 1341 1081 bi·

137 1121 309 1187 bliothecae
340 1117 567 1183 vallicellianae
601 1117 690 1199 apud
720 1118 753 1182 S.
782 1119 969 1201 Philippum
1003 1119 1036 1184 in
1072 1122 1155 1186 urbe
1188 1123 1341 1189 Romana

136 1229 265 1294 codices
289 1224 513 1309 perlustraret,
542 1223 644 1306 ipsius
666 1224 801 1288 Achillis
824 1225 930 1304 Statii,
959 1227 1115 1305 Lusitani,
1140 1249 1241 1293 manu
1264 1250 1340 1312 per·

134 1336 258 1416 scripta
291 1331 436 1415 repperit
464 1332 500 1395 L.
525 1330 643 1396 Caecilii
673 1330 843 1397 Minutiani
872 1334 1001 1416 Apuleii
1031 1336 1072 1400 de
1105 1323 1340 1417 orthographia

135 1443 234 1506 trium
260 1441 417 1504 librorum
442 1436 635 1519 fragmenta,
671 1457 711 1500 ea
739 1438 820 1534 ipsa,
856 1440 974 1522 quibus
1004 1441 1122 1506 Caelius
1150 1462 1228 1506 usus
1257 1449 1339 1519 erat,

134 1567 328 1630 quanquam
360 1546 394 1608 in
427 1543 619 1626 imperfecto
648 1543 743 1609 Statii
772 1546 883 1611 codice
918 1567 984 1613 non
1018 1548 1142 1625 omnia,
1178 1568 1252 1630 quae
1285 1549 1339 1614 ille

134 1654 333 1737 protulerat,
373 1650 559 1716 exstabant.
617 1650 697 1714 Haea
732 1652 836 1717 Maius
871 1674 973 1736 quum
1008 1655 1107 1737 plena
1142 1655 1338 1736 scriptorum

134 1767 284 1825 veterum
314 1757 499 1823 nominibus
528 1757 661 1822 vidisset
691 1763 723 1823 et
751 1760 954 1826 eruditionis·
969 1761 1072 1843 copia,
1108 1761 1195 1826 huuc
1223 1782 1337 1827 verum
1375 1754 1379 1763 ’

132 1868 312 1951 Apuleium
335 1872 436 1941 ratus,
461 1864 600 1928 alterum
623 1864 725 1943 illum,
755 1867 847 1931 cuius
870 1871 968 1931 antee
992 1868 1091 1933 libros
1115 1869 1251 1947 viderat,
1276 1870 1338 1934 fal·

133 1995 218 2049 sum,
255 1972 398 2055 primum
431 1970 630 2034 mentionem
667 1971 789 2036 inventi
819 1993 849 2036 a.
883 1975 968 2038 1820
1002 1974 1036 2038 in
1065 1974 1337 2057 Ephemeridibus

132 2080 303 2166 Arcadicis
327 2078 413 2154 tecit,
443 2076 561 2141 deinde
590 2096 620 2140 a.
648 2078 733 2142 1823
756 2079 828 2160 ipsa
852 2080 1035 2163 fragmenta
1064 2082 1142 2146 iuris
1166 2082 1336 2147 anteiusti·

132 2187 243 2251 nianei
272 2184 463 2267 fragmentis
492 2183 628 2264 aliisque
662 2185 790 2267 scriptis
824 2186 979 2251 adiuncta
1008 2188 1119 2252 edidit.
1129 2184 1154 2269 ¹)
1205 2188 1336 2254 Perlata

132 2297 167 2359 in
190 2293 401 2359 Germaniam
424 2291 529 2355 tribus
553 2290 646 2354 annis
675 2296 749 2373 post
773 2292 955 2358 lhidericus
979 2293 1141 2371 Osannus,
1170 2294 1336 2377 professor

132 2400 310 2471 Gissensis,
347 2399 495 2462 crebram
529 2397 671 2461 maxime
704 2399 899 2480 scriptorum
933 2401 1141 2482 antiquorum
1170 2420 1190 2465 a
1219 2401 1361 2466 ceterisr

131 2526 208 2571 raro
233 2510 291 2569 aut
314 2525 483 2586 nunquam
500 2509 829 2569 commemoratorum
850 2507 1049 2572 mentionem
1067 2507 1257 2585 admiratus,
1282 2512 1333 2590 ty·

133 2614 184 2694 pis
220 2614 398 2695 repetenda
433 2612 572 2687 curavit,
609 2612 822 2693 copiosaeque
856 2613 1155 2679 animadversiones
1191 2615 1333 2692 addidit;

133 2721 253 2784 alteros
283 2739 414 2801 quoque
443 2719 512 2782 illos
540 2717 665 2781 libellos
694 2719 735 2782 de
763 2723 842 2783 nota
870 2720 1076 2801 aspirationis
1106 2725 1138 2785 et
1166 2721 1207 2785 de
1237 2722 1332 2803 diph-

132 2827 272 2908 thongis,
309 2845 448 2907 quorum
478 2825 667 2904 scriptorem
700 2845 739 2887 ex
768 2825 900 2889 alterius
924 2846 1022 2907 opere
1046 2847 1179 2891 suorum
1203 2833 1332 2909 partem

134 2934 281 2998 hausisse
305 2953 379 2996 cum
403 2925 521 3010 Mai0²l
546 2930 720 3007 iudicabat,
751 2931 920 2995 eduohus
948 2932 1153 2997 bibliothecae
1184 2935 1331 2999 Guelfer-

134 3039 265 3122 bytanae
300 3039 464 3104 codicibus
499 3032 645 3117 edidit.³)
702 3037 782 3115 Quis
816 3042 925 3101 autem
961 3038 1074 3103 fuisset
1107 3045 1165 3104 aut
1199 3042 1331 3122 quando

134 3146 264 3209 vixisset
289 3146 341 3210 hic
367 3147 400 3208 L.
424 3145 571 3209 cecilius
595 3145 761 3226 Apuleius,
792 3164 888 3225 quem
913 3143 1064 3209 Osannus
1089 3148 1246 3210 maiorem
1270 3169 1330 3230 ap·

134 3254 275 3334 pellavit,
306 3260 339 3315 ut
370 3252 413 3315 ab
437 3253 540 3315 altero
564 3252 688 3315 minore
712 3251 931 3331 distingueret,
965 3271 1072 3333 neque
1096 3253 1199 3317 Maius
1223 3274 1330 3335 neque

133 3360 285 3423 Osannus
309 3359 505 3422 constituere
528 3357 643 3439 potuit.
678 3357 739 3420 Hic
763 3364 873 3420 tamen
897 3355 986 3437 (nam
1011 3359 1085 3423 Maii
1108 3359 1329 3425 incredibilem

133 3485 276 3530 errorem
305 3474 420 3547 postea
453 3465 495 3528 ab
531 3465 600 3546 ipso
632 3481 751 3543 nragua
781 3481 821 3524 ex
849 3467 942 3543 parte
973 3460 1172 3548 abiectumf)
1201 3465 1329 3548 omitto)

157 3747 178 3811 ¹)
200 3752 277 3802 Iuris
299 3751 385 3802 ciariis
409 3759 431 3802 11
453 3750 606 3817 Symmachi
630 3749 735 3798 Partes.
776 3747 804 3797 C.
825 3747 891 3797 Iulii
915 3748 1028 3798 Victoria
1047 3765 1095 3800 are
1115 3750 1257 3801 rhetorica.
1295 3751 1327 3801 L.

205 3841 308 3891 Coecilii
326 3841 476 3891 Minictiani
494 3838 603 3904 Apuicii
618 3836 1038 3903 [1191111111(1111111191111111111,
1059 3854 1118 3887 cum
1135 3839 1329 3903 appendicibus

201 3937 224 3981 11
243 3931 343 3981 tabulis
362 3930 450 3992 aneia,
469 3933 581 3977 curante
600 3927 701 3992 11119111
722 3927 803 3977 Maio.
841 3925 933 3976 Boura
951 3925 1193 3977 MDCCCXXIII.
1231 3926 1255 3977 8.

153 4016 175 4081 ²)
198 4018 258 4069 t'id.
278 4018 354 4085 praef.
373 4015 434 4068 Maii
455 4033 479 4082 p.
500 4014 608 4066 xxxiv
628 4014 672 4066 Os.
814 4072 816 4076 Α

153 4104 175 4165 ³t
198 4109 230 4158 L.
259 4108 361 4158 Caeriti
390 4106 540 4156 Minatiani
567 4106 677 4169 Apuleii
704 4105 734 4155 cie
762 4102 957 4167 orthopraphia
984 4103 1138 4167 frapmenta
1166 4110 1189 4153 11
1217 4104 1329 4167 Apuleii

201 4199 316 4248 1111111111
339 4196 371 4245 de
394 4201 456 4244 nota
482 4194 660 4258 aspirationis
684 4200 707 4242 11
737 4193 768 4243 de
798 4191 969 4256 diphthongis
994 4190 1059 4240 libri
1081 4191 1140 4242 dria.
1185 4192 1279 4241 Edidit
1302 4199 1326 4242 11

198 4283 478 4335 animadversionibus
506 4283 583 4332 1111111
613 4281 772 4332 Fridcricaa
804 4279 908 4343 Osann,
939 4280 1012 4343 pras.
1044 4281 1114 4330 diss.
1152 4280 1327 4329 Darmatadii

202 4377 277 4423 18211.
302 4369 326 4422 11.
351 4370 413 4422 mai.
456 4369 543 4421 Huius
567 4368 705 4431 editionis,
734 4368 761 4419 in
786 4383 841 4434 qua
865 4367 958 4418 insunt
982 4365 1093 4432 integrm
1117 4365 1178 4418 hlaii
1203 4365 1326 4418 animad-

198 4461 346 4517 versiones,
365 4458 469 4527 paginae
488 4475 504 4510 a
525 4474 568 4510 me
587 4457 714 4510 citantur.

150 4549 177 4613 ⁴)
196 4549 275 4600 Praei.
296 4565 320 4615 p.
341 4547 424 4600 XXXI
443 4563 502 4614 sqq.
522 4551 578 4599 not.
599 4564 624 4615 p.
642 4546 685 4599 36.

1080 4630 1110 4680 10
