2956 5190
694 268 759 332 224

128 460 285 537 deductis,
320 461 379 526 sed
407 463 462 539 ita,
498 466 535 526 ut
563 463 727 528 veteribus
761 461 873 528 incolis
907 458 1118 526 manentibus
1152 457 1207 522 ius
1239 456 1318 523 dard

128 567 220 644 Latii,
245 572 282 632 ut
304 568 350 632 ait
373 569 533 634 Asconius
557 569 662 651 (initio
685 574 860 635 comment.
884 567 928 658 ad
950 567 1016 632 Cic.
1034 568 1119 631 orat.
1143 565 1181 630 in
1197 561 1319 643 Pisoni,

128 681 163 736 ut
179 681 306 757 possent
328 674 443 739 tatere
471 678 532 758 ius,
567 676 650 761 quod
677 683 786 740 ceteros
814 674 942 738 Latinos
969 673 1110 753 coloaioe,
1146 669 1184 734 id
1211 677 1264 751 cst,
1293 676 1321 733 rt

127 779 263 863 gerendo
287 783 493 866 mapistrotus
515 783 672 846 civitatem
699 782 880 846 Romanam
903 780 1168 864 admiscerentur.
1177 772 1205 859 ¹)
1247 776 1322 843 Fun·

129 886 205 950 dem
227 886 293 951 rim
317 888 395 952 iuris
419 888 512 966 Latii,
542 909 602 971 pro
634 910 699 972 quo
723 890 823 955 etiam
845 887 1033 972 simpliciter
1057 884 1194 949 Latium
1218 883 1324 948 dicitm

129 998 163 1059 et
193 990 405 1076 sarasan),
440 995 610 1078 Appianas
642 994 871 1079 (Civ.11,26)
904 997 937 1059 et
965 993 1085 1058 strabo
1117 990 1175 1073 (lv
1198 1011 1233 1073 p,
1249 986 1325 1070 rer)
1372 972 1374 989 '

131 1105 398 1179 commemorant,
422 1088 561 1184 quorum
585 1105 698 1167 temen
721 1103 803 1168 alter
826 1102 859 1166 id
882 1101 984 1177 addit,
1013 1097 1103 1182 quod
1127 1102 1231 1180 ceput
1252 1099 1326 1173 erat,

130 1206 267 1271 liberam
292 1208 429 1273 civitatis
453 1209 550 1273 sociae
573 1203 760 1290 formam.⁸)
806 1209 878 1273 Hoc
905 1208 955 1272 ius
978 1205 1097 1271 deinde
1122 1205 1269 1287 primum
1288 1201 1328 1267 ad

131 1314 195 1379 alia
225 1314 346 1397 oppida
377 1315 410 1378 in
443 1315 559 1380 eodem
590 1315 721 1398 regione
745 1316 876 1381 condita
906 1315 1094 1380 traductum
1127 1317 1189 1391 est,
1226 1318 1263 1377 ut
1289 1309 1329 1375 ad

131 1421 259 1486 Novum
283 1421 432 1498 Comum,
467 1421 555 1503 quod
585 1423 757 1504 Appianas
789 1423 843 1487 illo
873 1422 944 1488 loco
972 1422 1131 1499 nominat,
1167 1439 1249 1485 mox
1270 1417 1329 1482 tute

78 1543 117 1585 m
130 1547 190 1609 per
212 1528 397 1610 provincias
420 1548 571 1610 sparsum
596 1528 639 1593 ab
663 1528 925 1611 imperatoribus,
949 1528 990 1593 de
1013 1548 1078 1610 quo
1096 1527 1255 1593 hocloco
1270 1543 1330 1590 nou

131 1634 269 1716 agimus,
281 1630 307 1716 ⁴)
353 1635 495 1700 Coloniae
521 1635 614 1699 valde
637 1635 813 1718 improprie
836 1636 1022 1701 huiusmodi
1045 1634 1169 1717 oppida
1186 1630 1331 1715 appella·

132 1741 263 1806 bantur.
309 1741 376 1805 Nec
412 1743 466 1824 qui
501 1741 604 1806 ulium
639 1743 708 1806 eius
742 1743 870 1824 generis
904 1742 1060 1825 oppidum
1095 1743 1209 1823 ipsum
1244 1740 1331 1803 extra

132 1846 258 1912 italiam
284 1848 442 1913 coloniam
466 1848 648 1930 appellarit,
673 1851 816 1930 reperio;
840 1850 873 1913 in
891 1847 1139 1930 Transpadanis
1162 1845 1237 1923 iilis,
1261 1862 1331 1926 que

132 1934 209 2027 mox
244 1954 381 2020 Caesaris
416 1955 573 2019 beneficio
605 1955 769 2020 civitatem
798 1960 1007 2038 acceperunt,
1042 1953 1180 2019 coionioe
1214 1969 1343 2018 nomen.

133 2061 263 2144 ponitur
286 2082 306 2126 a
329 2062 484 2127 Suetonio
508 2060 603 2144 (Coss
623 2061 657 2142 8)
681 2060 729 2143 [et
751 2064 817 2127 iam
841 2082 861 2126 a
885 2062 1016 2127 Caesare
1041 2060 1078 2124 B.
1097 2060 1132 2126 C.
1158 2059 1211 2137 III,
1238 2059 1279 2125 87
1301 2057 1332 2122 in

133 2170 280 2234 oratione
308 2167 468 2249 Labieni}
514 2168 680 2233 Praeterea
707 2170 940 2250 imperatorum
969 2168 1175 2249 temporibus
1204 2165 1332 2231 notiss'-

133 2294 224 2339 mum
248 2279 298 2339 est
320 2293 423 2356 genus
446 2274 669 2339 libertinorum
694 2275 824 2340 civitate
842 2277 1032 2351 carentium,
1057 2292 1200 2356 quorum
1217 2274 1332 2349 status,

133 2385 224 2445 ortus
247 2380 317 2462 lege
340 2380 422 2444 AElia
445 2380 556 2445 Sentia
573 2380 711 2463 Augusti
736 2389 843 2459 aetate,
868 2386 983 2465 postea
1006 2379 1256 2464 significabatur
1277 2397 1333 2442 no-

134 2487 221 2552 mine
245 2485 434 2550 Latinorum
452 2486 675 2566 Iunianorum,
700 2488 803 2553 altero
825 2489 957 2553 nomine
980 2491 1085 2552 tracto
1109 2506 1130 2552 a
1153 2486 1225 2569 lege
1243 2485 1333 2550 iunia

133 2594 298 2670 Norbana,
334 2594 472 2675 Augusti
503 2598 561 2659 aut
590 2594 711 2658 Tiberii
735 2595 919 2677 principatu
946 2595 1023 2671 lata,
1059 2612 1125 2676 que
1148 2592 1333 2657 accuratius

134 2720 246 2766 eorum
272 2700 416 2765 condicio
444 2701 594 2766 ordinata
623 2705 701 2765 erat.
749 2702 772 2765 li
806 2702 1036 2767 commercium
1069 2701 1138 2764 iure
1169 2697 1334 2777 Quritium

133 2807 311 2884 habebant,
337 2809 497 2872 connubio
522 2809 688 2883 carebant,
712 2810 896 2889 saepiusque
920 2806 1198 2873 aiurisconsuitis
1216 2803 1335 2870 veteri·

161 3087 184 3155 ¹)
202 3091 255 3145 Ubi
272 3095 387 3159 gerendo
405 3095 584 3159 magistratus
602 3091 688 3160 posui,
708 3091 736 3143 in
755 3091 844 3159 prima
862 3091 981 3146 editione
1000 3097 1041 3146 est
1056 3091 1169 3159 petendi
1186 3091 1335 3156 magistra·

204 3188 256 3244 tus,
276 3181 304 3234 in
323 3181 383 3234 edd.
403 3181 573 3250 interpolatis
586 3182 697 3248 petendi
714 3183 893 3247 maturatus
911 3184 1012 3248 pratia.
1049 3180 1106 3233 Res
1125 3181 1201 3231 certa
1220 3182 1262 3231 est
1281 3177 1334 3245 Ap

204 3268 278 3337 pioni
297 3276 324 3323 et
343 3269 484 3323 Strabonis
503 3269 674 3333 testimoniis,
694 3269 793 3338 quibus
812 3269 916 3323 accedit
935 3268 1082 3332 Ciceronis,
1101 3266 1136 3320 ud
1150 3266 1234 3320 Attio.
1246 3265 1278 3329 V,
1299 3263 1331 3317 11

205 3357 239 3410 de
256 3357 453 3412 Novocomensi
472 3357 553 3426 virgis
571 3374 641 3412 creso
666 3357 704 3411 sic
727 3357 883 3411 scribentis:
912 3359 974 3411 Etsi
996 3359 1039 3410 itte
1063 3358 1257 3424 mopistratum
1280 3371 1335 3408 non

203 3455 324 3514 gesserat
342 3447 383 3513 (ut
402 3447 467 3502 civis
487 3445 576 3514 esset),
596 3455 655 3500 erat
668 3455 757 3499 tomen
774 3448 991 3514 Transpadanus
1009 3444 1073 3513 (hoc
1091 3450 1140 3508 est,
1160 3444 1285 3507 Latinus,
1304 3448 1334 3498 ut

204 3536 240 3588 ab
263 3536 321 3590 eius
344 3542 420 3605 tergo
444 3536 526 3604 rirgae
549 3541 663 3590 remotae
687 3550 746 3589 esse
769 3534 901 3588 deberent
924 3535 983 3604 lege
1002 3534 1090 3595 Livia;
1118 3533 1173 3587 rid.
1193 3532 1334 3588 Plutercb

204 3625 232 3679 C.
252 3624 365 3680 Gracch.
385 3625 420 3691 9).

162 3710 183 3779 ²)
202 3715 315 3768 Latium
332 3715 406 3783 opud
425 3714 559 3775 Taciturn,
578 3714 699 3769 Plinium
717 3713 848 3768 Maiorem
867 3719 894 3768 et
913 3713 1046 3767 Minorem
1064 3711 1209 3780 (Panegyr.
1228 3710 1283 3776 37),
1304 3714 1336 3766 ut

205 3803 318 3858 minime
337 3803 420 3858 Gaius
438 3803 543 3872 primus
561 3805 640 3858 nobis
664 3804 700 3858 sit
718 3804 831 3858 Latinus
855 3803 937 3857 huius
960 3818 1026 3857 usus
1049 3806 1156 3865 auctor,
1184 3802 1335 3865 Latinitas,

205 3893 278 3962 quod
297 3893 332 3947 de
350 3892 540 3947 libertinorum
559 3893 738 3948 lunienorum
757 3891 917 3947 condicione
929 3891 1100 3960 frequentius
1113 3889 1221 3954 dicitur,
1240 3889 1275 3943 de
1287 3887 1336 3942 illo

205 3981 264 4036 iure
282 3981 437 4036 civitatibus
456 3997 585 4036 concesso
604 3982 716 4052 ponitur
734 3983 807 4052 apud
833 3980 990 4035 Ciceronem
1015 3985 1043 4034 et
1065 3978 1237 4033 Suetonium.
1275 3977 1336 4031 viu

205 4071 256 4125 lex.
276 4069 414 4124 Schelleri.

162 4153 184 4224 ¹)
202 4154 252 4208 Διά
272 4157 305 4209 δὲ
324 4161 401 4210 τοῦτο
421 4153 483 4209 οὐδ’
501 4157 544 4208 so
562 4159 617 4215 wic
635 4155 777 4227 πράγμασι
799 4161 854 4207 τῶν
873 4156 902 4207 ἐκ
922 4159 968 4219 τῆς
985 4151 1089 4225 Ῥώμης
1108 4157 1263 4222 στρατηγῶν
1281 4153 1338 4204 ἐπι

205 4244 234 4298 τὸ
254 4247 337 4305 ἔθνος
355 4248 440 4297 τοῦτο.
478 4247 518 4302 De
537 4247 675 4302 Nemauso
694 4247 722 4301 in
742 4246 829 4301 Gellia
847 4246 977 4315 loquitur.

162 4332 185 4399 ⁴)
204 4335 257 4390 Cir.
277 4336 397 4407 Savignii
415 4341 576 4392 commenti.
596 4351 681 4404 supro
698 4335 754 4389 iem
773 4335 862 4389 citatoe
891 4336 972 4389 Ucber
990 4336 1161 4401 Estotehunp
1179 4334 1237 4386 und
1253 4333 1338 4387 Fort-

205 4425 268 4478 bad.
287 4427 337 4479 der
355 4427 491 4480 Lassata
509 4430 537 4479 et
560 4425 644 4479 Ueber
663 4426 714 4478 das
733 4426 782 4477 Ius
800 4425 934 4478 Italicum.
