2956 5190
700 232 765 298 583

128 428 244 514 ligitur
272 432 461 512 comparato
489 428 586 494 simili
613 427 782 511 particulae
809 425 900 491 modo
929 445 991 491 usu
1018 425 1053 490 in
1075 425 1193 509 Hecyr.
1217 424 1269 503 Ill,
1298 424 1329 503 5,

128 536 172 603 8:
209 535 338 600 advenis
360 535 474 600 modo?
499 544 532 600 et
560 534 594 599 in
620 534 760 617 Adelph.
784 533 835 610 111,
863 534 891 612 1,
916 533 951 598 2:
986 531 1077 597 modo
1104 532 1226 596 dolores
1254 531 1331 595 occi·

121 642 227 727 pium
247 643 440 726 primulum,
477 662 517 707 ex
546 641 664 725 quibus
695 640 774 706 locis
804 640 881 705 olim
912 639 1107 716 efficiebant,
1141 637 1231 702 modo
1258 657 1330 703 esse

129 768 229 813 nunc.
280 746 365 830 (Vid.
389 749 544 831 disputat.
575 767 649 813 mea
678 747 719 811 de
748 746 889 811 Asconio
919 768 951 829 p.
978 746 1040 811 136
1063 748 1130 810 not.
1153 743 1200 826 4.)
1245 743 1330 810 Con·

130 854 301 921 cedendas
325 859 375 920 est
396 854 494 937 igitur
520 855 625 937 poetis
655 855 786 919 liberior
813 854 866 918 hic
896 857 929 918 et
957 852 1112 917 audacior
1139 870 1217 916 usus
1245 870 1330 934 prae-

129 963 237 1028 sentis
270 961 430 1039 historici,
471 980 568 1044 quem
603 961 688 1026 intra
729 960 810 1025 fines
845 959 944 1042 paulo
978 960 1114 1024 artiores
1148 976 1190 1023 ne
1224 977 1331 1040 prosae

130 1068 268 1151 quidem
292 1067 447 1133 orationis
470 1067 681 1150 scriptoribus
710 1065 875 1148 eripimus,
910 1065 1155 1148 fatendumque,
1191 1063 1329 1129 eandem

129 1174 296 1240 rationem
318 1174 441 1238 habere
463 1173 573 1256 fiemus
595 1173 685 1257 apud
712 1173 918 1255 Propertium
940 1173 978 1251 ll,
1008 1172 1038 1249 7,
1067 1173 1103 1249 2;
1137 1170 1329 1254 expellenda

130 1300 214 1346 vero
245 1283 391 1346 monstra
422 1279 486 1359 illa,
522 1300 595 1363 quae
625 1280 805 1363 finguntur,
841 1279 1058 1362 perfectorum
1086 1279 1198 1343 irritat
1227 1277 1330 1361 (apud

131 1387 322 1453 Lucretium
345 1387 368 1464 l,
393 1386 411 1450 l
417 1385 460 1467 1),
484 1386 657 1467 conturbat,
682 1389 743 1451 cet.
752 1381 778 1468 ¹)

160 1674 224 1748 III.
287 1674 329 1745 In
367 1673 609 1747 condicionali
646 1671 831 1746 sententia
866 1692 1012 1764 semper
1046 1671 1177 1745 dicitur
1213 1672 1303 1743 Fac·
1343 1687 1383 1727 ²27

194 1825 303 1887 tumr
328 1814 403 1910 fui
434 1812 575 1911 (cram),
612 1815 650 1886 si
681 1814 838 1904 scissem,
876 1833 1069 1905 nunquam
1095 1814 1277 1908 facturus

623 1945 831 2051 fuctsem.²)

224 2130 295 2195 Hoc
318 2131 363 2194 ita
392 2150 479 2207 esse,
515 2129 630 2213 scripsi
658 2129 723 2193 iam
752 2130 786 2193 in
813 2127 977 2211 opusculis
1005 2128 1167 2211 prioribus
1195 2150 1227 2212 p.
1255 2129 1328 2208 199,

132 2256 334 2328 causamque
369 2236 494 2314 addidi,
530 2237 618 2320 quod
652 2234 882 2300 condicionalis
916 2234 1107 2317 significatio
1140 2236 1262 2301 inesset
1295 2238 1329 2301 in

132 2343 206 2425 ipso
240 2343 410 2425 participio
443 2346 602 2424 tanquam
636 2343 772 2408 actionis
806 2342 875 2407 fieri
915 2344 1050 2424 paratae.
1107 2341 1173 2406 Sed
1206 2345 1327 2420 tamen,

132 2448 288 2532 quoniam
324 2452 357 2513 et
391 2449 486 2531 vulgo
520 2449 614 2515 aliter
647 2450 786 2514 traditur
821 2453 853 2515 et
886 2448 937 2513 vel
966 2466 1032 2526 eos,
1067 2449 1122 2530 qui
1150 2448 1266 2513 Mureti
1296 2453 1328 2513 et

131 2555 321 2620 Ruhnkenii
349 2556 476 2638 scriptis
504 2559 599 2620 notas
629 2557 764 2634 addunt,
799 2556 903 2632 video,
939 2555 966 2619 si
995 2554 1082 2637 quod
1110 2575 1146 2620 se
1173 2555 1212 2621 iis
1241 2575 1327 2621 verae

133 2661 248 2726 formae
272 2662 457 2744 exemplum
480 2661 643 2740 obtulerit,
668 2663 863 2740 adscribere,
896 2681 970 2725 eam
997 2681 1056 2744 pro
1080 2661 1192 2741 altera,
1227 2682 1326 2744 quam

134 2787 195 2850 ego
217 2768 354 2832 inveniri
377 2768 466 2850 apud
488 2770 592 2833 bonos
616 2768 789 2851 scriptores
805 2788 898 2850 nego,
921 2767 1062 2851 positam
1079 2787 1160 2846 esse,
1185 2769 1328 2834 conabor

131 2893 203 2939 rem
227 2874 421 2940 dubitationi
445 2875 596 2940 eximere.
643 2875 715 2939 Dixi
738 2877 793 2953 ibi,
829 2875 970 2940 maxime
997 2874 1073 2940 inde
1096 2875 1157 2939 hoc
1180 2895 1326 2958 praecep·

131 2985 204 3046 tum
228 2981 422 3057 confirmari,
446 2981 534 3063 quod
557 2982 590 3045 in
614 2981 825 3046 condicionali
848 2980 1010 3046 sententia
1033 2981 1188 3063 pendenti
1206 2981 1326 3064 fuerim

130 3082 280 3165 facturus
302 3089 490 3151 constanter
513 3087 682 3164 diceretur,
708 3107 774 3152 non
792 3087 941 3170 facturus
955 3086 1097 3169 fuissem.
1132 3087 1326 3171 Ubicunque

133 3190 218 3254 enim
243 3192 404 3256 sententia
435 3193 663 3259 condicionalis
695 3192 903 3276 (condicionis
934 3213 1000 3258 non
1030 3191 1139 3275 factae)
1170 3197 1325 3277 temporis

133 3298 289 3378 praeteriti
313 3298 410 3363 simul
433 3299 531 3364 aliam
554 3300 656 3364 habet
679 3299 872 3365 coniunctivi
895 3301 1038 3382 ponendi
1061 3319 1206 3379 causam,
1237 3302 1325 3383 quod

132 3407 192 3467 aut
231 3404 459 3500 interrogative
499 3407 620 3489 pendet
659 3413 716 3471 aut
756 3407 962 3471 consecutiva
1002 3410 1052 3471 est
1091 3411 1148 3471 aut
1187 3409 1324 3474 causalis

160 3684 184 3752 ¹)
202 3687 448 3742 Grammaticorum
468 3692 592 3743 veterum
612 3689 639 3743 in
663 3689 714 3742 hac
731 3706 769 3751 re,
798 3689 845 3743 ubi
868 3689 999 3758 queritur
1022 3691 1056 3743 dc
1080 3690 1169 3744 torma
1190 3692 1324 3745 sermonis

203 3776 283 3845 longe
302 3776 471 3845 antiquioris,
499 3793 560 3845 quae
583 3794 616 3832 ex
640 3778 774 3847 scriptura
792 3777 905 3847 intelligi
924 3794 979 3832 uon
998 3783 1113 3847 poterat,
1141 3779 1217 3834 nulla
1234 3786 1324 3849 potest

202 3881 262 3918 esse
289 3865 445 3919 auctoritas.
495 3865 600 3920 Nomen
628 3867 723 3921 tonnae
750 3868 853 3921 dabant
880 3882 913 3921 ex
941 3866 1045 3936 vulgari
1073 3868 1195 3937 syntaxis
1221 3870 1322 3938 regula.

203 3951 303 4019 [Minus
321 3959 394 4008 recte
413 3959 440 4007 et
459 3960 537 4008 caute
557 3954 706 4024 disputavit
724 3955 917 4010 Lachmannus
941 3957 976 4009 ad
994 3956 1073 4010 Lucr.
1092 3957 1123 4022 V,
1146 3956 1199 4010 396
1217 3974 1243 4026 p.
1263 3955 1322 4023 290,

203 4058 253 4095 nec
271 4042 373 4096 Neuius
392 4043 450 4097 lat.
470 4043 662 4098 Formenlehre
682 4044 705 4097 ΙΙ
724 4061 750 4112 p.
769 4043 821 4097 534
847 4044 957 4098 inanem
976 4060 1103 4113 syncopae
1120 4044 1239 4114 speciem
1259 4046 1323 4100 abii·

201 4147 262 4185 cere
286 4147 369 4186 ausus
392 4135 441 4185 est.
478 4133 548 4186 Vera
574 4148 695 4201 syncopa
721 4149 787 4187 usus
814 4138 856 4187 cst
882 4133 985 4188 Ennius
1013 4134 1041 4187 in
1067 4151 1171 4188 nomae.
1209 4136 1323 4190 Sucmue

201 4219 343 4289 antiquam
362 4221 445 4275 habet
463 4222 605 4289 praesentis
624 4221 741 4275 tonnam
760 4227 807 4275 aut
825 4222 923 4276 saltem
942 4238 991 4290 pro
1010 4221 1137 4291 presenti
1155 4221 1268 4289 fictam]

156 4303 181 4372 ²)
199 4308 257 4361 Hoc
276 4313 324 4372 est,
349 4311 423 4378 quod
440 4327 524 4379 supra
542 4309 597 4364 dixi
616 4326 689 4364 nunc
708 4326 725 4364 a
743 4310 870 4380 Zumptio
888 4308 905 4377 ὅ
923 4308 976 4362 498
994 4311 1144 4364 maximam
1162 4315 1269 4379 partem
1287 4312 1322 4365 ad

202 4412 292 4450 meam
310 4403 431 4452 mentem
450 4403 603 4454 correctum
622 4414 688 4453 esse.
718 4399 771 4454 Sed
788 4405 881 4454 tamen
894 4399 1129 4454 confirmationem
1141 4399 1323 4455 omittendam

200 4500 255 4538 nou
274 4486 376 4554 putari.
