2948 5206
705 323 769 389 719

136 523 258 586 fnrstra
280 523 444 585 tentatum
469 524 518 584 est
542 523 575 584 et
597 520 787 602 paulopost
810 516 854 600 (a.
869 514 927 597 47)
951 515 1107 580 iactatum
1131 505 1339 575 aDolabella

136 627 244 711 (Dion.
261 627 351 694 Cass.
367 627 462 704 XLII,
486 625 553 707 32),
577 625 611 689 id
633 628 749 707 postea
770 626 877 707 ipsum
900 623 1063 688 Caesarem
1087 615 1217 698 (eodem
1233 633 1264 680 a.
1279 608 1338 694 47)

134 734 322 819 perfecisse,
354 733 414 800 Dio
445 732 577 798 Cassius
608 733 708 797 tradit
737 732 832 808 XLII,
864 730 921 796 51:
957 725 1340 796 servaturservatur&

134 853 311 907 πεντακοσίας
329 842 455 918 δραχμᾰς
473 840 515 910 ἦν,
539 844 665 898 ἐνιαυτοῦ
683 842 742 904 ἑνός
763 841 850 914 ἀφείς.
895 837 948 902 Ad
980 856 1174 920 magnarum
1206 834 1339 900 hahita·

133 951 262 1015 tionum
287 948 501 1013 conductores
532 947 735 1029 largitionem
763 965 830 1011 non
857 945 1063 1027 pertinuisse,
1092 963 1222 1008 summa
1252 961 1339 1025 prae·

133 1055 229 1120 finita
252 1053 404 1120 ostendit.

399 1359 443 1431 F.
500 1357 665 1449 Epistola
693 1358 741 1430 ad
769 1357 808 1431 C.
837 1356 1038 1431 Halmium.
1050 1349 1075 1451 ¹)

392 1513 436 1578 lo.
468 1513 537 1577 Nic.
568 1512 749 1595 Madvigius
780 1512 854 1577 Car.
886 1511 1017 1578 Halmio
1049 1512 1081 1576 S.

227 1674 367 1739 Litteras
393 1678 468 1740 tuas
496 1673 662 1757 proximas
691 1673 743 1737 die
766 1673 839 1737 XVl
867 1674 988 1737 mensis
1012 1672 1093 1736 lunii
1117 1674 1238 1756 accepi.
1285 1671 1339 1736 ln-

134 1783 249 1848 stabat
276 1785 347 1845 tum
375 1781 446 1857 iter,
482 1780 570 1862 quod
592 1779 673 1844 mihi
696 1779 870 1862 quotamris
901 1779 1021 1844 circum
1044 1778 1216 1863 gymnasia
1246 1776 1339 1860 regni

133 1887 241 1954 nostri
268 1887 454 1952 faciendum
478 1890 528 1951 cst
561 1905 674 1950 mense
702 1885 793 1951 lunio
822 1889 968 1950 extremo
996 1888 1030 1950 et
1054 1885 1144 1950 lulio.
1191 1885 1238 1950 Eo
1261 1904 1338 1967 per-

135 1998 227 2073 acto,
262 1993 399 2077 negotiis
428 1993 532 2057 fessus
561 1996 689 2075 partem
719 1992 874 2057 feriarum
903 1993 1106 2070 aestivarum,
1146 2012 1220 2076 quae
1248 1990 1339 2074 apud

133 2121 198 2166 nos
221 2101 255 2164 in
277 2100 394 2164 lulium
417 2103 451 2164 et
472 2100 658 2182 Augustum
681 2098 837 2176 incidunt,
861 2098 1063 2164 rusticationi
1081 2099 1157 2164 dedi
1173 2105 1206 2164 et
1221 2099 1338 2165 studiis

135 2228 157 2274 a
180 2207 356 2290 philologia
378 2206 522 2272 remotis.
568 2205 649 2270 Urbi
672 2205 791 2270 deiude
813 2205 978 2270 redditum
1000 2225 1066 2270 non
1089 2207 1194 2271 solum
1217 2207 1338 2272 scholae

135 2314 335 2380 academicae
359 2316 566 2394 exceperunt,
598 2313 657 2377 sed
680 2313 811 2378 comitia
834 2312 924 2394 regni
946 2313 1059 2388 nostri,
1095 2313 1213 2394 quibus
1236 2315 1338 2378 inter·

135 2442 222 2488 sum.
268 2421 318 2485 Ita
345 2427 422 2484 ante
450 2420 546 2484 huius
569 2418 690 2483 mensis
713 2418 841 2483 initium
863 2419 988 2483 nullum
1013 2419 1074 2484 tuit
1096 2424 1236 2503 tempus,
1272 2440 1339 2503 quo

136 2529 181 2594 ad
212 2527 375 2593 Ciceronis
406 2526 506 2590 libros
536 2526 682 2592 animum
711 2529 900 2592 convertere
928 2526 1039 2591 liceret
1067 2546 1142 2591 cum
1165 2528 1338 2593 intentiore

136 2635 249 2717 aliqua
279 2654 358 2699 cura
390 2636 423 2697 et
454 2633 658 2714 cogitatione.
703 2633 864 2698 Videbam
896 2639 1016 2712 autem,
1052 2636 1080 2699 si
1108 2633 1187 2717 quid
1214 2635 1248 2698 in
1275 2633 1338 2698 illis

136 2741 323 2807 orationum
340 2739 595 2820 Philippicarum
618 2744 838 2805 extremarum
862 2741 950 2819 locis,
975 2760 1114 2823 quorum
1137 2745 1174 2806 tu
1196 2741 1338 2806 indicem

136 2848 253 2913 litteris
287 2846 351 2912 tuis
382 2845 588 2924 admoneres,
622 2850 750 2912 tentare
785 2848 911 2925 vellem,
947 2849 1063 2913 saltem
1098 2849 1337 2932 percurrendas

137 2957 225 3019 totas
248 2953 320 3017 illas
343 2953 507 3017 orationes
531 2972 612 3030 esse,
636 2954 670 3017 in
693 2954 811 3035 quibus
832 2955 934 3020 codex
951 2956 1129 3021 Vaticanus
1152 2976 1211 3023 nos
1236 2956 1336 3021 desti-

137 3060 210 3125 tuit.
256 3059 293 3123 Id
316 3059 378 3123 leci
400 3060 514 3142 primis
537 3058 634 3123 huius
660 3060 781 3124 mensis
805 3060 930 3138 diebus,
960 3062 1137 3145 statimque
1161 3063 1336 3129 confirma·

137 3171 209 3231 tum
233 3165 309 3242 vidi,
334 3166 431 3247 quod,
456 3185 557 3248 quum
580 3165 722 3247 primum
745 3166 835 3231 illum
860 3167 1005 3233 locorum
1024 3168 1165 3234 indicem
1180 3169 1337 3252 percurri,

136 3290 386 3355 praesenseram,
410 3291 576 3354 perpauca
595 3271 674 3351 lore,
698 3292 772 3355 quae
790 3274 834 3338 ad
851 3293 964 3340 eorum
981 3274 1245 3341 emendationem
1262 3279 1339 3358 post

105 3396 108 3401 ·
136 3383 231 3444 tuam
263 3398 376 3443 curam
409 3378 554 3443 conterre
585 3398 726 3461 possem.
772 3379 857 3444 Nam
888 3384 921 3445 et
950 3382 1072 3446 misera
1103 3381 1232 3446 illarum
1263 3401 1336 3447 ora-

137 3487 264 3551 tionum
287 3484 433 3550 condicio
456 3489 515 3562 est,
551 3484 584 3548 in
613 3486 731 3568 quibus
754 3486 881 3552 codices
905 3491 937 3552 et
959 3488 1155 3570 negligentia
1179 3492 1212 3552 et
1235 3488 1336 3553 inter·

137 3592 304 3674 polatione
339 3591 434 3655 valde
469 3597 638 3674 conuptos
672 3594 849 3672 habemus,
890 3598 926 3659 ut
961 3595 1162 3671 coniectura,
1203 3595 1237 3660 in
1272 3615 1337 3677 quo

138 3702 264 3764 certum
299 3697 469 3778 vestigium
504 3705 615 3780 ponat,
650 3719 717 3765 non
750 3701 902 3782 reperiat,
938 3705 971 3766 et
1003 3702 1082 3784 ipsis
1117 3702 1209 3768 novis
1244 3703 1337 3767 testi·

138 3804 265 3881 moniis,
300 3824 374 3887 quae
405 3808 441 3869 tu
474 3824 492 3868 e
522 3804 585 3869 tuis
615 3806 780 3872 codicibus
811 3812 978 3891 protracta
1001 3828 1131 3874 mecum
1154 3810 1336 3874 communi·

138 3911 230 3989 casti,
264 3912 372 3976 minus
402 3911 505 3977 libero
534 3914 567 3975 et
595 3917 683 3977 certo
711 3914 828 3979 iudicio
859 3919 942 3993 utor,
978 3916 1066 3999 quod
1088 3919 1193 3982 totam
1216 3918 1335 3982 horum

138 4017 288 4082 codicum
310 4018 471 4083 rationem
498 4038 565 4083 non
592 4020 648 4095 ita,
677 4023 714 4083 ut
741 4024 787 4098 tu,
814 4026 975 4104 perpetua
1002 4024 1231 4088 observatione
1260 4043 1336 4106 per·

165 4225 187 4297 ¹)
207 4227 259 4296 [Ex
286 4246 421 4284 novorum
448 4231 590 4285 annalium
618 4231 771 4300 philologiae
798 4234 851 4287 vol.
872 4233 904 4286 73
928 4253 954 4303 p.
974 4233 1025 4287 117
1043 4253 1103 4304 sqq.
1122 4236 1251 4305 Epistola,
1280 4253 1336 4306 qua

209 4318 352 4372 occasione
371 4319 472 4387 scripta
490 4319 532 4384 sit,
556 4319 616 4388 ipsa
639 4321 751 4385 indicat;
780 4338 813 4376 ea
831 4339 916 4391 quum
935 4324 1061 4378 absoluto
1079 4325 1135 4379 iam
1154 4325 1241 4379 altero
1260 4327 1335 4380 volu-

210 4406 285 4461 mine
304 4406 429 4461 editionis
447 4407 602 4462 Turicensis
620 4410 776 4463 orationum
793 4410 982 4465 Tullianarum
1007 4412 1172 4467 Monachum
1196 4414 1336 4482 pervenis-

210 4502 266 4561 set,
293 4497 352 4550 sine
379 4497 436 4551 ulla
463 4497 615 4551 mutatione
643 4498 787 4553 annalibus
814 4499 867 4553 illis
894 4500 997 4555 inserta
1023 4507 1064 4557 est
1091 4502 1221 4557 subiectis
1247 4502 1337 4557 tribus

210 4590 374 4655 quattuorve
392 4585 632 4653 annotatiunculis,
652 4603 720 4656 quas
738 4587 802 4641 unci
821 4586 973 4656 claudunt]
1366 4589 1369 4596 '
