2956 5190
679 262 746 328 310

116 459 321 524 constituitur
344 460 505 525 rhetorica
527 459 697 524 notionum
717 458 889 542 dignitate3
913 458 958 524 ad
973 456 1291 540 grammaticarum·

115 568 212 632 tionis
236 567 375 632 formam
399 563 593 629 mutandam
616 565 688 647 ipsa
711 565 846 630 demum
860 566 1034 631 notionum
1050 568 1175 630 natura
1188 568 1221 630 et
1231 566 1293 633 uta

115 693 151 738 se
175 675 257 739 ratio
280 676 409 738 mutata
431 671 497 735 vim
521 670 664 753 aliquam
688 672 799 737 habet.
833 670 963 738 Scilicet
985 673 1120 754 quoties
1138 671 1185 736 od
1197 671 1295 754 [coine

116 780 192 843 ctum
216 779 339 864 aliquid
363 778 509 855 dicimus,
538 797 668 860 semper
690 779 750 855 vis,
785 782 822 843 ut
844 778 1033 860 loquuntur,
1071 781 1125 843 ast
1147 779 1183 843 in
1202 778 1297 855 veto,

115 906 221 968 neque
246 886 331 950 einm
355 885 397 949 de
420 904 455 949 re
478 885 642 967 loquimur
665 886 824 962 absolute,
848 884 907 949 sed
930 884 972 949 de
995 884 1060 951 hoc
1076 885 1163 967 ipso,
1186 883 1227 949 de
1245 884 1298 950 effi·

116 993 232 1058 cienda
260 1011 311 1068 re3
346 992 457 1074 itaque
485 991 572 1056 istud
600 1011 739 1073 prorsus⁸
765 991 879 1057 eodem
907 992 978 1056 iure
1006 990 1089 1073 fingi
1111 990 1147 1056 in
1169 991 1299 1057 omnibu

117 1101 186 1165 eius
220 1098 348 1181 generis
382 1098 561 1181 participiis
595 1100 714 1180 potest.
760 1098 857 1163 Velut
886 1097 975 1180 quod
1002 1096 1245 1163 Ramshoruius
1268 1096 1302 1163 cd

116 1206 184 1270 Liv.
209 1205 274 1281 Vll,
298 1204 320 1268 5
344 1202 401 1285 (od
424 1203 656 1268 conciliandum
677 1201 832 1288 prolium)
861 1198 1014 1270 annotat:
1054 1202 1176 1281 ,Nacta
1196 1204 1300 1269 wacta

118 1311 248 1392 andam,
271 1331 332 1375 zur
356 1310 468 1392 Gunst,
491 1310 543 1375 die
563 1310 721 1375 erworben
743 1310 869 1376 werden
890 1311 987 1393 sollte,
1011 1309 1153 1375 condem
1175 1332 1236 1375 aar
1255 1309 1303 1375 ll*

116 1417 264 1502 wabunp
287 1416 476 1495 deraelbeu,“
503 1417 600 1482 velim
624 1418 716 1494 scire,
742 1417 831 1500 quod
853 1419 964 1485 statim
981 1437 1000 1482 e
1019 1417 1188 1483 contrario
1202 1424 1303 1500 genere

64 1540 104 1583 ⁸⁸⁸
117 1527 223 1609 ponit:
249 1525 339 1589 homo
362 1544 481 1607 mappa
503 1523 596 1587 habet
617 1526 828 1589 instrumenta
850 1524 895 1588 ad
916 1522 1122 1588 obtinendam
1144 1523 1304 1609 adoptata

57 1710 60 1716 ,
117 1632 253 1717 dumque
276 1633 476 1715 sapientiam,
505 1630 652 1695 soleatus
680 1631 888 1714 interpretari
911 1630 1074 1696 contrario
1099 1630 1212 1708 modo,
1239 1649 1305 1695 non:
1353 1696 1355 1719 ,

123 1759 200 1817 ,ectr
223 1738 419 1823 &werduap
441 1737 500 1801 der
529 1736 707 1815 WeisteitJ
735 1738 811 1803 sed:
839 1759 916 1817 ,zar
945 1737 1108 1819 Weisteit,
1132 1737 1186 1801 dic
1209 1758 1313 1811 emor,
1353 1754 1355 1763 ·

119 1846 177 1910 ben
198 1845 324 1909 werden
346 1844 432 1909 soll.“
472 1844 588 1909 Taedet
611 1843 645 1908 in
667 1845 717 1909 his
740 1845 872 1909 morari.
907 1843 972 1909 Sed
996 1863 1037 1908 ex
1059 1844 1186 1909 talibus
1201 1862 1309 1927 magua

119 1973 196 2036 pars
219 1953 304 2018 illius
326 1952 399 2016 libri
424 1954 561 2017 constat.
607 1951 651 2015 Ut
674 1951 773 2033 paulo
796 1955 870 2033 post
893 1971 925 2033 p.
949 1950 1013 2016 648
1038 1951 1072 2016 in
1095 1951 1243 2018 ablativo
1262 1970 1310 2034 ge·

119 2060 226 2125 rundii
250 2057 471 2124 accusativum
495 2061 628 2139 regente
651 2057 767 2122 eodem
791 2060 942 2123 acumine
964 2077 1042 2122 usus
1067 2058 1112 2124 ad
1136 2059 1206 2125 Liv.
1224 2058 1311 2135 XXV,

120 2167 162 2231 38
187 2163 370 2248 (dividendo
393 2160 512 2248 copias)
537 2163 708 2229 adscribit:
742 2163 857 2242 ,Nicht
879 2164 981 2229 duret
1003 2165 1057 2229 dic
1084 2164 1239 2250 Truppca
1259 2164 1312 2247 (di-

118 2273 264 2337 videndia
287 2268 407 2356 copiis),
431 2270 569 2335 condem
591 2270 692 2334 durch
715 2270 776 2336 dua
803 2271 934 2335 Theilen
957 2271 1120 2336 deraclbon
1143 2293 1252 2336 waren
1275 2273 1313 2336 cle

119 2379 347 2465 captatelam!
397 2378 511 2459 ltaque
542 2377 629 2459 quod
661 2377 810 2459 proxima
840 2378 960 2460 pagina
990 2379 1084 2460 ponit
1111 2376 1169 2462 (ex
1192 2378 1258 2445 (ἕο.
1278 2377 1313 2442 de

119 2487 211 2552 Orat.
235 2487 286 2564 lll,
314 2483 383 2567 10):
422 2483 532 2548 Omnis
559 2483 706 2568 loquendi
733 2485 890 2569 depondio
919 2492 1052 2570 cupatur
1080 2485 1225 2570 lapendc'o
1251 2506 1314 2549 orn·

120 2593 239 2657 turilias
274 2600 302 2656 et
331 2593 442 2676 poetic,
477 2592 761 2673 interpretabitur:
802 2591 921 2668 ,durch
955 2592 1007 2656 die
1042 2591 1204 2670 Rcdncr‚‘
1241 2611 1314 2656 non:

125 2699 243 2778 ,durch
278 2699 339 2763 das
374 2698 475 2762 Leaen
508 2697 566 2761 der
600 2696 747 2761 aedner‘*
790 2697 941 2781 (legendo
976 2696 1149 2780 oratores).
1210 2699 1314 2781 Neque

120 2809 230 2872 nescio
258 2807 290 2870 in
318 2807 435 2871 horum
471 2824 532 2868 usu
568 2805 711 2885 aliquam
745 2805 893 2887 regulam
928 2826 1009 2883 esse,
1045 2805 1105 2870 sed
1140 2806 1253 2883 talem,
1285 2809 1316 2869 ut

2 2993 4 2996 Ι
121 2913 238 2978 eadem
262 2912 496 2995 significatione
518 2910 551 2974 in
575 2911 671 2975 certis
694 2911 929 2977 vocabulorum
952 2912 1127 2994 generibus
1152 2916 1188 2977 et
1211 2912 1315 2978 formis

121 3019 467 3099 coniunctionibusque
502 3017 605 3083 altero
643 3017 742 3083 modo
777 3020 885 3100 potius
925 3023 1074 3095 utantur;
1116 3039 1179 3084 nec
1214 3019 1318 3085 Cicero

120 3128 206 3209 falso
227 3124 359 3208 fatendo
382 3144 442 3206 pro
463 3124 585 3205 falsum
612 3125 746 3206 fatendo
774 3145 834 3190 nec
858 3126 967 3190 Livius
995 3125 1098 3189 medio
1126 3148 1158 3190 ac
1188 3125 1318 3211 peranda

122 3253 182 3316 pro
205 3232 343 3296 medium
366 3253 398 3296 ae
423 3230 559 3315 parendo
584 3230 638 3311 (ll,
663 3232 703 3295 27
730 3230 803 3313 [cfr.
827 3232 879 3310 ΙΙΙ,
907 3233 957 3308 19,
981 3232 1099 3311 XXIV,⁸
1119 3230 1194 3315 31])
1219 3233 1318 3298 dicere

121 3343 261 3423 poterat.
308 3338 432 3403 Deinde
463 3339 599 3402 affertur
629 3358 668 3402 ex
692 3342 775 3403 orat.
800 3359 859 3420 pro
882 3339 967 3402 Rab.
991 3339 1080 3402 Post.
1107 3340 1159 3417 16,
1184 3340 1246 3403 44:
1280 3337 1319 3401 ad

123 3446 381 3529 labefactandum
410 3447 497 3510 illius
519 3446 715 3530 dipuitotem.
762 3446 819 3510 Est
853 3445 915 3509 hoc
950 3445 1083 3509 omnino
1117 3466 1317 3528 perversum,

123 3574 225 3637 quum
249 3553 289 3618 de
313 3553 533 3635 grammaticis
557 3554 656 3616 rebus
679 3556 855 3635 quaeratur,
885 3552 933 3628 iis,
963 3571 1037 3633 quae
1060 3570 1139 3617 vera
1164 3553 1321 3636 comperi·

123 3665 221 3726 antur
243 3663 276 3725 in
299 3659 451 3725 omnibus
474 3660 512 3723 iis
536 3659 635 3736 libris,
661 3661 716 3741 qui
732 3659 775 3723 ad
792 3659 918 3724 codices
935 3666 991 3722 aut
1012 3657 1116 3723 bonos
1132 3662 1191 3723 aut
1207 3660 1320 3725 saltem

123 3769 292 3851 diligenter
315 3768 478 3848 inspectos
502 3768 606 3831 exacti
635 3767 709 3841 sint,
745 3766 886 3830 obiicere
914 3785 1016 3829 unum
1045 3765 1188 3848 aliquem
1219 3765 1321 3831 locum

123 3894 235 3939 eorum
260 3874 464 3955 scriptorum,
488 3875 521 3938 in
545 3873 663 3955 quibus
686 3893 728 3937 ne
744 3874 839 3937 unius
861 3873 993 3953 quidem
1010 3871 1128 3937 codicis
1144 3873 1322 3955 scripturas

124 3986 311 4047 constanter
333 3984 464 4046 notatas
485 3981 668 4044 habeamus
678 3976 713 4060 ¹),
738 3999 760 4043 u
791 3979 980 4056 aVerrinis,
1004 3977 1203 4060 Philippicis,
1227 3977 1323 4042 Plan·

124 4090 228 4165 ciana,
253 4087 438 4164 Miloniana,
461 4106 549 4151 nunc
573 4088 672 4151 etiam
696 4091 771 4169 post
787 4087 853 4151 Eri.
879 4086 949 4150 cod.
967 4085 1120 4150 collatum
1137 4082 1323 4157 Maniliana,

124 4198 199 4275 post
222 4195 425 4259 Classenium
449 4193 644 4259 Cluentiana
668 4193 804 4276 aliisque
834 4193 958 4275 aliquot
985 4210 1161 4257 avocemur
1185 4190 1229 4255 ad
1253 4209 1323 4256 ora·

152 4438 174 4495 ¹l
193 4442 233 4496 De
261 4440 461 4496 Oxoniensibus
489 4441 543 4495 vid.
571 4458 634 4511 quae
661 4440 716 4496 dixi
744 4442 773 4496 in
800 4442 905 4512 praelat.
934 4442 969 4495 ad
992 4441 1042 4494 XII
1066 4443 1147 4494 oratt.
1174 4436 1324 4492 editionem

195 4546 220 4598 p.
241 4530 301 4583 114.
848 4559 850 4564 ·
