2948 5206
659 292 724 358 285

140 501 191 548 sane
216 492 314 559 tenue,
349 485 383 548 in
417 505 467 562 eo,
502 486 590 567 quod
625 487 751 552 codices
781 505 895 551 omnes
924 507 984 568 pro
1013 495 1139 551 erardum
1167 488 1292 552 habent

138 598 207 668 aaa,
225 591 281 655 nisi
305 590 394 674 quod
416 591 521 657 Maius
545 592 586 656 de
609 593 765 658 Vaticano
789 594 877 668 silet;
901 613 978 658 nam
1003 593 1117 676 reliqui
1140 594 1291 658 meliores

135 697 168 761 lic
183 696 338 774 deficiunt3
373 702 521 763 senserat
543 699 609 763 iam
632 699 780 778 Ursinus,
809 701 903 764 solita
926 700 1059 765 levitate
1083 700 1201 764 codicis
1225 699 1291 764 licii

101 892 103 897 Ι
134 803 273 868 uaedinm
310 803 480 882 adhibens,
516 809 586 869 tum
620 805 775 884 Muretus,
811 805 1017 871 Garatonius.
1065 806 1199 870 Videtur
1229 807 1291 871 hoc

133 908 177 975 luco
194 911 221 974 in
242 911 394 976 omnibus
418 910 582 976 codicibus
605 912 691 976 idem
717 911 882 990 accidisse,
914 911 1002 994 quod
1028 912 1062 975 in
1085 912 1216 994 reliquis
1239 912 1291 976 bis

132 1014 218 1081 laeum
239 1037 312 1082 esse
336 1037 377 1081 ex
400 1017 556 1082 Vaticano
581 1017 839 1083 demonstratum
864 1023 914 1082 est
936 1037 1038 1100 supra
1056 1016 1102 1100 (p.
1115 1018 1180 1083 329
1197 1017 1290 1099 not),

131 1126 285 1207 atpmpter
306 1124 552 1189 similitudinem
575 1127 750 1190 verborum
779 1126 846 1189 sive
870 1125 966 1189 unius
990 1126 1081 1189 verbi
1105 1125 1289 1190 membrum
1305 1149 1343 1189 ³51

131 1231 248 1295 undonis
270 1231 488 1308 intercideret,
514 1250 614 1312 quum
638 1233 793 1313 scriptum
810 1233 844 1296 in
858 1233 945 1296 hunc
961 1232 1141 1296 similemve
1157 1230 1291 1295 modum

131 1334 222 1401 luisset:
245 1345 283 1418 ct,
306 1339 336 1402 si
359 1357 422 1400 raon
439 1344 537 1420 pactos
560 1345 698 1420 caat-um,
722 1339 859 1422 orupliue
882 1337 1052 1402 cavebitur.
1061 1333 1087 1419 ¹)

187 1443 232 1509 ad
267 1444 368 1509 libros
402 1443 527 1508 medios
561 1462 604 1508 ne
638 1464 770 1527 prorsus
804 1445 883 1509 nihil
924 1444 1109 1521 conferam,
1149 1444 1291 1525 primurn

131 1546 212 1626 licam,
233 1553 267 1614 in
289 1550 363 1615 libr.
389 1550 416 1613 ll
439 1569 466 1614 c.
493 1551 544 1631 15,
574 1550 616 1615 38
640 1552 726 1615 male
749 1552 845 1633 vulgo
874 1553 975 1615 verba
1005 1550 1168 1632 distingui,
1204 1550 1292 1630 quod

131 1652 173 1719 'rae
190 1659 302 1721 mirere
326 1658 360 1721 in
383 1657 454 1721 loco
478 1656 521 1721 ab
544 1658 607 1721 hac
623 1657 755 1739 quidem
770 1662 864 1739 parte
880 1658 1098 1740 apertissimo.
1133 1655 1291 1719 Scribitur

101 1824 105 1835 ,
132 1762 200 1826 um:
229 1762 424 1828 Adversarii
441 1764 615 1847 postulaui,
650 1771 684 1827 ut
715 1765 749 1828 in
778 1785 847 1828 eoru
877 1785 943 1829 rem
976 1764 1094 1827 iudices
1116 1761 1232 1825 deretur
1254 1782 1293 1825 ea

101 1910 103 1953 :
131 1865 343 1951 mardaitae,
375 1891 445 1954 quta
474 1870 508 1933 io
532 1869 566 1932 id
587 1870 696 1952 forum
718 1873 925 1935 corrocnircat.
973 1869 1085 1951 Electi,
1113 1870 1168 1954 qui
1197 1868 1292 1931 Verri

101 1966 105 2023 ’ἱ
132 1972 283 2040 idaeum.
330 1975 521 2041 Extremum
556 1977 617 2040 hoc
652 1978 697 2041 ita
732 1976 858 2056 dicitur,
894 1979 987 2059 quasi
1023 1977 1136 2042 Cicero
1169 1979 1290 2052 narret,

133 2075 225 2158 ictum,
248 2082 339 2163 quod
360 2083 565 2164 postularent
588 2082 721 2165 (electos
744 2082 841 2164 esse).
887 2085 987 2165 Atqui
1011 2090 1081 2147 tum
1104 2081 1201 2146 scribi
1225 2081 1291 2163 pri·

134 2200 191 2250 aum
209 2188 352 2253 debebat
381 2188 578 2254 ridebuntur.
624 2188 747 2254 Deinde
783 2191 930 2272 sequitur
965 2189 1138 2253 Heraclius
1171 2195 1290 2265 contro,

135 2291 215 2359 luiso
234 2294 347 2374 verbo,
375 2299 413 2360 ut
430 2297 572 2379 postium
598 2297 813 2378 repetendum
837 2296 895 2372 sit3
931 2315 1007 2378 ergo
1030 2295 1095 2360 alia
1118 2293 1290 2370 sententia,

137 2392 173 2461 bc
188 2401 308 2481 qddem
334 2401 369 2466 in
393 2405 556 2479 contextu,
580 2403 747 2468 interiecta
768 2423 840 2468 esse
856 2403 945 2467 nulla
964 2407 1081 2484 potest.
1122 2403 1292 2467 Postremo

139 2496 295 2572 burrum
320 2509 487 2590 postulata
510 2510 678 2590 utriusque
707 2510 808 2591 partis
837 2513 1059 2591 exponuntur3
1094 2508 1291 2592 interpositis

143 2604 216 2674 deiide
237 2614 358 2696 aliquot
381 2617 490 2679 verbis
514 2615 555 2680 de
579 2620 688 2680 vetere
704 2621 737 2680 et
753 2618 929 2681 exercitata
945 2616 1054 2680 Verris
1070 2615 1291 2697 improbitate,

144 2711 185 2777 tun
200 2717 319 2784 demum
344 2722 450 2785 exitus
474 2722 520 2785 rei
543 2728 695 2787 narratur
718 2721 784 2803 (16,
810 2721 881 2803 39);
905 2724 1041 2807 quinque
1065 2721 1192 2803 iudices,
1217 2742 1293 2806 quoa

147 2823 284 2889 bammum
315 2828 379 2911 ipsi
410 2827 486 2909 facit,
521 2828 617 2894 dedit.
665 2829 825 2894 Tollenda
862 2834 910 2893 est
945 2831 1041 2911 igitur
1075 2829 1292 2910 interpunctio

149 2927 212 2991 aaut
233 2943 302 2998 ante
334 2929 467 3014 clecti.²)
512 2935 615 2999 Paulo
650 2935 803 3017 insignior
838 2936 1024 3000 emendatio
1059 2935 1208 3000 facienda
1243 2938 1291 2998 est
1306 2954 1345 2994 aa

152 3093 356 3120 χ.-

168 3198 298 3274 ‘ittonam
318 3218 374 3272 lere
394 3218 544 3287 attingendi
563 3219 607 3272 hic
626 3236 720 3273 rursus
744 3220 855 3272 fuerunt
879 3219 949 3271 inter
973 3223 1078 3272 ceteros
1103 3219 1120 3271 ii
1139 3218 1291 3286 primorum

194 3296 295 3359 litorum
313 3305 374 3373 loci,
394 3323 463 3375 quos
482 3307 537 3359 iam
557 3307 584 3360 in
603 3307 764 3361 Asconianis
783 3307 1006 3369 commemoravi,
1026 3308 1173 3371 annotabo,
1192 3307 1292 3375 impro-

194 3384 232 3442 bari
251 3409 265 3445 a
286 3410 330 3448 me
353 3411 428 3449 nunc
452 3395 597 3464 probatam
620 3397 657 3450 ibi
680 3395 817 3464 (Append.
842 3412 868 3464 p.
887 3395 932 3462 36)
956 3397 984 3448 in
1009 3396 1099 3449 Divin.
1120 3396 1144 3464 1,
1172 3394 1189 3446 2
1211 3395 1292 3463 scrip·

194 3476 258 3533 bran
274 3484 331 3537 cod.
349 3484 433 3549 Leid,
453 3500 538 3552 quam
556 3483 653 3552 reliqui
673 3485 745 3548 boni,
774 3489 833 3537 tum
853 3485 920 3537 mibi
939 3484 1033 3552 ignoti,
1062 3485 1237 3552 redarguunt,
1266 3488 1293 3536 et

101 3638 103 3642 Ι
193 3561 233 3620 liv.
249 3570 289 3636 18,
316 3572 351 3625 60
378 3573 445 3636 (rid.
469 3573 523 3626 ibd.
547 3590 573 3641 p.
592 3572 638 3638 37)
671 3573 827 3626 satisfacere
860 3573 928 3626 mihi
956 3572 1075 3641 Zumplii
1104 3572 1291 3627 defensionem

193 3653 261 3712 luam
277 3660 334 3715 loco
352 3663 500 3716 simillimo.
538 3662 639 3716 Contra
657 3661 725 3715 nihil
748 3661 848 3715 certius
872 3662 988 3726 videtur,
1018 3678 1103 3730 quam
1126 3662 1185 3714 Act.
1205 3661 1224 3723 l,
1250 3659 1292 3724 ll,

190 3740 220 3805 41,
241 3750 285 3803 etsi
312 3767 348 3805 ne
375 3751 502 3819 Zumptio
530 3751 641 3819 quidem
669 3750 726 3803 nlla
753 3750 871 3818 suspicio
894 3751 1012 3804 subnata
1039 3756 1088 3815 est,
1116 3749 1291 3803 scribendum

188 3848 232 3888 aaa
250 3843 428 3894 maticeimi
455 3843 581 3903 victorio,
609 3839 682 3907 quod
706 3838 807 3892 librarii
832 3839 859 3892 in
885 3840 930 3903 iis,
959 3857 1020 3908 qnae
1045 3840 1121 3893 iuxta
1143 3843 1292 3907 ponuntur,

185 3938 251 3990 prave
275 3929 471 3998 coniungendis
498 3929 647 3997 saepissime
675 3933 796 3981 errantes
824 3934 981 3992 mutarunt,
1010 3944 1060 3982 nec
1088 3943 1201 3996 possum
1228 3926 1292 3979 abii·

101 4056 104 4065 .
182 4027 239 4075 cere,
255 4018 325 4085 quod
345 4019 379 4072 de
399 4019 445 4071 lib.
465 4018 477 4070 l
496 4035 518 4072 c.
538 4017 581 4080 54,
601 4016 650 4069 141
671 4016 824 4084 suspicatus
843 4017 908 4069 olim
928 4034 990 4071 sum
1010 4016 1055 4081 (de
1074 4018 1172 4070 Ascon.
1192 4033 1218 4084 p.
1239 4015 1292 4067 103

179 4102 243 4167 nott

142 4184 381 4253 ’JGontmrersiam
409 4194 444 4248 de
471 4194 606 4248 iudicibus
629 4195 657 4247 in
682 4194 799 4248 Heraclii
823 4212 906 4248 causa
927 4193 1124 4249 constituendis
1143 4209 1226 4261 quam
1246 4193 1292 4244 ob·

172 4282 353 4337 scnreCioero
372 4282 504 4337 hocloco
527 4282 690 4350 exposuerit,
715 4284 913 4337 demonstravit
936 4284 1089 4352 Zumptius.
1127 4283 1166 4335 De
1190 4281 1293 4334 maiore

168 4371 247 4426 edam
265 4372 433 4426 obscuritate
452 4370 511 4425 eins
530 4371 590 4434 loci,
619 4371 646 4423 in
670 4387 724 4439 quo
748 4372 874 4426 universe
898 4373 932 4426 de
951 4389 980 4426 re
1000 4371 1120 4426 iudiciali
1139 4371 1293 4438 exponitur,

167 4478 188 4514 c.
208 4460 248 4523 13,
269 4460 315 4525 34,
337 4461 395 4514 dixi
418 4460 447 4513 in
470 4477 531 4529 app.
551 4460 619 4528 disp.
640 4460 673 4513 de
693 4461 790 4513 Ascon.
810 4479 835 4529 p.
855 4460 903 4519 43ς
933 4461 1022 4528 attigit
1046 4460 1130 4513 etiam
1149 4459 1293 4528 Zumptius

162 4567 197 4605 ex
215 4550 306 4618 aliqua
324 4553 417 4619 partc;
446 4549 494 4617 qui
517 4549 590 4617 quod
615 4549 642 4601 in
667 4549 756 4601 verbis
775 4552 862 4602 celent
879 4568 892 4602 e
911 4558 1040 4604 convento
1059 4548 1164 4602 Siculos
1183 4553 1291 4601 tantum
