2956 5190
738 305 816 371 320
929 326 937 349 =

68 522 71 527 ·
184 501 391 567 incommoda
430 500 570 566 editores
609 521 675 566 non
714 504 897 566 senserunt.
958 502 1043 567 Nam
1079 502 1228 585 primum
1258 503 1359 573 intua

183 609 295 685 μιμήσει
317 607 476 673 naturalis
493 600 679 674 huiusmodi
696 627 807 673 rerum
821 627 1013 691 progressus
1030 614 1191 674 accurate
1207 612 1360 693 expmian.

185 713 299 795 Itaque
322 716 498 796 postquam
519 718 690 780 narratum
714 719 774 794 est,
809 713 929 797 saepius
957 733 1024 780 una
1051 714 1168 795 irrisae,
1204 720 1277 783 orta
1294 718 1362 803 mpi-

132 836 171 877 aes
185 819 270 884 ditas
293 820 573 886 adolescentulum
597 822 730 887 tenendi
759 821 822 887 dici
846 821 1006 897 debebat;
1040 824 1117 886 tum
1147 822 1284 889 &mum
1307 830 1364 909 epa

185 926 423 991 subiicerentur
446 930 572 993 cetera:
600 928 691 1006 „Non
713 932 818 1011 potes,
842 927 930 1009 quod
952 928 1011 992 vis.
1047 926 1138 1008 Quid
1152 932 1250 996 him?
1269 930 1366 999 Pana

186 1041 235 1098 est
259 1032 466 1098 consolatio!
515 1034 609 1099 Nunc
632 1034 695 1100 illae
718 1034 888 1100 sententiaa
913 1033 1016 1117 (uidi.
1040 1039 1072 1100 et
1097 1055 1165 1101 noo
1181 1044 1274 1121 poteo
1292 1038 1366 1122 pin

185 1159 250 1204 non
274 1140 448 1205 cnhaerent.
491 1139 616 1206 Deinde
645 1142 748 1207 multo
771 1141 916 1207 vitiosius
943 1142 998 1208 illa
1018 1141 1281 1227 filiumfamilias
1295 1150 1368 1229 μη

179 1266 282 1330 porco
305 1266 343 1309 ac
364 1248 468 1310 tenaci
490 1251 562 1324 cet,
598 1268 640 1313 ne
671 1247 749 1331 quid
780 1248 887 1313 dicam
917 1249 958 1314 de
981 1248 1181 1332 pronomine
1204 1250 1306 1329 mam,
1332 1252 1369 1317 in·

186 1352 447 1418 commodissime
471 1354 642 1419 sententiae
664 1354 792 1431 initium
808 1358 950 1433 tenente,
974 1355 1020 1420 sic
1038 1355 1209 1434 dicuntur,
1233 1360 1370 1441 tanquan

186 1458 287 1541 patris
312 1459 511 1541 parsimonia
540 1460 573 1524 in
606 1481 705 1527 causa
732 1461 839 1539 fuerit,
875 1481 932 1526 cur
962 1461 1076 1528 Clodia
1107 1463 1396 1530 adolescentutm·

186 1585 303 1648 capere
326 1586 391 1631 non
415 1569 541 1648 posset;
565 1568 653 1649 quod
675 1567 773 1650 plane
797 1571 910 1633 contra
931 1588 1002 1633 esse
1019 1568 1133 1634 debet.
1170 1570 1261 1636 Nam
1277 1570 1373 1637 nobilia

56 1756 59 1762 Ι
186 1672 302 1737 mulier
324 1676 357 1737 et
380 1671 470 1737 dives
493 1677 644 1756 sumptus
659 1674 938 1740 subministrando
953 1694 1040 1753 eum,
1064 1676 1122 1758 qui
1138 1696 1245 1759 parce
1264 1680 1373 1761 epatre

186 1778 373 1859 haberetur,
397 1798 432 1844 se
455 1779 679 1846 devincturam
703 1780 869 1863 sperabat.
915 1780 1096 1864 (Sequiturz
1130 1803 1198 1847 non
1215 1790 1313 1868 pudet
1330 1792 1374 1849 tae

186 1885 271 1949 dona
294 1906 358 1950 esee
380 1885 485 1969 torui.)
531 1888 645 1970 Itaque
668 1887 783 1952 ultima
805 1887 861 1952 illa
883 1908 947 1952 non
963 1894 1053 1972 poteo
1080 1890 1313 1971 superioribus
1336 1910 1376 1957 re·
1411 1946 1414 1963 .

186 1996 343 2075 pugnant.
389 1994 497 2076 Atque
520 1994 591 2059 haeo
614 1978 800 2059 observatio
824 1994 916 2059 niam
946 1993 1178 2077 planissimam
1212 1999 1320 2063 munit
1344 1997 1376 2063 ad

187 2099 248 2165 loci
271 2099 544 2176 emendationem,
568 2120 678 2182 quam,
703 2099 791 2182 quod
814 2100 859 2165 ad
880 2102 988 2182 ipsum
1006 2100 1147 2166 verbum
1166 2104 1299 2183 attinet,
1319 2104 1376 2170 itu·

186 2211 276 2271 retus
299 2207 426 2289 pridem
449 2207 614 2290 praecepit,
638 2207 737 2272 modo
759 2226 801 2271 ne
825 2208 1084 2290 interpungendo
1107 2210 1312 2276 sententiam
1331 2210 1377 2276 de·

187 2316 367 2395 pravasset.
414 2313 628 2379 Scribendum
660 2318 709 2378 est
737 2314 833 2391 enim,
870 2333 936 2378 una
964 2313 1072 2380 littera
1101 2314 1231 2382 deleta:
1268 2316 1376 2403 8ωῂ

188 2418 296 2483 videre
319 2421 460 2485 voluisti:
481 2419 578 2502 fuisti
601 2441 827 2505 nonnemquam
849 2421 886 2483 in
907 2419 1021 2485 iisdem
1043 2420 1161 2486 hortis:
1184 2425 1235 2489 oie
1256 2423 1374 2507 (nura

95 2510 99 2519 ¹
189 2528 236 2590 oia
258 2547 285 2603 o,
310 2530 423 2591 contra
446 2547 542 2592 usum
566 2530 599 2591 et
622 2525 748 2609 putide)
772 2526 886 2590 nobilis
901 2527 1016 2590 mulier
1029 2526 1122 2593 idum
1134 2528 1377 2613 filiusfamilias

182 2640 279 2716 patre
308 2653 409 2716 parco
444 2655 481 2696 oc
514 2635 617 2698 tenaci
650 2633 766 2697 habere
795 2635 859 2697 tuis
881 2634 979 2716 copiis
1000 2631 1197 2701 dcundum:
1231 2635 1376 2719 (Mmetu

188 2738 391 2820 interogandi
426 2741 553 2821 signum
589 2739 710 2822 posuit)
744 2761 807 2803 non
829 2747 937 2823 potem
971 2740 1127 2823 calcitrat,
1161 2744 1296 2826 respuit,
1326 2762 1377 2807 m

183 2852 278 2929 putot
301 2852 357 2908 too
380 2845 465 2909 dono
488 2867 552 2911 eece
574 2847 666 2910 tanti.
711 2847 814 2912 Recte
837 2848 899 2923 vis;
930 2866 1008 2910 nam
1031 2865 1120 2911 nunc
1143 2849 1246 2913 etiam
1269 2848 1375 2923 tendit;

190 2959 266 3016 ante
301 2954 504 3017 occasionem
539 2957 571 3018 et
605 2952 762 3035 originem
791 2952 1000 3017 indicaverat.
1010 2948 1037 3034 1)
1081 2952 1187 3020 Paulo
1216 2962 1294 3021 ante
1318 2958 1375 3021 hat

189 3059 300 3133 verba,
337 3060 392 3123 ubi
428 3060 534 3124 editur
568 3081 605 3122 ex
639 3059 748 3145 hisque
774 3061 837 3123 tuis
866 3057 990 3123 sumam
1013 3060 1161 3145 aliquem,
1199 3080 1241 3126 ex
1274 3064 1374 3145 prima

190 3186 308 3231 manus
331 3165 492 3248 scriptura
516 3166 634 3231 codicis
657 3166 849 3231 Parisiensis
867 3164 919 3247 (cc
941 3167 970 3229 ia
991 3167 1091 3250 ipitur
1108 3166 1251 3249 cumam)
1268 3167 1374 3233 iacien-

191 3272 270 3337 dum
294 3273 437 3337 videtur:
473 3294 511 3337 co
540 3275 609 3337 istic
639 3276 702 3338 tuis
732 3294 867 3337 sumam.
913 3272 1009 3337 Certe
1033 3273 1066 3337 id
1088 3293 1273 3355 pronomen
1295 3272 1374 3355 (tet)

191 3399 261 3444 esse
285 3379 399 3456 debet;
422 3399 483 3444 nec
506 3379 703 3444 adiectivum
727 3399 767 3443 ex
790 3379 890 3462 ’ἱρέων
914 3379 997 3443 effici
1021 3399 1118 3462 posse
1142 3379 1284 3447 videtur.

138 3506 177 3547 aee
280 3486 315 3551 C.
336 3487 386 3563 18,
409 3487 453 3550 43
476 3486 553 3551 boni
578 3486 706 3551 codices
729 3487 772 3550 ab
791 3486 879 3550 edita
895 3486 1057 3568 scriptura
1073 3484 1170 3551 valde
1188 3486 1373 3570 discrepant:

190 3613 268 3657 nam
292 3593 326 3657 in
348 3594 411 3657 hac
434 3597 499 3657 est:
524 3592 576 3657 dic
599 3593 710 3678 quibus
733 3593 887 3656 neminem
910 3592 991 3655 miti
1007 3613 1127 3657 necesse
1144 3599 1189 3656 est
1205 3594 1374 3671 nominem

192 3707 304 3764 vosmet
335 3699 490 3763 vobiscum
523 3699 747 3774 recordamini,
783 3698 816 3762 in
850 3697 911 3762 illis
945 3696 1073 3780 (Paris,
1108 3699 1205 3764 Bern.
1242 3702 1373 3780 utroque.

191 3805 262 3871 cod.
287 3805 322 3870 C.
346 3805 488 3888 Steph.):
523 3808 603 3870 miti
632 3807 729 3892 liquet
747 3807 933 3887 *nominare
981 3805 1028 3870 Ex
1056 3806 1118 3870 hoc
1131 3833 1135 3841 ·
1149 3825 1217 3871 non
1241 3805 1374 3879 officim,

191 3948 429 3957 ——-.—...--

219 4033 241 4101 ¹)
260 4035 380 4090 Veritate
408 4042 516 4104 reperta
543 4051 598 4089 non
627 4041 668 4090 est
696 4053 807 4090 necesse
834 4036 951 4089 aliorum
979 4040 1094 4090 conatus
1122 4034 1377 4107 reprehenderem

263 4125 356 4179 Orellii
375 4130 467 4180 tamen
487 4124 652 4189 coniectura,
680 4130 863 4194 praeterquam
887 4125 961 4193 quod
979 4125 1030 4179 loci
1050 4126 1223 4181 cohaerentiae
1241 4142 1299 4182 non
1315 4123 1379 4180 uta

264 4215 328 4268 iacit
351 4232 401 4269 nec
421 4215 595 4269 incommoda
613 4214 691 4279 tollit,
716 4214 854 4268 notandus
874 4220 915 4267 est
934 4231 1035 4283 pravus
1054 4216 1130 4270 verbi
1149 4232 1228 4277 usus;
1253 4228 1378 4285 nusquam

263 4304 337 4357 enirn
365 4320 469 4357 caesare
497 4308 538 4358 est
564 4307 699 4371 desistere,
726 4305 806 4370 finem
832 4305 930 4369 facere.
974 4304 1056 4373 Apud
1084 4303 1293 4361 iurisconsultos
1319 4301 1381 4359 terti

264 4392 355 4445 saeculi
375 4398 428 4446 est:
456 4396 555 4447 decisae
574 4410 629 4447 eoae
648 4396 677 4445 in
695 4409 756 4459 νεα,
779 4395 833 4444 vim
851 4410 905 4446 non
923 4393 1028 4459 habere,
1057 4411 1112 4447 non
1128 4396 1257 4457 mercari,
1285 4390 1384 4447 sinite

264 4482 345 4549 Apud
369 4481 505 4551 antiquos,
533 4481 579 4550 qui
608 4497 714 4535 cessare
737 4480 857 4549 aliquem
881 4481 1002 4546 iubebat,
1029 4481 1142 4536 iubebat
1164 4482 1259 4537 minua
1282 4486 1385 4537 suanae

264 4584 352 4638 agere.
