2956 5190
705 335 768 399 367

128 533 246 608 posset.
293 526 374 591 Haec
397 527 424 592 si
447 533 535 593 recte
558 528 692 608 habent,
724 531 837 595 Cicero
866 530 953 606 dicit,
989 534 1164 612 praetorem
1192 531 1335 612 aliquem

134 630 295 714 (Appium
312 633 494 712 Claudium,
518 635 664 700 simodo
688 641 797 701 cetera
819 656 898 701 vera
920 640 1006 714 sunt,
1031 640 1118 701 recte
1140 637 1335 720 intelligunt)

134 742 237 802 antea
260 739 392 818 dixisse,
416 759 451 805 se
475 740 517 805 de
540 742 620 807 calo
642 762 802 821 servasse,
826 762 887 808 nec
909 747 1022 807 tamen
1045 742 1256 809 obnuntiasse
1272 744 1336 808 Fa·

135 845 239 910 bricio
274 848 406 911 comitia
439 846 584 911 habenti.
635 849 716 927 Quae
751 852 820 914 tota
854 869 907 914 res
941 868 1096 931 perversa
1130 853 1195 926 est3
1229 869 1336 932 neque
1368 919 1376 937 ,

134 953 225 1015 enim
249 953 387 1017 comitiis
410 953 644 1034 impedimento
667 958 748 1032 erat,
773 956 861 1037 quod
884 957 956 1038 quis
979 959 1078 1020 antea
1100 963 1276 1034 narrasset,
1299 977 1336 1021 se
1456 971 1463 985 ·

135 1046 178 1122 de
203 1059 282 1123 caelo
304 1078 465 1124 servasse.
511 1059 619 1139 Quum
643 1062 676 1125 in
700 1081 739 1127 eo
770 1067 849 1138 erat,
884 1070 921 1126 ut
951 1061 1081 1127 comitia
1111 1061 1227 1127 haberi
1256 1064 1334 1128 inci·
1461 1148 1463 1152 .

134 1170 264 1247 pereni,
301 1185 336 1230 se
366 1185 516 1231 servasse
539 1167 580 1231 de
603 1168 683 1233 caelo
707 1188 746 1233 eo
769 1170 841 1250 ipso
865 1169 926 1246 die,
962 1168 1159 1233 nuntiabant
1181 1168 1333 1252 (Philipp.

133 1271 174 1348 ll,
199 1272 254 1350 32,
278 1269 346 1354 81).
392 1273 477 1336 Nam
500 1273 589 1354 quod
611 1274 757 1352 Bibulus,
781 1294 882 1357 quum
906 1276 978 1357 ipsa
1000 1275 1152 1352 servati0,
1176 1295 1241 1340 non
1258 1275 1335 1340 mali

134 1379 265 1460 augurii
288 1378 419 1457 oblatio,
445 1381 576 1445 comitia
597 1381 738 1460 vitiaret,
762 1386 840 1446 ante
863 1382 972 1459 edixit,
1001 1401 1036 1445 se
1059 1381 1211 1446 omnibus
1235 1382 1335 1446 comi·

133 1484 270 1550 tialibus
303 1485 418 1550 diebus
448 1487 490 1551 de
519 1487 598 1552 caelo
632 1493 848 1566 servaturum,
883 1488 1072 1570 impotentis
1106 1491 1178 1552 erat
1211 1487 1268 1552 irae
1303 1492 1336 1552 et
1386 1508 1390 1517 ·

135 1591 262 1656 consilii
285 1592 414 1674 inopiae.
461 1594 526 1658 Sed
554 1598 666 1659 tamen
696 1596 900 1678 interpretes,
935 1598 973 1659 ut
1000 1595 1062 1659 hoc
1092 1594 1335 1659 incommodum

135 1697 250 1775 vitent,
286 1699 431 1764 futurum
466 1701 611 1783 perfecto
645 1702 856 1779 substituunt,
892 1702 1069 1777 Ernestius,
1105 1719 1204 1781 quem
1232 1701 1334 1765 Gara·
1349 1719 1389 1757 m

133 1804 256 1881 loniuS,
292 1805 492 1884 Schuetzius,
516 1807 689 1872 Muellerus
719 1816 910 1890 sequuntur,
933 1830 965 1873 sc
988 1815 1188 1872 servaturum
1211 1826 1274 1870 ecee
1297 1807 1335 1869 dc

134 1911 221 1988 coelo,
246 1910 443 1992 Wunderus,
467 1914 588 1979 Orellio
611 1916 782 1996 probante,
805 1923 1005 1980 servaturum
1020 1935 1051 1979 sc
1067 1913 1106 1976 dc
1120 1913 1204 1990 corb,
1228 1915 1334 1977 muta-

133 2017 235 2083 tionis
268 2038 387 2101 genere
422 2021 568 2086 omnium
603 2022 736 2085 minime
770 2018 948 2102 probabili,
989 2038 1068 2100 qu0,
1110 2038 1211 2101 quum
1246 2020 1334 2083 nulla

134 2145 271 2206 prorsus
294 2129 412 2192 erroris
444 2127 533 2210 origo
563 2127 696 2210 intelligi
727 2129 839 2210 possit,
874 2131 1024 2208 tempora
1054 2127 1145 2190 verbi
1176 2125 1334 2190 similiave

134 2231 295 2297 violenter
328 2233 362 2297 in
396 2233 495 2298 aliam
530 2234 669 2299 sormam
703 2235 953 2299 transferuntur.
1010 2232 1135 2297 Deinde
1170 2233 1235 2297 duo
1269 2253 1335 2298 non
1445 2271 1448 2276 -

134 2339 413 2404 animadvertunt.
459 2340 606 2404 Primum
642 2345 700 2405 aut
733 2340 912 2405 adversarii
947 2340 1008 2403 hoc
1038 2339 1174 2403 edicturi
1204 2339 1333 2421 publice

134 2449 240 2520 erant,
276 2450 313 2510 ut
340 2446 485 2525 Bibulus,
520 2451 578 2511 aut
601 2449 732 2512 omnino
761 2466 827 2512 non
855 2445 968 2511 dicturi
993 2465 1054 2510 nec
1077 2447 1171 2527 quasi
1194 2447 1334 2511 familia·

133 2553 215 2616 riter
231 2553 440 2618 admonituri.
475 2553 547 2635 lpse
563 2572 694 2634 quoque
710 2553 823 2618 Cicero
840 2555 902 2618 has
917 2553 1022 2617 minas
1038 2553 1333 2617 denuntiationem·

135 2677 201 2739 que
224 2678 325 2741 supra
353 2664 652 2725 commemorasset.
699 2660 834 2736 Deinde,
869 2660 958 2742 quod
987 2661 1087 2724 miror
1115 2678 1180 2724 non
1207 2659 1335 2723 venisse

135 2765 169 2828 in
192 2769 348 2841 mentem,
384 2786 485 2848 quum
512 2767 582 2848 ipse
607 2766 738 2831 Clodius
766 2766 914 2848 proximo
937 2784 1024 2830 anno
1046 2785 1107 2829 sua
1130 2765 1201 2847 lege
1224 2765 1334 2846 prohi-

135 2870 271 2948 buisset,
307 2893 346 2936 aa
374 2875 443 2957 quis
472 2874 597 2936 omnino
624 2873 776 2936 comitiali
803 2872 917 2935 diade
943 2873 1017 2936 coelc
1039 2879 1179 2936 servarat
1202 2870 1333 2953 (Ascon.

135 2977 180 3041 ad
204 2983 286 3043 orat.
310 2981 343 3043 in
371 2979 436 3043 Pis.
461 2997 488 3043 c.
512 2980 534 3043 4
556 3000 588 3061 p.
615 2979 688 3056 124,
721 2978 786 3043 Cic.
815 2998 914 3061 supra
943 2998 970 3042 c.
998 2977 1048 3055 15,
1080 2978 1123 3042 33
1154 2978 1225 3042 coll.
1257 2978 1334 3042 Phi·

135 3084 215 3166 lipp.
240 3084 261 3149 l.
284 3083 337 3166 c),
362 3085 508 3167 proiecto
531 3072 595 3150 nec
613 3086 741 3167 Appius
764 3104 825 3149 nec
847 3085 1021 3168 quisquam
1045 3084 1231 3160 Clodianus,
1256 3104 1333 3149 con·

134 3196 264 3273 tempta
298 3192 352 3256 illa
387 3193 467 3275 lege,
503 3192 721 3274 auspiciorum
756 3191 984 3256 auctoritatem
1019 3193 1228 3272 oppositurus
1264 3195 1335 3255 erat

134 3297 296 3362 Fabricio.
342 3299 400 3375 lta,
430 3299 583 3381 quicquid
606 3297 795 3375 tentabitur,
831 3300 951 3378 praetor
975 3297 1036 3361 iste
1059 3300 1166 3361 certus
1190 3297 1232 3361 de
1255 3297 1334 3361 caelo

135 3423 272 3468 servans
295 3405 370 3469 hine
394 3406 519 3471 alienus
542 3406 612 3470 erit.
658 3405 726 3469 Nec
748 3423 828 3468 sane
850 3405 884 3467 in
907 3403 955 3481 iis,
986 3422 1059 3484 quae
1088 3406 1270 3484 sequuntur
1293 3403 1333 3466 de

135 3510 367 3575 intercessione
391 3512 574 3590 tribunicia,
597 3530 701 3577 unum
724 3511 866 3593 aliquem
889 3510 1058 3574 tribunum
1081 3510 1250 3592 sigmficat,
1275 3510 1334 3573 sed

134 3618 288 3682 universe
310 3618 462 3700 loquitur.
508 3618 621 3683 Cicero
644 3618 730 3695 dicit,
761 3619 788 3682 si
812 3617 884 3698 quis
908 3615 1086 3699 (neminem
1110 3636 1211 3680 unum
1235 3615 1333 3698 signi-

135 3723 226 3802 ficat)
258 3725 378 3789 usitato
409 3729 443 3788 et
474 3724 617 3807 legitimo
645 3724 879 3806 impedimento
907 3724 1110 3804 comitiorum
1133 3742 1213 3788 usus
1237 3727 1332 3796 esset,

135 3849 271 3913 gravem
301 3831 446 3895 futuram
476 3831 590 3907 luisse,
626 3831 685 3895 sed
713 3830 917 3894 tolerabilem
945 3830 1093 3912 plagam3
1127 3831 1161 3894 id
1195 3830 1334 3912 impedi-

136 3940 284 4001 mentum
309 3937 429 4019 duplex
454 3940 534 4015 erat,
570 3941 606 4001 ut
636 3940 694 4001 aut
724 3939 872 4001 servaret
902 3936 1018 4018 aliquis
1049 3936 1090 4001 de
1122 3937 1210 4012 caelo,
1246 3936 1334 4018 quod

135 4044 388 4125 magistratuum
416 4044 578 4108 maiorum
607 4047 678 4107 erat
706 4044 830 4125 (itaque
859 4046 947 4107 recte
970 4044 1128 4121 hactenus
1151 4043 1226 4107 hinc
1250 4042 1334 4107 eiec-

134 4153 190 4214 tus
214 4153 264 4214 est
286 4150 329 4215 ab
353 4150 532 4215 editoribus
554 4149 843 4233 tribunusplebis),
873 4153 932 4215 aut
954 4151 1218 4226 intercederetur,
1246 4150 1335 4230 quod

134 4256 353 4320 tribunorum.
398 4257 548 4338 Apparet
569 4257 675 4339 igitur,
700 4257 824 4320 infinite
847 4257 1000 4321 debuisse
1024 4256 1101 4321 dici:
1133 4255 1169 4319 st
1192 4256 1262 4340 quis
1284 4254 1335 4317 ot-

135 4364 320 4444 nuntiasset,
349 4363 456 4427 diccns
478 4384 510 4427 se
533 4364 571 4426 dc
594 4365 668 4427 coelo
691 4384 840 4440 servasse,
870 4366 927 4427 aut
950 4362 1090 4440 brevius,
1122 4364 1177 4447 qui
1199 4362 1239 4425 dc
1261 4363 1335 4425 coelo

135 4476 298 4534 servasset.
345 4469 522 4534 Videamus
545 4470 610 4533 iam
634 4468 772 4534 codices.
807 4469 872 4534 Pro
895 4471 924 4535 is
941 4477 1071 4553 prater,
1096 4469 1184 4550 quod
1207 4469 1240 4532 in
1262 4467 1333 4531 cod.
