2956 5190
755 319 822 384 402

133 548 136 556 .
187 515 343 580 indicium
367 515 601 596 postulaturus,
625 514 713 596 quod
729 514 936 593 daemonius
959 514 988 579 si
1011 519 1106 580 recte
1132 515 1277 581 obscura
1297 517 1377 581 reu

188 623 291 705 capio,
316 622 473 686 intellexit
496 622 536 686 de
560 621 735 686 indicanda
759 621 897 686 Caesaris
921 624 955 686 et
976 620 1101 686 Vatinii
1123 621 1256 687 fraude.
1288 624 1378 705 Atqui

187 748 262 811 quae
285 727 646 810 sequunturCiceronis
670 727 772 792 verba
795 727 836 792 de
859 726 984 792 iudiciis
1006 731 1083 793 tum
1107 727 1246 805 futuris,
1268 748 1380 811 moras

119 885 121 889 .
187 836 233 900 ita
256 837 359 917 accipi
390 838 518 911 vetant3
553 853 631 898 nam
659 853 720 898 nec
743 833 854 899 Caesar
881 853 943 900 nec
964 835 1121 901 Vatinius
1147 837 1185 900 in
1209 834 1381 918 magistratu

187 942 333 1007 accusari
357 944 518 1024 poterant.
564 941 674 1005 Potuit
697 941 795 1022 igitur
816 941 965 1006 Vatinius
988 941 1088 1021 ferre,
1115 946 1159 1007 ut
1182 941 1293 1007 Vettio
1313 940 1380 1007 indl-

187 1051 270 1114 cium
294 1056 395 1124 eracl.
414 1047 448 1113 id
478 1050 537 1124 est,
572 1050 718 1129 potestas
749 1047 879 1131 publice
910 1049 999 1130 apud
1029 1049 1273 1132 magistratum
1300 1046 1382 1113 adid

189 1156 401 1221 constitutum
424 1153 588 1218 indicandi
612 1172 686 1217 curn
709 1155 905 1236 impunitate
929 1158 962 1219 et
980 1155 1190 1231 commodis;
1214 1174 1280 1237 quo
1301 1174 1381 1221 sem

188 1262 343 1326 indicium
366 1261 442 1325 dari
465 1262 581 1326 dicitur
603 1261 711 1326 Divin.
734 1260 768 1324 in
792 1260 898 1325 Caecil.
922 1280 950 1325 c.
976 1261 1028 1338 11,
1053 1261 1110 1339 34,
1133 1261 1299 1326 indicium
1318 1262 1382 1325 uoci

181 1388 262 1452 pere
290 1368 379 1450 apud
401 1368 589 1450 Ulpianum.
635 1367 796 1449 Apparet,
831 1368 952 1432 sensim
986 1367 1196 1433 vocabulum
1231 1368 1382 1433 transferri

188 1476 231 1541 ad
254 1475 532 1559 significationem,
564 1494 630 1539 non
661 1473 862 1556 singulorum
890 1474 1105 1556 praemiorum
1134 1472 1269 1558 (itaque
1290 1478 1381 1540 tauto

190 1583 274 1665 logia
296 1602 363 1647 non
393 1584 453 1660 est,
489 1580 576 1663 quod
604 1581 736 1645 additur
757 1582 898 1664 proma
923 1580 1154 1664 amplissima),
1193 1581 1256 1647 sed
1287 1584 1382 1647 tamen

115 1696 118 1700 “
186 1690 330 1754 universi
363 1687 525 1754 commodi
557 1707 596 1751 ex
628 1687 745 1752 indicio
779 1687 908 1770 publice
936 1707 1001 1752 non
1029 1692 1145 1769 spreto
1169 1688 1381 1753 redundantia

187 1796 255 1860 Nec
279 1796 363 1860 bene
387 1795 582 1860 Garatonius
605 1795 638 1858 in
651 1793 828 1859 'Ciceronis
852 1794 922 1859 loco
944 1814 1005 1875 pro
1027 1794 1129 1859 Rosc.
1144 1795 1228 1859 Am.
1245 1796 1298 1872 37,
1321 1796 1380 1871 101,

188 1902 407 1967 Facciolatum
442 1921 592 1984 sequena,
627 1900 741 1964 indicii
770 1907 899 1983 partem
933 1901 1074 1984 occipere
1102 1906 1210 1985 negat
1239 1902 1281 1967 de
1308 1902 1382 1967 luero
1420 1886 1423 1965 ῗ

187 2008 296 2074 indicii
332 2012 365 2073 et
399 2009 571 2074 commodo
605 2007 830 2088 accipiendum
867 2026 953 2083 esse,
988 2005 1148 2089 iubetque
1184 2008 1321 2092 intelligi
1349 2008 1382 2072 de

186 2119 280 2198 parte
303 2115 464 2180 bonorum
494 2114 732 2191 indicaturum,v
757 2133 822 2196 quo
853 2113 1034 2196 significatu
1064 2115 1173 2180 multo
1204 2115 1381 2181 insolentius

78 2256 81 2265 ·
187 2223 360 2287 diceretur.

278 2329 400 2393 Eodem
425 2329 531 2410 capite
554 2326 572 2408 ἓ
596 2328 637 2391 27
661 2346 738 2410 pro:
773 2327 891 2391 multas
919 2327 1014 2391 etium
1042 2327 1129 2391 aliua
1151 2328 1282 2407 tulisses
1302 2331 1378 2393 recte

186 2436 218 2500 in
241 2437 316 2501 Par.
341 2439 374 2500 et
396 2434 492 2500 Bern.
516 2437 576 2513 est,
606 2433 693 2516 quod
716 2433 895 2498 Lambinus
919 2433 1034 2498 edidit:
1068 2434 1193 2506 medrus
1217 2436 1301 2512 ium
1331 2452 1381 2499 nee

187 2543 274 2607 aliud
309 2541 468 2625 signifieat
500 2540 656 2605 mendum
685 2540 803 2605 codicis
832 2540 898 2604 Eri.
922 2541 1159 2604 multamauam.
1209 2540 1320 2605 uttam
1339 2540 1378 2605 sic

186 2649 356 2725 diceretur,
391 2651 549 2728 tanquam
580 2649 699 2728 praeter
730 2666 801 2710 earn
831 2646 936 2729 legem
965 2647 1045 2717 alias
1069 2646 1218 2723 tulisset;
1253 2651 1290 2713 at
1310 2666 1376 2711 eam

185 2755 330 2819 nondum
354 2754 483 2831 tulerat,
507 2753 729 2835 promulgarat
750 2756 896 2829 'tantum;
920 2753 1001 2818 alias
1022 2753 1145 2817 multas
1168 2755 1240 2818 iam
1258 2754 1375 2818 tulerat

185 2862 377 2945 Asyndeton
401 2860 518 2924 durum
542 2878 613 2923 esse
637 2860 669 2922 in
692 2860 788 2923 huius
805 2863 839 2924 et
853 2860 1029 2941 superioris
1044 2859 1220 2926 sententiae
1238 2859 1379 2925 coniunc-

185 2970 283 3046 tione,
318 2987 384 3032 non
410 2987 502 3049 nego,
539 2973 572 3030 et
600 2965 757 3029 excidisse
786 2966 978 3048 particulam
1006 2966 1131 3048 opinor.
1179 2966 1287 3032 Paulo
1313 2969 1377 3049 pust

186 3074 217 3157 (ἓ
234 3072 300 3155 28),
324 3074 381 3142 ubi
405 3075 502 3138 ceteri
526 3072 620 3136 valde
637 3072 841 3136 incommode
858 3073 1014 3137 edebant:
1041 3072 1193 3158 Nihilque
1212 3072 1378 3145 ummo.

186 3180 324 3246 Orellius
348 3180 462 3244 edidit:
499 3179 591 3243 Nihil
617 3179 651 3259 Q.
677 3178 849 3256 Maximus,
878 3179 1014 3244 reducta
1043 3198 1123 3243 sane
1148 3199 1189 3244 ea
1212 3178 1375 3262 scriptura

185 3308 225 3352 ex
256 3308 321 3369 qua
349 3287 490 3369 vulgaris
521 3286 576 3351 illa
600 3290 675 3350 orta
699 3291 759 3350 est.
807 3286 871 3350 Sed
902 3287 987 3356 hanc
1018 3286 1123 3368 ipsam
1156 3286 1379 3368 interpolatam

185 3415 256 3460 esse
280 3415 340 3458 nec
363 3414 551 3476 praenomen
574 3395 607 3457 in
631 3393 740 3457 codice
766 3393 943 3475 archetypo
966 3393 1076 3468 fuisse,
1106 3397 1262 3473 apertum
1288 3392 1324 3456 tlt
1343 3408 1377 3455 ex

131 3516 171 3555 ⁵¹⁹
185 3520 345 3566 consensu
368 3501 453 3577 Par..
477 3500 584 3575 Bern,
608 3499 685 3576 Eri,
710 3498 814 3564 Oxon.
838 3501 933 3563 unius
952 3497 1140 3581 (Lambini).
1176 3499 1283 3563 Recte
1302 3516 1377 3581 pru·

185 3627 305 3672 nomen
340 3607 472 3671 additur
506 3606 603 3688 paulo
638 3609 724 3683 ante,
760 3607 816 3670 ubi
850 3607 992 3688 primum
1027 3605 1231 3684 nominatur,
1269 3603 1377 3670 deinde

185 3715 355 3779 omittitur.
392 3714 466 3778 Mox
491 3712 645 3794 quicquid
669 3719 718 3776 est
741 3712 889 3777 codicum
913 3713 1028 3777 habet:
1054 3712 1210 3795 imopinea
1230 3713 1378 3795 patriaet

183 3821 303 3903 fratris
337 3822 387 3883 sui
419 3819 596 3903 fratrisque
627 3818 728 3900 filiam
766 3854 806 3863 -
841 3821 1032 3883 collocatum.
1094 3818 1237 3882 Rettulit
1277 3820 1378 3883 oratur

185 3927 380 3991 adiectirum
405 3925 448 3989 ad
471 3925 598 4007 dignius
623 3929 655 3988 et
678 3926 821 4007 propius.

273 4033 426 4114 Sequitur
449 4032 537 4096 locus
561 4032 698 4096 difficilis
721 4032 755 4095 in
779 4053 805 4096 c.
833 4034 883 4108 12,
914 4033 966 4109 29,
997 4032 1053 4095 ubi
1082 4031 1122 4095 de
1152 4031 1299 4096 collectis
1327 4048 1378 4112 per

184 4141 309 4204 scelera
340 4144 373 4203 et
402 4138 535 4202 iniurias
559 4159 578 4202 a
601 4138 730 4203 Vatinio
761 4141 794 4203 in
826 4140 994 4203 tribunatu
1027 4138 1146 4202 divitiis
1176 4137 1292 4201 dicens
1322 4137 1377 4201 hoc

184 4267 312 4327 quoque
337 4246 442 4328 ponit:
478 4245 671 4328 eripuerisne
692 4253 799 4329 partes
822 4247 876 4309 illo
899 4254 1033 4329 tempore
1056 4245 1243 4308 carissimas
1260 4246 1377 4328 partim

185 4376 205 4414 o
231 4353 495 4436 &recorporare
528 4373 549 4414 o
567 4351 770 4434 publicanis?
802 4352 922 4416 Verum
951 4372 1033 4434 quas
1062 4354 1173 4433 partes
1202 4370 1224 4414 a
1253 4352 1378 4417 Caesare

184 4459 315 4522 consule
339 4464 371 4523 et
394 4459 574 4541 publicanis
607 4461 730 4541 eripere
763 4459 914 4540 potuerit,
950 4478 1015 4522 non
1046 4457 1150 4538 magis
1182 4458 1377 4540 intelligitur.

185 4585 293 4646 quani,
330 4567 371 4629 ad
403 4567 489 4647 quod
523 4566 628 4629 minus
660 4566 871 4630 attenderunt
899 4566 1102 4647 interpretes,
1138 4584 1293 4646 quaenam
1317 4564 1379 4629 sint
