2956 5190
704 282 767 346 361

133 476 295 553 Graevius,
319 476 439 542 Orellio
462 477 637 560 probante,
662 478 812 561 explicat,
841 481 878 540 ut
901 477 957 540 sit:
992 495 1051 557 per
1068 456 1165 551 alios,
1196 472 1251 555 qui
1275 473 1336 537 sub

133 585 246 666 specie
270 584 483 648 conservandi
507 585 648 666 plurima
671 588 765 649 erant
797 583 976 665 correpturi
1009 587 1041 646 et
1073 581 1106 644 in
1136 599 1213 644 suas
1244 598 1337 644 arcas
1422 627 1424 630 -

133 689 316 754 derivaturi
340 690 426 755 malo
450 692 496 754 rei
519 690 674 772 publicae3
702 692 744 755 ita
771 691 951 754 aamercort
974 689 1034 752 erit
1057 707 1120 751 non
1142 687 1337 760 οοπεενυανὲς

133 815 198 862 nec
221 798 255 861 in
277 798 369 879 gravi
392 797 553 861 sententia
576 797 668 861 ullus·
685 802 736 861 est
758 798 870 862 ironiae
899 800 957 860 aut
980 795 1065 859 lusui
1088 794 1188 859 locus.
1234 792 1337 857 Recte
1350 807 1391 846 ⁴⁶⁶

134 903 233 968 multi
268 901 381 984 (etiam
416 904 585 985 Zumptius
620 904 663 968 ad
698 905 788 968 Verr.
812 924 845 985 p.
870 900 948 984 286)
982 901 1143 966 iudicasse
1177 899 1337 976 videntur,

135 1009 297 1074 excidisse
321 1010 460 1074 alterum
484 1009 678 1075 infinitivum
702 1011 736 1074 in
760 1010 870 1075 codice
894 1008 1082 1091 archetypo.
1128 1005 1231 1070 Paulo
1254 1008 1338 1088 post,

135 1115 197 1180 ubi
222 1115 344 1179 editur:
374 1114 440 1178 Ille
462 1135 535 1179 uero
558 1116 658 1180 eidem
681 1119 823 1200 tempori,
847 1118 898 1179 cui
920 1136 985 1196 nos,
1010 1114 1110 1178 eidem
1131 1112 1250 1195 furori,
1280 1113 1339 1174 eis-

135 1220 210 1286 dem
240 1221 426 1303 madidus,
462 1222 578 1286 ciadan
607 1225 713 1304 minis,
748 1223 886 1303 insidiis,
916 1222 1070 1305 periodis
1100 1220 1198 1296 cessit,
1234 1218 1341 1281 minus

136 1332 219 1410 apte
242 1332 482 1409 componuntur
506 1329 605 1392 eidem
627 1329 746 1411 furori,
771 1329 858 1411 quod
874 1331 982 1411 potest
997 1327 1040 1391 ad
1055 1326 1165 1410 plures
1181 1328 1340 1407 spectare,
1414 1399 1421 1414 .

137 1438 173 1499 et
197 1434 314 1499 medem
337 1434 530 1511 conardibua3
554 1435 673 1500 rectius
696 1437 793 1519 igitur
816 1437 919 1501 codex
933 1435 1008 1499 Par.
1025 1430 1157 1514 (Naug.)
1174 1436 1207 1496 et
1222 1430 1341 1494 Bernn.
1420 1432 1423 1439 '

137 1540 280 1605 cicadam
302 1539 411 1622 fac-rori
435 1548 463 1604 et
487 1541 602 1605 eisdem
625 1563 711 1619 cosa,
736 1563 800 1626 quo
824 1541 968 1624 apertius
986 1539 1117 1605 Clodius
1140 1541 1290 1612 notatum
1315 1543 1343 1599 ct

137 1646 224 1712 Oxx.
250 1666 379 1729 quoque
402 1651 468 1711 tres
492 1648 631 1722 habent3
663 1648 902 1730 coniunguntur
925 1648 990 1712 duo
1014 1646 1169 1711 orationis
1193 1642 1342 1707 membra

137 1755 292 1818 homines
316 1753 548 1836 significantia;
584 1755 701 1819 deinde
730 1755 855 1837 reliqua
884 1755 1043 1838 asyndeto
1066 1754 1259 1817 coacervata
1283 1748 1342 1812 ad-

138 1862 330 1942 iunguntur.

232 1966 267 2031 C.
292 1966 345 2043 30,
370 1967 412 2030 66
437 1966 554 2030 edunt:
586 1967 663 2045 Quo
689 1987 761 2031 aero
779 1967 986 2051 promulqota
1010 1966 1063 2029 illo
1087 1984 1170 2028 auaro
1191 1961 1346 2044 fuerunt?

139 2092 213 2159 quoe
229 2074 392 2156 proruisse
416 2073 545 2137 multia?
574 2094 644 2155 quoe
666 2074 865 2156 cmrscrzpto?
897 2094 966 2158 quer
989 2071 1140 2156 armato?
1172 2091 1241 2155 quae
1264 2069 1344 2152 copi·

139 2179 235 2243 toto?
260 2178 337 2263 quid
365 2179 495 2242 dicum?
527 2179 592 2244 Sed
623 2181 678 2261 qui
707 2181 902 2244 exercitatus
926 2179 1088 2245 Ciceronis
1112 2178 1249 2241 lectione
1273 2175 1343 2250 erit,

140 2285 239 2351 facile
261 2285 388 2362 sentiet,
418 2305 525 2368 neque
548 2289 625 2367 apte
648 2285 766 2350 cadere
789 2305 895 2368 neque
920 2286 1126 2351 commodam
1149 2266 1343 2348 sententiam

140 2394 205 2458 hoc
230 2392 299 2457 loco
326 2391 450 2457 habere
468 2392 599 2474 ‚nudum
623 2392 702 2456 illud
726 2397 757 2455 et
781 2393 931 2474 generale
959 2392 1037 2477 quid
1059 2390 1187 2454 dicam?
1213 2389 1345 2470 reliquis

141 2497 452 2581 interrogationibus
487 2493 697 2577 adiectum.¹)
760 2499 873 2581 ltaque
913 2518 1014 2581 quum
1049 2500 1082 2562 in
1117 2496 1210 2561 codd.
1246 2493 1344 2576 (Par,

142 2605 251 2681 Berm,
276 2604 406 2669 duobus
430 2604 526 2686 Oxx.)
550 2605 707 2669 mendose
726 2605 882 2687 scriptum
898 2606 940 2671 sit
961 2606 1103 2687 fucrant,
1127 2622 1193 2668 non
1214 2602 1347 2684 fuerunt

142 2711 356 2777 scribendum
384 2715 444 2787 est,
467 2711 525 2775 sed
548 2711 681 2793 fuerint,
710 2718 747 2776 ut
770 2713 936 2794 pendeant
958 2713 1068 2778 omnia
1092 2712 1135 2775 ab
1158 2709 1235 2774 illis:
1270 2706 1348 2793 quid

143 2817 221 2899 (boc
244 2822 305 2895 est,
330 2815 401 2899 cur)
425 2816 553 2880 dicam?

234 2924 335 2988 Venio
359 2923 402 2988 ad
426 2924 532 2988 locum
557 2944 576 2988 a
600 2924 769 2991 Wundero
792 2946 857 2991 non
880 2929 969 2991 recte
992 2928 1169 2989 tractatum
1192 2925 1226 2986 in
1245 2942 1272 2986 c.
1292 2922 1345 2997 32,

143 3031 198 3107 69,
223 3030 279 3094 ubi
304 3029 401 3094 scribi
424 3029 542 3094 voluit:
567 3033 622 3115 qui
645 3029 831 3114 (consules),
856 3054 951 3118 quum
975 3034 1147 3112 insertato,
1166 3030 1291 3113 privati
1315 3035 1348 3091 ut

144 3138 184 3201 dc
212 3158 261 3201 me
288 3139 458 3201 sententias
486 3137 635 3219 dicerent,
662 3137 903 3223 flaqitabontur,
938 3140 1034 3223 leqem
1065 3139 1114 3201 illi
1141 3158 1173 3200 se
1203 3135 1348 3201 Clodiam

143 3246 256 3308 timere
278 3242 432 3319 dicebant,
456 3243 555 3325 idque
579 3244 625 3308 sic
648 3245 881 3327 interpretatus
905 3249 970 3310 est:
1007 3249 1070 3321 „ut
1100 3244 1126 3308 si
1148 3244 1274 3309 nollent
1297 3261 1348 3306 re·
1455 3286 1459 3294 -

144 3350 231 3414 terre
256 3349 298 3413 ad
328 3354 479 3415 senatum
511 3354 668 3432 tanquam
700 3353 858 3430 consules,
894 3353 1009 3417 saltem
1042 3355 1201 3433 tanquam
1232 3349 1403 3431 privatim

146 3457 313 3538 aperirent
343 3458 522 3522 sententias
551 3478 628 3523 suas
659 3458 701 3523 de
731 3479 784 3524 me
816 3479 955 3542 meaque
986 3457 1221 3523 restitutione“.
1268 3456 1350 3534 Quae

147 3563 232 3628 adeo
255 3563 470 3645 multiplicem
495 3564 781 3646 reprehensionem
805 3566 938 3642 habent,
973 3570 1011 3630 ut
1039 3563 1163 3630 homini
1192 3565 1289 3627 acuto
1317 3565 1351 3625 et

147 3671 245 3735 docto
268 3671 368 3734 mirer
392 3689 431 3734 ea
454 3670 595 3752 probata
619 3690 700 3735 esse.
740 3671 886 3736 Primum
911 3672 991 3737 ordo
1015 3670 1248 3736 vocabulorum
1272 3688 1350 3733 eon·

147 3777 345 3841 tortissimus
381 3780 432 3842 est
466 3776 604 3861 (priami
638 3776 685 3857 ut)
721 3782 754 3841 et
781 3779 1003 3861 ambiguitatis
1032 3778 1271 3842 molestissimae
1301 3775 1350 3839 vel

148 3883 257 3965 potius
293 3902 358 3947 non
390 3882 574 3966 ambiguus,
609 3884 667 3948 sed
702 3884 899 3949 contrariam
934 3885 1127 3950 sententiam
1166 3883 1350 3958 continens3

148 4009 247 4054 nemo
263 3990 349 4054 enim
366 3989 536 4055 Romanus
560 4010 626 4056 non
650 3991 692 4056 ad
716 4011 830 4057 vocem
847 3993 973 4075 privati
988 3997 1146 4074 tanquam
1167 3990 1350 4056 subiectum

179 4271 201 4339 ¹)
220 4274 329 4328 Addam
348 4274 431 4340 aliud,
451 4275 524 4343 quod
543 4273 697 4343 pauciores,
720 4291 804 4343 quarn
824 4275 859 4329 sit
877 4291 983 4339 verum,
1006 4275 1133 4338 sentient,
1157 4273 1180 4327 si
1199 4273 1252 4327 ille
1271 4272 1352 4326 inter·

222 4364 376 4432 rogationes
394 4363 504 4417 directe
524 4361 566 4428 (ut
585 4361 734 4432 loquimur)
753 4368 853 4427 essent,
877 4363 1044 4427 Ciceronem,
1072 4380 1159 4431 quum
1183 4363 1218 4418 ad
1236 4363 1353 4417 alteram

221 4457 330 4521 partem
349 4452 489 4507 divisionis
508 4468 592 4522 supra
610 4451 664 4519 (25,
683 4450 729 4518 55)
747 4452 880 4507 institutor
898 4452 1048 4517 accederet,
1077 4454 1129 4507 hoc
1154 4452 1250 4507 ordine
1268 4451 1353 4505 verba

222 4541 377 4610 positurum
398 4541 495 4596 fuisse:
516 4543 696 4610 Promulpotu
713 4558 776 4596 cero
794 4543 840 4596 ailo
858 4558 930 4596 anno
949 4559 1009 4610 quo
1026 4544 1160 4608 fumant?
