2948 5206
715 320 777 385 751

143 516 306 593 Halmius,
342 516 492 581 Cardena
521 522 553 581 et
584 516 762 582 Garatonio
785 516 979 597 obsequens,
1016 536 1079 579 ewa
1102 519 1179 580 ante
1202 515 1350 582 habuisse

141 624 282 700 sustulit,
307 629 345 687 ut
367 628 504 705 negetur
527 644 547 688 a
571 623 736 701 Cicerone,
761 622 916 687 habuisse
939 623 1139 699 Deiotarum,
1166 643 1248 703 quos
1271 623 1349 686 mit·

141 733 241 805 teret,
276 750 354 794 nam
387 730 430 794 ab
463 731 708 795 accusatoribus
739 730 802 794 hoc
833 730 944 812 negari
979 749 1045 794 non
1080 731 1224 811 potuisse
1259 729 1349 813 (quae

140 838 305 902 sententia
340 837 480 902 efficitur
514 856 555 901 ex
590 836 722 918 vulgata
756 833 948 918 scriptura),
984 836 1138 918 quoniam
1176 837 1236 919 ipsi
1271 857 1346 902 eum

139 945 270 1008 misisse
293 944 337 1008 ad
361 943 525 1008 Caecilium
550 945 794 1008 contenderent.
840 943 971 1020 Vereor,
995 948 1032 1007 ut
1054 950 1143 1009 recte
1166 945 1346 1009 iudicatum

139 1051 192 1116 sit.
240 1051 354 1132 Neque
378 1050 465 1114 enim
489 1049 530 1113 de
553 1049 711 1114 militibus
732 1050 861 1115 Caecilio
885 1049 929 1113 illi
954 1051 1062 1114 missis
1085 1070 1173 1115 nunc
1196 1054 1248 1134 agi
1267 1052 1347 1115 mihi

138 1156 271 1221 ridetur
301 1155 355 1237 (-
386 1176 501 1220 omnes
530 1156 616 1220 enirn
647 1157 757 1239 copias
786 1176 863 1221 suas
892 1158 925 1221 in
954 1156 1083 1221 vincula
1107 1158 1265 1222 coniicere
1288 1178 1346 1222 rex

138 1282 207 1327 non
231 1267 371 1344 poterat,
395 1283 456 1327 nec
471 1263 592 1328 auxilia
611 1263 786 1327 summissa
802 1263 914 1327 Cicero
937 1262 998 1326 illis
1023 1263 1146 1329 verbis:
1169 1264 1225 1329 sed
1240 1266 1347 1328 misit

139 1369 190 1434 ud
216 1369 377 1433 Coeeilium
400 1369 623 1452 significasset,
653 1389 770 1452 neque,
800 1389 902 1451 quum
931 1371 1064 1450 exiguas
1092 1371 1209 1435 saltem
1234 1371 1346 1453 copias

138 1475 297 1540 habuisse
320 1495 431 1558 regem
455 1476 525 1558 ipse
541 1476 759 1551 confiteretur,
784 1496 904 1558 negare
920 1479 1059 1556 poterat,
1085 1477 1185 1542 fuisse
1201 1479 1344 1557 omnino,

139 1602 223 1664 quos
251 1584 396 1647 mitteret
424 1582 491 1663 —),
520 1583 580 1647 sed
608 1583 648 1647 de
675 1582 807 1657 nuntiis,
843 1582 898 1663 qui
927 1601 1000 1646 curn
1032 1583 1161 1649 Caecilio
1190 1585 1232 1649 de
1256 1604 1346 1650 com·

138 1689 295 1753 munibus
318 1690 427 1766 rebus,
453 1690 589 1767 auxiliis,
619 1690 863 1755 condicionibus
888 1692 1032 1770 agerent,
1063 1690 1094 1753 in
1121 1711 1186 1772 qua
1209 1711 1244 1755 re
1267 1711 1345 1773 pro·

138 1796 210 1878 prie
234 1796 352 1861 dicitur
374 1798 495 1860 nrittere
519 1796 563 1860 ud
587 1796 732 1881 aliquem.
767 1795 881 1877 ltaque
904 1816 1006 1877 quum
1030 1801 1238 1861 accusatores
1256 1798 1345 1862 dice·

138 1905 223 1980 rent,
259 1903 388 1968 misisse
422 1904 612 1968 Deiotarum
647 1902 690 1966 ad
726 1902 907 1980 Caecilium,
943 1902 1017 1980 sed,
1053 1923 1155 1985 quum
1190 1905 1226 1981 ii,
1262 1925 1345 1986 quos

137 2010 291 2086 misisset,
329 2011 375 2074 ire
406 2011 599 2088 noluissent,
635 2009 790 2074 omissam
821 2028 892 2072 rem
924 2029 984 2073 nec
1015 2011 1190 2092 quicquam
1222 2015 1344 2091 actum,

136 2117 203 2182 hoc
226 2117 338 2182 Cicero
362 2118 449 2195 dicit,
478 2137 596 2199 parum
619 2118 689 2180 veri
712 2116 816 2180 simile
840 2135 922 2193 esse,
953 2135 1064 2198 regem
1087 2136 1154 2181 non
1176 2117 1343 2197 habuisse,

138 2244 223 2306 quos
246 2224 401 2301 mitteret,
437 2242 539 2307 quum
568 2222 622 2300 illi,
659 2242 741 2304 quos
769 2222 911 2304 primum
936 2223 966 2286 ei
989 2223 1035 2286 rei
1059 2223 1242 2305 delegisset,
1277 2244 1344 2289 non

136 2332 335 2414 paruissent.

229 2436 247 2519 ἕ
271 2438 314 2502 29
338 2440 370 2502 in
394 2439 457 2502 hac
482 2436 629 2502 codicum
653 2436 830 2517 scriptura:
855 2435 1058 2499 calamitosus
1082 2435 1264 2517 Deiotarus,
1288 2438 1345 2521 qui

137 2552 166 2609 et
191 2544 231 2608 ub
254 2566 297 2626 eo,
321 2546 376 2634 qui
398 2546 433 2607 iu
455 2542 568 2607 iisdem
591 2543 706 2606 coatras
726 2540 837 2623 fuerit,
861 2563 924 2606 nou
939 2543 1030 2606 modo
1045 2541 1187 2625 (codices
1202 2543 1343 2625 aliquot:

137 2659 166 2716 et
189 2672 252 2716 uon
274 2650 379 2732 modo)
403 2650 491 2735 apud
513 2657 551 2731 te,
575 2649 630 2713 sed
653 2650 749 2712 ctiam
772 2669 793 2711 o
816 2651 883 2714 auis
900 2657 1072 2729 armamur,
1098 2649 1273 2713 manifesta
1293 2652 1342 2714 est

135 2757 355 2840 interpolatio,
391 2756 479 2838 quod
507 2755 569 2819 illis
598 2763 626 2819 et
654 2755 694 2819 ub
721 2776 755 2819 co
782 2756 862 2820 nihil
885 2757 1062 2839 respondet
1085 2761 1118 2821 et
1142 2755 1230 2838 quod
1253 2755 1343 2820 cala·

135 2865 236 2929 mitas
270 2866 304 2929 in
339 2862 537 2930 accusatoris
571 2881 713 2944 persona
747 2866 861 2944 postea
896 2864 991 2928 aliter
1024 2866 1158 2929 notatur
1192 2860 1228 2944 (u
1250 2860 1341 2944 ruis).

136 2971 320 3049 Quominus
344 2975 456 3035 autem
480 2969 525 3050 (in
550 2989 650 3050 quam
674 2968 891 3050 suspicionem
915 2974 1014 3034 antea
1036 2967 1230 3051 incideram)
1254 2971 1341 3034 exci-

135 3077 224 3141 disse
247 3081 410 3159 putemus,
441 3097 514 3158 quae
539 3076 702 3140 contraria
725 3075 924 3139 referrentur
947 3075 1009 3140 illis
1034 3083 1062 3139 et
1085 3076 1125 3139 ab
1149 3096 1192 3153 eo,
1223 3080 1255 3140 et
1278 3076 1341 3140 hoc

135 3185 245 3266 ipsum
270 3204 291 3247 a
313 3185 381 3248 auis
404 3183 515 3248 obstat
539 3186 571 3245 et
595 3181 682 3264 quod
704 3181 870 3263 geminata
893 3182 964 3246 haec
987 3182 1124 3264 duplicis
1145 3183 1341 3248 calamitatis

135 3291 329 3371 significatio
353 3290 395 3372 (et
418 3324 461 3334 -
485 3297 522 3371 ct,
551 3309 614 3352 nou
642 3287 733 3351 modo
763 3323 803 3332 —
832 3288 888 3352 aed
910 3288 1019 3368 dium)
1043 3293 1076 3353 et
1098 3310 1158 3371 per
1181 3309 1216 3353 se
1239 3289 1341 3354 nimia

135 3400 188 3461 est
210 3416 271 3461 nec
294 3401 371 3478 apte
394 3396 571 3478 respondet
593 3394 792 3477 praecedenti
807 3397 977 3460 sententiae
994 3396 1035 3460 de
1052 3396 1206 3461 felicitate
1221 3396 1341 3460 domus

134 3502 348 3568 Saocondarii
372 3508 404 3568 et
428 3503 581 3580 Castoris,
606 3525 676 3588 que
698 3523 761 3567 uon
783 3503 1003 3586 impunitatem
1025 3504 1125 3566 solum
1149 3502 1266 3586 adepta
1287 3504 1340 3586 sit,

133 3609 191 3674 sed
214 3609 389 3674 momordi
412 3612 507 3673 etium
530 3609 700 3687 licentium,
736 3610 770 3673 in
798 3628 863 3691 qua
886 3609 965 3673 item
989 3609 1054 3673 duo
1078 3612 1155 3674 sunt
1177 3608 1339 3674 membra.

134 3716 193 3792 Ea,
229 3735 303 3796 quae
332 3718 517 3798 requiritur,
553 3717 722 3780 sententiae
755 3721 787 3780 et
818 3716 973 3780 orationis
1006 3716 1112 3780 forma
1142 3716 1263 3797 duplici
1286 3715 1339 3780 via

133 3821 264 3886 videtur
298 3822 382 3886 effici
416 3843 528 3905 posse,
564 3843 703 3905 quarum
739 3823 876 3887 alteram
910 3821 1061 3886 Hahnius
1094 3822 1258 3904 ingressus
1293 3821 1340 3886 sic

133 3928 279 4010 scripsit:
303 3930 359 4013 qui
381 3937 409 3993 et
433 3930 472 3993 ab
496 3950 539 4010 eo,
563 3932 675 4014 quiin
698 3929 809 3993 iisdem
833 3930 947 3993 castris
968 3928 1080 4009 fuerit,
1104 3936 1131 3993 et
1155 3950 1175 3992 a
1198 3931 1265 3993 suis
1288 3949 1339 3992 uc-

133 4044 270 4101 cauetur.
317 4036 383 4100 Sed
412 4055 529 4117 parurn
558 4041 646 4100 recte
676 4054 850 4101 commune
877 4034 957 4098 illud
986 4035 1120 4112 iactum,
1155 4035 1243 4116 quod
1272 4035 1338 4099 dis·

132 4162 249 4225 parem
281 4143 314 4206 in
344 4142 488 4208 Castoris
518 4143 616 4208 domo
645 4145 678 4206 et
707 4142 741 4205 in
770 4141 924 4205 Deiotaro
954 4145 1108 4205 eventum
1137 4141 1268 4220 habuit,
1304 4142 1338 4206 in

133 4268 236 4313 unam
265 4253 393 4331 partem
424 4248 619 4314 calamitatis
647 4248 823 4312 includitur
851 4266 1031 4329 praveque,
1068 4267 1170 4328 quum
1202 4248 1242 4312 de
1271 4267 1338 4312 uno

133 4360 325 4421 accusatore
349 4361 475 4438 agatur,
500 4356 545 4420 sic
569 4360 727 4437 tanquam
750 4355 792 4418 de
808 4354 1050 4436 oppugnatione
1066 4353 1199 4435 ancipiti
1219 4354 1338 4418 dicitur

134 4470 163 4527 et
187 4463 226 4526 ub
250 4484 283 4526 eo
307 4497 350 4507 -
374 4470 401 4526 et
425 4484 446 4525 u
468 4465 543 4541 suia,
579 4482 685 4544 neque
714 4459 890 4543 excogitari
917 4463 1035 4541 potest,
1071 4479 1129 4525 cur
1157 4461 1229 4543 quis
1258 4460 1338 4525 illud

132 4589 198 4633 non
219 4568 310 4632 modo
340 4569 428 4652 apud
458 4576 487 4633 te
517 4569 689 4648 addiderit,
724 4568 814 4633 illata
845 4586 931 4635 nova
960 4587 1103 4650 persona
1133 4566 1211 4644 eius,
1247 4566 1339 4648 apud
