2948 5206
660 1638 707 1733 ll.

158 1807 216 1900 De
243 1808 356 1901 loeis
385 1808 563 1926 aliquot
590 1807 821 1901 luvenalis
849 1810 1215 1930 interpretandis

538 1951 804 2071 disputatio.
814 1951 840 2054 ¹)

179 2238 298 2363 Ouum
321 2292 356 2359 in
379 2293 580 2376 argumentis
603 2293 815 2376 scriptionum
845 2294 1107 2359 academicamm
1131 2291 1286 2376 eligendis
1300 2260 1342 2357 so

103 2399 157 2465 alia
181 2401 270 2483 sequi
297 2399 434 2483 possint,
465 2399 520 2482 qui
544 2401 646 2465 semel
669 2407 727 2465 aut
749 2421 825 2466 raro
848 2401 891 2466 ad
914 2401 1101 2467 huiusmodi
1123 2399 1286 2465 scribendi

103 2527 205 2572 munus
227 2511 396 2584 vocantur,
421 2505 486 2571 alia
502 2506 686 2572 necessario
702 2514 867 2590 sequatur,
892 2508 944 2572 cui
960 2509 1080 2591 saepius
1098 2505 1286 2572 obeundum

104 2619 153 2689 est,
182 2615 292 2679 videor
323 2613 402 2677 mihi
433 2633 500 2677 non
529 2614 639 2695 inepte
671 2614 825 2693 tacturus,
861 2615 898 2693 si,
934 2616 1088 2697 quoniam
1124 2614 1203 2678 mihi
1234 2613 1286 2677 hae

104 2725 197 2802 partes
219 2725 323 2785 coetus
348 2719 553 2784 academicos
577 2720 740 2785 indicendi
764 2722 971 2786 demandatae
995 2725 1080 2799 sunt,
1114 2720 1285 2785 materiam

103 2828 223 2893 subinde
247 2848 288 2892 ex
312 2827 350 2891 iis
374 2826 473 2891 rebus
496 2847 678 2909 sumpsero,
707 2828 751 2891 ad
779 2848 861 2909 quas
892 2828 926 2892 in
949 2829 1066 2893 scholis
1091 2826 1287 2892 academicis

102 2935 274 2999 tractandas
298 2934 426 2998 delatus
449 2933 552 3011 fuero,
588 2938 634 3011 ut,
670 2933 697 2998 si
726 2955 791 3017 qua
818 2934 864 2998 ibi
887 2934 1067 3013 inciderint,
1104 2932 1287 3015 dequibus

101 3041 269 3106 accuratius
294 3044 327 3104 et
350 3039 477 3122 plenius
506 3039 675 3122 disputare
698 3050 807 3123 operae
830 3041 971 3123 pretium
995 3041 1154 3120 videatur,
1186 3060 1225 3104 ex
1248 3039 1287 3104 iis

99 3149 239 3214 nonnulla
263 3169 323 3231 per
346 3148 431 3211 hanc
451 3146 615 3211 scribendi
634 3148 911 3230 opportunitatem
931 3148 1146 3229 exponantur.
1181 3146 1287 3210 Huius

99 3257 210 3321 consilii
245 3254 443 3336 exsequendi
478 3254 540 3318 hoc
574 3253 681 3336 ipsum
716 3254 843 3318 initium
879 3254 958 3318 libet
992 3256 1110 3320 facere.
1167 3255 1288 3318 Versor

98 3363 173 3427 enirn
197 3382 298 3445 quum
324 3360 465 3426 maxime
488 3360 523 3425 in
547 3360 707 3425 luvenalis
730 3360 837 3425 satiris
869 3362 1070 3439 enarrandis
1106 3360 1139 3424 in
1168 3359 1287 3442 quibus

95 3488 186 3550 quum
221 3489 288 3534 non
323 3468 428 3532 solum
460 3487 526 3532 uno
556 3474 588 3530 et
615 3468 719 3532 altero
753 3467 824 3532 loco
859 3468 902 3533 ab
937 3468 1008 3533 aliis
1043 3465 1287 3532 enarratorihus

95 3576 269 3640 necessario
293 3574 372 3638 mihi
396 3574 629 3638 discedendum
653 3574 703 3652 sit,
735 3575 793 3639 sed
824 3575 1094 3657 reprehendenda
1122 3574 1288 3638 interdum

96 3683 249 3758 universa,
274 3701 339 3763 qua
363 3685 508 3759 utuntur,
534 3681 708 3746 enarrandi
731 3681 825 3760 ratio,
850 3682 978 3746 decrevi
1003 3683 1043 3746 de
1067 3680 1144 3746 locis
1164 3679 1288 3760 aliquot

94 3788 246 3854 luvenalis
269 3788 316 3852 ita
339 3788 508 3865 disserere,
532 3793 569 3853 ut
592 3793 625 3853 et
648 3788 810 3854 sententia
834 3808 917 3865 mea,
942 3809 1041 3871 quam
1066 3788 1107 3852 de
1124 3784 1287 3851 nonnullis

93 3895 152 3960 iam
186 3896 331 3960 breviter
364 3895 398 3959 in
431 3895 549 3960 scholis
579 3896 743 3978 proposui,
779 3895 912 3959 uberius
947 3895 1140 3972 declaretur,
1177 3897 1218 3971 et,
1254 3891 1288 3956 in

93 4004 204 4084 quibus
232 4003 332 4067 rebus
361 4002 476 4084 positae
506 4002 571 4066 sint
601 4021 747 4066 errorum
776 4023 894 4080 causae,
930 4003 1131 4068 ostendatur.
1177 4000 1287 4080 Atque

94 4110 250 4174 neminem
281 4128 353 4173 esse
381 4108 522 4173 arbitror
551 4129 591 4173 ex
619 4108 668 4187 iis,
706 4109 761 4190 qui
789 4109 823 4173 in
851 4109 1062 4192 scriptoribus
1092 4106 1215 4172 Latinis
1238 4105 1285 4169 le·
1301 4132 1328 4173 oo

91 4218 199 4298 gendis
233 4216 355 4280 versati
390 4220 479 4293 sunt,
516 4215 571 4297 qui
606 4215 745 4298 ignoret,
782 4220 940 4298 quantum
976 4219 1076 4280 restet
1110 4231 1218 4296 operae
1253 4211 1287 4276 in

115 4463 135 4531 ¹)
154 4466 233 4520 Edita
251 4480 347 4519 mense
366 4462 493 4516 ianuario
512 4461 592 4528 1830,
616 4463 749 4518 redeunte
773 4462 817 4516 die
835 4462 920 4518 natali
940 4461 1010 4531 regis
1029 4459 1223 4531 augustissimi,
1252 4459 1287 4513 ad

155 4561 257 4610 coetum
276 4554 466 4609 academicum
486 4553 672 4607 indicendum.
