2948 5206
650 324 716 389 265

126 538 146 600 p.
161 513 228 599 56.¹)
271 517 307 581 In
330 517 426 601 primi
450 518 582 600 quidem
605 518 678 583 libri
702 538 729 583 c.
753 519 806 597 57,
838 519 911 598 149,
947 540 1045 602 quem
1077 521 1185 586 locum
1208 541 1278 588 rec-

127 626 179 689 tiore
202 624 456 707 interpunctione
480 625 549 690 sine
572 625 668 690 ullius
691 626 841 691 litterula
869 628 1051 692 mutatione
1074 628 1223 710 expedivi
1246 631 1279 694 in

126 749 158 813 cp.
174 731 206 795 ad
225 730 322 796 Orell.
347 752 379 813 p.
403 731 458 809 89,
487 750 588 813 quum
612 733 811 797 contrarium
834 753 968 814 prorsus
991 733 1093 798 menti
1116 734 1279 800 Ciceronis

124 858 215 903 :ensun
236 839 269 903 in
292 836 490 903 editionibus
511 837 644 916 habeat,
667 838 817 903 Lambini
836 839 1079 918 correctionem,
1104 860 1168 921 quo
1191 841 1278 906 idem

124 943 335 1023 incommodum,
372 964 392 1009 a
425 943 557 1026 reliquis
591 963 657 1009 non
685 941 960 1023 animadversum,
995 946 1108 1012 tollere
1136 946 1278 1024 volcbal,

124 1049 251 1133 implius
273 1051 321 1116 ita
343 1050 464 1127 reiecit,
487 1054 524 1114 ut
546 1050 742 1115 sententiam
765 1070 808 1114 ne
831 1071 906 1116 enm
923 1052 1055 1133 quidem
1073 1053 1279 1135 perspexisse

123 1160 207 1237 plat.
250 1157 368 1223 Testes
391 1156 469 1222 dicit
491 1176 563 1223 esse
592 1161 625 1222 et
656 1159 853 1222 accusatoris
885 1162 917 1222 et
947 1158 1004 1223 rei.
1050 1158 1095 1223 At
1125 1160 1172 1223 rei
1202 1164 1279 1225 sunt

123 1266 198 1341 testes,
228 1264 283 1347 qui
306 1265 350 1329 ab
374 1283 414 1330 eo
442 1284 502 1346 pro
530 1283 589 1328 sua
618 1283 717 1328 causa
744 1264 982 1345 producuntur;
1018 1265 1073 1345 qui
1096 1266 1193 1348 igitur
1216 1266 1279 1332 dici

122 1374 203 1451 polest
223 1371 324 1436 nihilo
347 1375 536 1455 apertiorem
559 1370 628 1436 iore
651 1370 811 1447 fraudem,
835 1370 963 1435 etiamsi
985 1392 1060 1435 reus
1082 1391 1147 1437 uno
1170 1372 1278 1438 minus

122 1478 176 1541 leste
199 1478 239 1541 ad
268 1497 305 1542 se
335 1477 578 1542 defendendum
600 1480 734 1542 utatur?
768 1477 836 1541 Nec
866 1476 1018 1543 Habonio
1048 1481 1132 1543 teste
1161 1479 1279 1545 Verres

122 1600 172 1648 uns
183 1588 235 1661 est,
258 1584 320 1650 sed
336 1583 406 1648 eius
422 1583 595 1661 silentium,
619 1603 698 1648 nea
716 1583 870 1648 Cicerone
887 1584 1130 1665 produceretur,
1155 1585 1243 1650 emit.
1251 1580 1278 1668 ²)

123 1686 228 1755 Similem
251 1710 365 1755 casum
387 1709 455 1755 non
476 1711 611 1773 possum
634 1709 700 1755 non
722 1690 881 1772 suspicari
904 1690 1059 1755 accidisse
1087 1692 1121 1755 in
1143 1692 1216 1756 libr.
1240 1692 1277 1767 V,
1294 1707 1332 1749 aa
1390 1770 1393 1775 .

122 1793 392 1880 t,11(vid.ep.ad
410 1795 509 1861 Orell.
527 1817 559 1878 p.
577 1794 633 1878 89)
650 1798 682 1861 et
697 1796 749 1873 lli,
767 1796 819 1873 28,
844 1797 886 1860 69
905 1795 985 1879 (ibd.
1002 1818 1035 1879 p.
1049 1796 1115 1879 91),
1140 1818 1279 1880 quorum

122 1898 228 1967 locorum
262 1902 402 1968 alterum
437 1903 478 1967 de
513 1904 698 1968 coniectura
732 1902 902 1984 Zumplius
937 1905 1090 1982 mutavit,
1126 1904 1278 1970 obstante

124 2010 189 2075 eim
206 2009 354 2076 Vaticani
382 2009 453 2074 cod.
482 2028 568 2074 nova
602 2009 795 2074 auctoritate
830 2012 862 2073 et
897 2029 958 2073 usu
992 2011 1166 2087 sermonis;
1200 2030 1278 2075 nam

125 2135 186 2198 quon
203 2139 266 2182 rem
290 2118 337 2182 ita
361 2114 555 2198 adiungitur,
591 2134 630 2180 ac
659 2117 686 2180 si
714 2114 855 2180 formula
878 2115 934 2179 sit:
971 2115 1123 2180 adsersus
1145 2116 1277 2181 edictum

125 2218 196 2298 func
213 2223 346 2310 aliquid,
370 2242 470 2305 quum
495 2223 622 2289 dicatur
645 2223 808 2288 absolute:
833 2221 985 2286 adversus
1006 2223 1140 2287 edictum
1160 2222 1278 2306 facere,

127 2329 220 2395 calli
242 2332 372 2407 debeat,
402 2330 679 2413 quemadmodum
708 2333 758 2393 est
780 2321 813 2392 i'n
837 2328 919 2405 cod,
955 2332 1012 2392 aut
1035 2327 1198 2393 ablativus
1222 2332 1279 2394 ant

127 2437 277 2516 napum.
324 2438 372 2502 Ex
395 2437 443 2514 iis,
479 2458 553 2519 quae
581 2437 615 2500 in
642 2436 835 2501 Asconianis
863 2434 981 2500 nostris
1010 2434 1114 2499 serius
1137 2434 1181 2498 ad
1204 2453 1279 2499 eum

129 2539 219 2617 niam
244 2544 285 2608 de
316 2543 395 2608 locis
430 2542 553 2624 aliquot
588 2544 744 2609 librorum
778 2542 957 2624 primorum
992 2541 1158 2623 disputata
1192 2545 1278 2610 sunt.

131 2663 195 2723 quum
213 2650 246 2714 iis
269 2650 458 2728 abstineret,
487 2670 561 2732 quae
590 2670 609 2714 a
633 2670 693 2714 sua
716 2650 841 2714 ratione
866 2651 898 2712 et
921 2647 1038 2713 iudicio
1062 2648 1103 2711 de
1127 2648 1278 2711 subsidiis

133 2750 208 2818 trilicis
244 2757 465 2838 discreparent
508 2760 564 2820 aut
606 2777 726 2822 novam
768 2755 1021 2837 disputationem
1068 2755 1278 2836 requirerent,

135 2941 347 2961 κ-

153 3060 354 3141 linimentum
371 3076 532 3129 brevissime
550 3075 654 3129 absolvi
673 3078 770 3143 polest.
808 3074 860 3126 Pro
879 3089 920 3135 eo,
939 3072 1012 3140 quod
1031 3076 1084 3125 esl:
1104 3090 1135 3126 ne
1152 3075 1204 3139 filii
1221 3077 1279 3141 qui-

180 3162 222 3213 dem
236 3168 300 3218 nudi
322 3172 476 3232 compenses
499 3182 659 3233 quemquam
682 3171 773 3225 namet,
801 3162 823 3214 si
848 3162 908 3229 quis
931 3160 1171 3215 circumlocutione
1195 3162 1280 3215 utitur

181 3258 244 3310 imno
254 3262 299 3321 eet,
316 3271 395 3323 quem
414 3281 448 3289 -
466 3250 578 3317 moveat)
592 3257 619 3306 el
632 3252 783 3320 negationis
796 3250 980 3319 duplicatione
993 3249 1099 3314 Latina,
1118 3255 1148 3304 ut
1161 3251 1279 3319 priorem

181 3339 271 3408 excipiat
289 3349 316 3396 el
334 3343 460 3396 intendat
478 3343 565 3395 altera
583 3358 616 3394 ne
634 3367 667 3376 -
687 3342 801 3408 quidem,
826 3338 978 3393 necessario
1003 3358 1034 3392 ne
1058 3339 1180 3407 praeponi
1199 3340 1279 3393 debet

181 3423 387 3485 dcumoeutioni
406 3448 455 3500 per
473 3431 619 3485 relativum
643 3428 729 3494 factae,
758 3445 833 3482 nemo
857 3436 904 3495 eat,
933 3445 964 3480 ne
991 3445 1069 3497 quem
1094 3430 1147 3495 {ilii
1173 3431 1278 3496 quidem

180 3528 247 3584 timp.
263 3529 371 3574 movent.

154 3588 168 3659 ¹)
179 3598 200 3653 ln
213 3610 361 3663 transcursu
379 3607 507 3661 Ammiani
527 3606 606 3661 Messi
624 3606 795 3675 grammatici
815 3607 890 3659 locus
909 3606 1098 3659 emendandus
1117 3611 1166 3673 est,
1185 3606 1232 3674 qui
1251 3606 1279 3659 in

180 3691 273 3750 editione
289 3697 473 3751 Lindemanni
492 3696 581 3765 (Corp.
601 3695 722 3750 Gramm.
739 3695 796 3749 Lat.
817 3693 839 3759 1)
858 3711 883 3762 p.
903 3693 955 3745 248
974 3694 1012 3747 ila
1031 3695 1169 3748 scribitur:
1191 3696 1280 3758 ,Multo

178 3778 288 3838 librorum
314 3794 407 3840 mutuo
430 3788 510 3839 dedit.
533 3787 635 3838 Termi.
659 3786 772 3837 Heaut:
803 3784 855 3836 Cui
877 3784 1071 3836 drachmarum
1094 3786 1149 3836 hoec
1174 3787 1281 3851 arpenti

177 3872 230 3925 nelle
245 3877 352 3929 Meroe
378 3883 478 3928 mutuo.
519 3875 572 3927 Cic.
596 3876 628 3926 de
653 3875 771 3926 Proetur.
801 3873 917 3926 Urbem:
949 3874 1041 3925 Vemn
1064 3880 1088 3924 ct
1113 3890 1167 3927 uno
1190 3875 1281 3925 minus

174 3966 222 4014 teau
237 3965 341 4017 liaberet
359 3965 394 4017 ab
416 3961 517 4017 boma*
557 3961 693 4015 Ciceronis
717 3962 815 4023 locum,
844 3977 927 4029 quem
951 3961 1068 4014 editores
1093 3977 1147 4014 non
1171 3961 1279 4015 invene·
1349 3998 1354 4006 ›

171 4056 230 4111 runt,
255 4058 328 4120 patet
352 4052 426 4105 hunc
450 4067 517 4113 csse,
546 4067 601 4118 quo
624 4051 658 4103 de
677 4051 791 4118 agimus,
820 4066 916 4103 verum
941 4050 975 4102 ad
995 4049 1070 4102 illam
1089 4049 1279 4103 elocutionem.

168 4138 233 4193 cuins
251 4139 407 4208 exemplum
430 4140 549 4208 ponitur,
579 4155 633 4192 non
657 4139 800 4208 pertinere.
839 4139 891 4202 Sed
911 4138 939 4191 in
958 4138 1016 4191 cod.
1036 4137 1123 4192 Gueif.
1143 4141 1207 4192 anie
1226 4144 1279 4191 esi:

164 4227 213 4280 lusc
237 4231 343 4295 aromati
369 4232 459 4281 minua
486 4229 564 4282 hobel
591 4246 653 4282 uno.
690 4227 797 4282 Coaluil
821 4228 921 4296 duplex
944 4226 1075 4290 elocutio;
1103 4226 1190 4280 altera
1217 4241 1279 4279 cum

163 4317 281 4384 exemplo
299 4332 349 4369 suo
368 4317 426 4370 haec
445 4322 499 4370 est:
523 4319 617 4370 Minus
635 4319 712 4371 babet
730 4335 793 4370 uno.
825 4317 878 4369 Cic.
898 4318 929 4368 de
949 4317 1068 4368 Proetur.
1093 4315 1193 4368 Urbon.
1217 4316 1280 4366 Ver-

158 4407 211 4457 tis:
232 4405 265 4458 Ut
283 4422 337 4459 uno
356 4408 447 4459 minus
465 4414 528 4459 teste
546 4407 654 4460 hobmt
672 4408 803 4460 Habonio.
833 4405 908 4469 (Hoec
927 4404 1045 4457 nominis
1064 4403 1153 4457 forma
1171 4410 1199 4457 el
1217 4402 1280 4456 hinc

158 4494 334 4548 conlimatur
352 4498 379 4547 el
398 4510 432 4549 ex
450 4494 560 4548 Asconii
583 4495 647 4549 edil.
666 4496 788 4564 principe
807 4494 841 4546 ad
862 4494 881 4557 1,
901 4492 943 4553 54,
964 4491 1036 4554 141.)
1072 4489 1206 4558 [Eandem
1224 4506 1279 4544 cor·

157 4582 307 4637 rectionem
324 4587 420 4652 postea
439 4582 534 4637 iecisse
554 4584 707 4638 Hoevenum
726 4582 806 4637 video
825 4582 898 4650 apud
918 4580 1035 4635 Keilium
1054 4580 1102 4633 VII
1120 4597 1147 4648 p.
1166 4575 1239 4645 lsi]
