2948 5206
659 324 720 388 177

131 541 213 587 rursus
242 521 305 585 ulla
340 521 541 585 urbanarum
576 519 619 584 ab
646 519 774 585 rusticis
802 521 959 586 seiuncta.
969 516 995 602 ι)
1041 523 1074 587 Si
1109 544 1175 606 qua
1208 526 1286 589 urbs

132 633 190 705 erat,
206 627 235 691 id
256 631 353 710 caput
377 631 410 692 et
432 626 526 691 sedes
551 623 688 691 civitatis
711 626 898 692 habebatur
920 648 1104 710 nomenque
1128 630 1158 694 ei
1175 631 1286 708 dabat,

134 737 240 799 cetemn
262 733 459 800 domicilium
482 733 598 815 aliquis
621 733 655 797 in
677 734 759 798 urbe
782 754 825 798 an
842 733 876 798 in
892 753 971 816 agro
987 735 1122 817 vicoque
1139 736 1286 816 haberet,
1302 755 1341 795 21⁸

134 860 178 905 mu
197 841 290 906 solum
320 841 541 906 vetustissimo
568 843 716 922 ternpore
748 840 828 905 nihil
863 840 1027 919 intererat,
1062 843 1121 906 sed
1156 844 1287 909 omnino

135 946 175 1011 loc
191 947 372 1012 discriminis
401 967 504 1029 genus
532 967 553 1011 a
580 947 650 1011 iure
681 948 889 1029 antiquorum
919 947 1115 1029 populorum
1145 950 1288 1016 alienum

136 1058 193 1129 erat3
219 1058 354 1131 lantum,
390 1054 446 1136 qui
473 1055 507 1118 in
535 1053 616 1118 urbe
639 1053 824 1118 sedentario
847 1057 975 1136 quaestu
999 1055 1101 1119 vitam
1125 1059 1288 1121 sustenta-

136 1158 195 1239 unt,
223 1161 303 1227 inter
336 1160 486 1225 homines
522 1160 590 1242 agri
625 1160 749 1224 colendi
779 1163 811 1225 et
841 1160 917 1224 belli
948 1161 1110 1227 studiosos
1137 1163 1289 1228 interiore

138 1267 334 1333 enstmanone
365 1262 503 1348 erant.²)
549 1265 672 1332 Omnes
703 1270 824 1346 autem,
860 1267 914 1348 qui
946 1269 1084 1333 civitatis
1115 1269 1289 1351 participes

139 1373 283 1455 metipsi
307 1373 512 1456 publicorum
535 1375 738 1455 negotiorum
762 1373 964 1455 agendorum
987 1374 1058 1438 loca
1075 1378 1290 1458 temporaque

140 1476 243 1544 11111111.
275 1479 430 1545 Ceterum
453 1480 511 1544 ubi
533 1480 643 1562 plures
667 1484 760 1545 erant
783 1481 927 1545 eiusdem
946 1481 1055 1562 stirpis
1071 1481 1183 1563 populi
1200 1481 1290 1564 (nam

141 1585 214 1666 populi
229 1585 458 1669 appellantur),
482 1586 609 1668 linguae,
633 1607 761 1651 morum
779 1587 1065 1668 institutorumque
1082 1588 1290 1654 similitudine

141 1693 267 1770 mucci,
303 1693 489 1758 civitatibus
512 1692 652 1771 discreti,
688 1714 747 1758 nec
770 1698 881 1759 tamen
904 1694 1059 1776 singulari
1082 1694 1190 1776 aliquo
1214 1714 1292 1760 casu

143 1795 227 1877 diuisi,
251 1801 394 1883 primum
418 1801 551 1864 alterius
574 1801 685 1883 populi
709 1801 857 1866 homines
881 1800 949 1883 apti
973 1805 1067 1865 erant
1090 1802 1132 1866 ad
1155 1822 1292 1867 munera

144 1903 220 1968 tium
243 1907 370 1989 privata
392 1906 426 1971 in
449 1907 496 1971 rei
519 1906 687 1972 familiaris
710 1908 847 1990 negotiis
877 1909 909 1972 in
934 1908 1037 1972 altera
1060 1908 1190 1972 civitate
1213 1910 1292 1973 obe·

146 2009 210 2087 uda,
244 2032 301 2078 nec
335 2013 549 2078 contaminari
583 2014 681 2097 stirps
716 2015 895 2097 putabatur
929 2014 1143 2079 matrimoniis
1178 2018 1292 2080 mutuo

148 2112 210 2194 'attin
238 2139 310 2184 nam
346 2120 461 2184 eadem
497 2125 590 2185 erant
624 2140 728 2198 sacra,
764 2121 882 2201 quihus
911 2122 1073 2185 solemnes
1101 2123 1181 2185 ritus
1210 2122 1292 2185 nit·

150 2217 338 2301 nominem
361 2226 412 2290 ius
434 2222 645 2309 privatum.³)
679 2228 792 2309 ltaque
815 2230 1032 2292 cornrnerciom
1056 2233 1089 2292 et
1106 2228 1294 2292 connubium

152 2324 201 2392 itta
225 2351 254 2395 se
285 2332 463 2397 habebant.
511 2332 636 2398 Deinde
669 2334 861 2416 plerumque
896 2336 948 2399 hae
983 2334 1129 2399 civitates
1164 2336 1294 2416 publico
1308 2361 1347 2402 sn

155 2499 362 2517 '’h-

174 2621 255 2697 ι11111111
271 2633 374 2687 Graecos
393 2628 408 2695 ἦ
429 2633 544 2684 πολιτεία
563 2633 662 2686 dicitur
680 2627 733 2681 cino*
752 2635 797 2694 τῆς
815 2628 922 2689 πόλεως,

175 2709 189 2775 'i
199 2716 248 2773 iiiuc
261 2721 337 2790 igitur
355 2725 432 2776 urbis
451 2723 597 2792 appellatio
616 2727 712 2790 postea
731 2739 840 2790 quoque
853 2723 880 2775 in
894 2739 950 2776 una
963 2724 1038 2786 urbe,
1058 2729 1190 2792 tanquam
1204 2725 1295 2792 plures

202 2821 241 2860 uon
258 2818 341 2866 essent
364 2812 445 2865 unius
469 2812 576 2880 populi,
601 2812 715 2873 mansit;
743 2811 820 2875 hinc,
848 2828 965 2879 qnorum
990 2812 1152 2880 oppidorum
1177 2814 1248 2866 cives
1268 2814 1295 2866 in

204 2898 269 2963 populi
280 2900 355 2955 llom.
369 2917 467 2969 corpus
486 2901 586 2968 recepti
606 2907 692 2965 eraut,
712 2917 767 2953 non
780 2901 945 2968 respublica
959 2902 1048 2965 modo,
1068 2903 1114 2954 sed
1130 2905 1225 2954 civitas
1237 2919 1296 2956 esse

205 2982 313 3042 desinebat
330 2990 394 3055 (Cic.
415 2990 510 3057 fragm.
531 2990 587 3043 init.
607 2995 674 3042 orat.
694 2989 721 3041 in
742 2989 830 3042 Pison.
851 3008 915 3041 nom
934 2999 990 3041 tum
1013 2999 1072 3042 crat
1091 2990 1208 3055 cicttaa);
1233 2992 1297 3045 hinc

206 3070 315 3140 sinuas
333 3079 380 3132 illa
399 3080 475 3132 urbis
494 3079 632 3132 veneratio
652 3096 684 3132 ea
703 3095 812 3146 quoque
836 3084 924 3139 aetate,
953 3096 1038 3146 quum
1063 3080 1117 3132 late
1141 3079 1202 3133 lusa
1226 3086 1297 3134 esset

207 3159 284 3224 civitam
309 3167 353 3221 illa
376 3168 404 3221 in
422 3168 523 3236 duplici
544 3168 639 3235 patria,
668 3167 784 3219 civitatis
804 3173 830 3219 et
850 3167 967 3235 originis,
996 3167 1115 3220 nominis
1134 3168 1297 3236 ambiguitas
1391 3165 1393 3168 ’

207 3245 253 3309 (Cic
267 3255 295 3307 de
310 3257 387 3326 legg.
407 3258 440 3320 ll,
464 3256 500 3322 2),
525 3274 556 3310 ex
577 3273 631 3324 qua
650 3256 715 3310 olim
734 3256 879 3309 discrimen
899 3257 1009 3324 aliquod
1029 3257 1095 3309 iuris
1114 3256 1297 3325 excogitatum

208 3343 243 3390 61
269 3344 303 3397 td
324 3346 467 3399 notionum
491 3362 599 3408 earum,
628 3346 661 3398 de
686 3346 784 3413 quibus
808 3346 913 3413 loquor,
942 3346 1014 3413 apud
1038 3346 1177 3398 Romanos
1202 3363 1298 3413 cogna-

209 3424 284 3484 tionem
299 3434 486 3488 declarandam
505 3433 645 3502 pertinent
663 3434 799 3486 Ciceronis
818 3434 869 3487 loci
888 3436 922 3487 de
936 3436 967 3488 R.
982 3435 1010 3487 P.
1031 3435 1041 3486 1
1062 3450 1083 3486 c.
1103 3432 1145 3495 26,
1165 3450 1214 3501 pro
1230 3434 1297 3487 Sest.

208 3510 240 3573 4².
256 3518 289 3572 91.
319 3524 492 3577 Definiunlur
520 3523 642 3576 civitates
670 3526 850 3575 conventiculo
875 3526 1024 3585 tonaimon,
1054 3523 1135 3576 urbes
1163 3525 1298 3575 dorrricrlio

210 3618 324 3665 misoclo.

181 3678 196 3733 ’1
209 3687 242 3742 1111
254 3698 370 3762 privatum
390 3716 537 3753 commune
557 3705 680 3752 veterum
700 3701 862 3768 populorum
879 3701 1047 3761 Latinorum,
1068 3701 1140 3767 quod
1160 3700 1299 3752 sublatum

210 3783 247 3841 &t
266 3802 337 3852 quum
355 3791 414 3858 lege
434 3789 503 3842 Iulia
521 3789 547 3842 in
572 3788 710 3841 civitatem
730 3791 831 3857 recepti
850 3795 922 3851 sunl,
952 3794 1149 3842 commemorat
1169 3789 1234 3840 Gell.
1256 3789 1298 3845 ll'.

211 3864 232 3925 4,
250 3880 367 3931 auctorem
385 3878 473 3931 citans
492 3877 617 3931 Servium
638 3878 796 3946 Sulpicium,
825 3878 870 3946 qui
891 3879 1089 3947 sponsaliorum
1111 3877 1152 3929 ius
1172 3877 1233 3929 inde
1254 3894 1299 3930 ex-

211 3968 320 4025 &nant
355 3967 454 4020 ltirum
473 3972 522 4031 est,
547 3967 619 4020 hunc
644 3967 733 4019 locum
753 3968 907 4034 neglectum
928 3968 1010 4020 luisse
1029 3984 1045 4019 a
1064 3966 1200 4034 plerisque
1221 3967 1300 4018 inea

212 4051 367 4121 controversia,
395 4073 457 4124 quae
476 4061 585 4125 propter
604 4057 723 4109 absurda
748 4054 851 4120 (Rothii
871 4062 897 4110 et
916 4056 1054 4109 Niebuhrii
1075 4055 1208 4107 vocabulo
1228 4052 1299 4120 utor)

212 4130 302 4194 eludam
318 4144 392 4198 Gellii
412 4145 496 4197 verba
515 4145 593 4205 (xvi,
615 4143 658 4209 13)
677 4146 779 4212 agitata
793 4151 841 4211 est,
862 4145 1058 4197 retinuerintnc
1074 4143 1222 4210 municipia
1236 4160 1300 4196 suas

212 4218 265 4288 leges
279 4238 300 4282 et
319 4234 358 4287 ius
380 4251 415 4287 an
439 4235 467 4287 in
493 4234 648 4287 Romanurn
674 4234 837 4287 transierint.
876 4235 905 4285 In
926 4251 987 4301 qua.
1013 4239 1042 4285 ut
1062 4232 1186 4300 exemplo
1206 4232 1300 4285 coufir-

214 4322 273 4375 ffltffl.
288 4336 340 4387 qua
357 4324 439 4391 paulo
457 4328 521 4377 ante
540 4323 603 4381 dixi.
624 4329 716 4377 tantus
735 4324 786 4377 luit
805 4340 887 4379 error.
914 4329 944 4375 ut
965 4323 1020 4389 ipse
1040 4321 1225 4388 Montesquius
1246 4338 1299 4373 non

213 4399 278 4457 ⁵⁰111111
293 4411 393 4476 putarit,
412 4411 572 4479 municipes
592 4413 638 4479 qui
658 4412 691 4464 de
709 4413 813 4479 legibus
827 4412 918 4479 populi
934 4413 1011 4463 llom.
1026 4410 1194 4477 privatarum
1209 4427 1300 4462 rerum

213 4489 312 4562 suffragia
319 4500 416 4554 ferrent
424 4517 524 4569 easque
532 4502 737 4564 constituerent,
749 4501 821 4568 ipsos
832 4502 912 4568 plane
922 4500 975 4551 alio
986 4499 1044 4552 iure
1053 4515 1116 4551 usos
1127 4515 1193 4562 esse,
1205 4515 1300 4551 verum

214 4572 236 4626 id
249 4595 291 4636 ooo
305 4588 414 4643 absurde
434 4590 588 4643 institutum
608 4589 700 4653 luisse,
724 4596 837 4642 conatus
857 4589 891 4641 sit
910 4589 1060 4640 ostendere.
1091 4588 1131 4639 lta
1150 4588 1301 4640 abutuntur

1052 4675 1086 4727 12
