2956 5190
623 298 686 363 cu
707 369 714 385 ‚

44 486 273 573 vincantur¹);
309 492 369 557 etsi
398 493 530 558 omnino
558 494 755 559 familiarum
784 491 970 558 discrimina
999 508 1149 572 persaepe
1172 508 1250 555 con·

45 598 241 676 funduntur,
278 599 393 664 eadem
425 600 675 683 interpolatione
707 620 765 682 per
796 603 970 682 utramque
1001 600 1059 661 aut
1081 596 1251 678 utriusque

45 708 180 789 partem
202 709 365 788 serpente.
411 706 639 772 Recentissimi
662 707 813 785 editores,
848 709 919 771 tota
947 723 983 769 re
1011 723 1077 768 non
1101 702 1251 768 animad-

47 832 157 890 versa,
192 811 270 876 dum
300 812 416 878 eodem
446 813 544 879 modo
573 814 635 892 hic,
672 833 737 896 quo
765 814 799 878 in
823 811 999 877 Maniliana
1022 814 1080 875 aut
1102 811 1135 874 in
1159 810 1251 875 Milo-

47 919 152 985 niana
173 919 243 984 fieri
266 923 375 1002 potest
406 938 444 984 ac
473 920 581 1000 debet,
616 921 767 985 meliores
798 919 925 984 codices
958 918 1049 1000 sequi
1083 920 1251 994 conantur,

48 1026 183 1092 difficile
218 1026 309 1091 dictu
343 1033 402 1104 est,
439 1046 538 1109 quam
572 1029 659 1092 male
693 1027 779 1091 hanc
813 1027 994 1091 orationem
1029 1023 1251 1089 tractaverint.

48 1132 153 1200 Cuius
174 1133 221 1199 rei
245 1133 399 1214 exempla
423 1133 575 1215 quadam
599 1133 642 1198 ad
665 1133 941 1216 persuadendum,
965 1135 1003 1195 ut
1025 1130 1149 1213 opinor,
1175 1133 1253 1212 apta

48 1241 106 1306 hic
129 1260 262 1323 ponam.
310 1238 462 1322 (Orellius
485 1240 518 1305 in
541 1240 704 1323 plerisque
728 1239 808 1305 locis
831 1258 885 1303 me
908 1241 1039 1303 secutus
1063 1234 1137 1317 est.)

143 1347 211 1412 laun
235 1347 362 1429 inipso
386 1348 520 1412 exordio
543 1347 698 1425 orationis
717 1344 737 1428 ὅ
753 1345 943 1423 2K10tzius,
967 1343 1157 1420 Beneckius,
1182 1341 1253 1407 Sol·

50 1454 171 1533 danus,
206 1453 345 1519 Orellius
370 1452 628 1536 (Steinmetzium
651 1451 779 1535 omitto)
809 1452 996 1518 ediderunt:
1033 1449 1116 1514 Eum
1138 1469 1253 1534 repam,

50 1549 145 1647 queem
160 1581 276 1624 eruere
292 1569 386 1626 euleu
409 1570 517 1626 cuncto
540 1582 610 1625 eum
632 1567 744 1624 senatu
767 1580 949 1641 scissurus,
974 1594 1014 1602 -
1040 1578 1123 1620 uuue
1145 1562 1254 1620 centra

53 1669 287 1732 atrocissimum
309 1669 428 1732 crimus
456 1688 548 1753 coqor
575 1666 755 1750 defendere,
791 1686 865 1732 cum
889 1665 983 1730 codd.
1008 1663 1085 1742 liri,
1115 1662 1198 1728 Gud.
1222 1663 1253 1741 2,

53 1774 156 1851 Leid,
180 1774 368 1856 salisburg,
393 1775 468 1840 Par.
494 1776 545 1854 11,
570 1774 640 1839 aliis
663 1773 822 1856 pluribus.
868 1772 960 1849 Novi,
985 1790 1084 1852 quam
1109 1768 1204 1834 facile
1222 1771 1256 1833 et

53 1881 165 1947 subito
189 1880 300 1946 Cicero
324 1881 438 1964 primae
462 1901 611 1964 personae
632 1879 723 1944 verbi
739 1899 912 1945 numerum
928 1881 1043 1942 mutet.
1080 1877 1255 1959 Nunquam

54 1994 168 2054 tamen
191 1988 224 2052 id
248 1987 334 2065 fecit,
364 1988 451 2070 quod
475 1987 630 2053 orationis
653 1990 772 2051 natura
796 1985 1010 2069 repugnabat,
1040 1985 1073 2048 in
1097 1982 1255 2048 eiusmodi

55 2095 223 2160 notatione
247 2114 355 2159 rerum
380 2096 413 2160 in
436 2116 496 2161 sua
519 2096 621 2178 ipsius
644 2113 784 2177 persona
808 2093 1044 2159 contrariarum
1069 2092 1102 2156 in
1125 2092 1256 2154 senten·

54 2205 103 2267 tia
127 2202 263 2266 relativa
289 2205 321 2266 et
345 2203 600 2268 demonstrativa
625 2199 795 2283 copulatis.
842 2198 948 2281 (Quod
975 2198 1113 2262 Orellius
1137 2217 1176 2262 ex
1200 2196 1255 2260 lib.
1272 2205 1312 2245 ³0⁸

57 2309 136 2373 lde
158 2308 209 2374 Re
231 2330 264 2391 p.
289 2307 307 2389 9
333 2311 375 2373 10
398 2310 582 2391 exemplum
607 2307 740 2390 profert,
776 2306 880 2371 simile
910 2309 1006 2382 esset,
1042 2305 1069 2368 si
1097 2304 1142 2368 lbi
1170 2304 1257 2385 lege-

57 2419 162 2480 retur:
198 2415 275 2501 qu-id
307 2415 415 2498 fuce-re
443 2418 662 2499 potuissemus,
698 2415 762 2478 uisi
797 2413 903 2476 consul
935 2410 1092 2494 fuissem.)
1146 2409 1259 2490 Neque

58 2524 166 2587 minus
190 2522 349 2604 pluralem
374 2542 548 2587 numerum
571 2522 695 2604 respuit
718 2520 883 2585 Ciceronis
906 2519 1007 2601 ipsius
1036 2521 1069 2581 et
1096 2517 1192 2581 unius
1216 2515 1259 2580 ab

59 2637 176 2694 senatu
200 2629 268 2693 eius
293 2629 471 2695 sententias
494 2633 652 2712 sequente
675 2627 850 2710 separatio.
893 2626 1006 2707 ltaque
1029 2643 1106 2688 vere
1130 2621 1259 2688 Coloni·

60 2737 146 2801 ensis
170 2734 210 2817 (si
233 2736 332 2800 modo
357 2736 463 2800 verius
488 2738 574 2799 hunc
598 2735 744 2800 Graevius
768 2732 945 2816 appellavit
968 2751 1067 2815 quam
1093 2730 1259 2796 Erfurten·

60 2842 144 2923 sem)
174 2847 206 2907 et
230 2841 314 2906 Gud.
341 2843 356 2904 l
388 2845 421 2905 et
450 2842 515 2906 duo
544 2842 591 2906 St.
615 2840 752 2905 Victoris
781 2840 908 2904 codices
938 2837 1041 2921 (apud
1071 2833 1260 2917 Gruterum)

61 2949 180 3031 aliique
215 2952 248 3012 et
282 2968 302 3012 a
337 2948 475 3013 Grutero
509 2948 584 3012 inde
619 2947 776 3011 editiones
805 2947 929 3028 priores
962 2944 1086 3009 habent
1114 2942 1260 3017 solebam,

61 3056 160 3137 idque
184 3055 369 3120 Marcianus
392 3054 525 3136 Capella
549 3054 576 3116 V
599 3074 631 3135 p.
658 3054 721 3116 162
745 3052 834 3117 Grot.
860 3052 1041 3117 confirmat.

152 3161 170 3243 ὅ
194 3164 215 3226 2
237 3162 336 3226 iidem
360 3161 500 3225 editores
525 3180 543 3224 e
567 3158 742 3234 codicibus,
779 3159 834 3240 qui
858 3158 1007 3222 meliores
1032 3157 1192 3233 dicuntur,
1229 3158 1261 3219 et

63 3269 175 3352 paucis
210 3268 281 3332 aliis
315 3268 400 3332 hanc
429 3269 624 3348 scripturam
653 3269 847 3349 posuerunt:
885 3263 1032 3328 Crudelis
1068 3264 1188 3344 Castor,
1224 3282 1263 3325 ue

64 3376 168 3440 ilicum
192 3376 375 3439 sceleratum
399 3382 426 3437 et
449 3376 592 3457 irreptum,
616 3376 671 3460 qui
695 3377 754 3438 cet.
780 3392 839 3454 pro
863 3392 912 3449 ea,
939 3392 1037 3453 quam
1063 3368 1262 3435 Coloniensis

65 3486 97 3547 et
121 3482 204 3546 Gud.
231 3483 245 3545 1
273 3486 306 3545 et
329 3482 526 3545 deteriorum
558 3481 703 3562 plerique
731 3478 855 3549 habent
883 3479 1132 3560 superioresque
1160 3474 1262 3539 secuti

66 3595 175 3654 erant:
201 3589 367 3653 Crudelem
392 3588 562 3668 Castorem,
587 3590 725 3673 quiret.
761 3586 856 3664 Quod
880 3605 978 3667 quam
999 3603 1100 3666 prave
1118 3582 1262 3656 iecerint,

65 3697 135 3778 ipse
158 3695 337 3760 Beneckius
361 3696 447 3769 dicit,
472 3695 596 3758 nullum
620 3714 656 3758 se
679 3694 846 3757 confessus
870 3692 1056 3774 exemplum
1074 3689 1206 3761 habere,
1231 3687 1263 3751 in

66 3822 130 3884 quo
153 3803 203 3867 his
228 3801 337 3866 verbis
362 3823 399 3865 ne
422 3801 526 3864 dicum
551 3821 616 3866 non
640 3801 737 3877 idem,
767 3800 821 3881 qui
844 3798 1058 3881 praecesserit,
1090 3815 1185 3860 casus
1209 3813 1264 3858 su·

67 3908 225 3973 biiciatur.
273 3909 414 3984 Addam,
444 3909 610 3973 neminem
634 3926 673 3971 ex
696 3906 897 3971 nominativo
921 3904 1143 3970 accusativum
1168 3903 1265 3966 ellec-

112 4088 337 4095 ---.——...-—...-

98 4208 117 4276 ¹]
137 4210 263 4265 Codicem
283 4211 351 4264 Gud.
372 4210 384 4261 1
406 4209 552 4272 Soldanus,
571 4209 618 4278 qui
637 4208 695 4278 ipse
714 4207 838 4271 contulit,
858 4207 926 4260 falso
946 4224 1009 4260 cum
1029 4206 1075 4259 illa
1093 4202 1266 4265 Erfurtensis,

139 4299 255 4353 Gudiani
276 4299 397 4359 secundi,
417 4298 638 4367 Salisburgensis,
657 4297 816 4351 Parisiensis
836 4296 864 4347 11
889 4296 992 4349 familia
1011 4293 1157 4362 ‹muiunpit
1177 4309 1193 4345 a
1212 4306 1268 4360 qua

140 4388 168 4441 in
187 4388 219 4441 iis
238 4388 312 4451 locis,
333 4388 378 4441 ubi
397 4387 518 4441 maxime
536 4386 682 4440 discrimen
703 4385 869 4439 familiarum
889 4384 1000 4447 eminet,
1024 4398 1135 4452 prorsus
1153 4380 1267 4434 discedit

140 4475 200 4544 (51
221 4479 345 4541 solebam,
373 4474 424 4542 §2
447 4477 579 4529 crudelem
606 4477 752 4539 Castorem,
780 4472 832 4540 §3
855 4479 915 4526 cum
939 4473 1019 4525 rerba
1037 4470 1188 4534 audiebam,
1215 4466 1269 4535 Η

141 4567 283 4633 adfectuum
302 4564 319 4632 fi
337 4565 354 4617 9
372 4567 492 4629 exorari,
511 4562 528 4630 d
548 4562 582 4615 12
600 4572 675 4619 tauto
695 4594 726 4602 -
747 4569 847 4632 quanto
866 4560 937 4626 cet).
