2948 5206
691 293 755 361 687

122 490 242 574 possit3
276 489 388 572 itaque
419 488 519 554 etiam
551 487 751 573 Oppianicus
783 488 914 554 liberari
945 492 1068 572 potest;
1103 490 1200 573 plane
1231 492 1328 575 igitur

122 597 291 664 hominem
315 597 521 681 perdamus.‘

212 704 365 786 Persaepe
399 703 489 768 mala
522 702 585 767 hac
619 702 856 768 sententiarum
892 702 1098 769 distinetione
1133 703 1329 771 obscuratur

123 831 239 876 earum
263 810 498 893 particularum
520 809 614 886 ratio,
644 828 718 891 quae
748 808 798 874 bis
821 809 937 892 positae
961 810 1045 875 inter
1067 830 1104 875 se
1127 816 1327 877 connectun-

121 920 187 996 tur,
222 918 431 999 maximeque
465 917 528 982 hoc
561 916 608 994 tit,
643 915 702 980 uhi
736 916 836 999 paulo
870 915 1004 981 liberius
1040 922 1178 1000 vagatur
1212 920 1327 993 oratio,

122 1026 253 1089 mutata
275 1023 423 1089 nonnihil
446 1025 480 1088 in
502 1023 606 1088 altero
629 1021 780 1088 membro
803 1029 979 1088 structura.
989 1018 1015 1104 ¹)
1050 1023 1158 1102 Quam
1182 1025 1277 1091 facile
1295 1028 1328 1091 in

121 1129 175 1195 his
197 1129 343 1195 minutiis
367 1134 502 1208 erretur,
526 1128 667 1212 perspici
689 1132 798 1211 potest
820 1130 854 1194 in
877 1129 1066 1208 Quintiliani
1090 1130 1220 1197 libroX
1244 1152 1271 1198 o.
1298 1136 1327 1211 1,

122 1237 178 1315 24,
202 1236 259 1301 ubi
282 1236 316 1307 in
339 1237 389 1302 his
412 1235 536 1302 verbis:
561 1235 604 1300 Et
627 1234 727 1298 Pollio
750 1242 779 1299 et
802 1235 944 1301 Messala
966 1237 1177 1320 defoederant
1197 1239 1328 1317 eosdem,

122 1342 333 1426 Spaldingius
356 1351 385 1408 et
407 1378 450 1389 -
474 1350 502 1407 et
525 1362 585 1425 pro
608 1348 673 1406 tam
703 1375 744 1385 -
773 1363 869 1428 worn
892 1344 1014 1409 dietum
1039 1345 1233 1427 suspicatur,
1269 1365 1329 1411 nec

122 1450 337 1516 Frotschenrs
361 1449 521 1515 dissentit.
567 1448 612 1515 At
635 1448 714 1531 quid
737 1450 882 1532 apertius
911 1470 1011 1533 quarn
1041 1452 1130 1534 prius
1160 1459 1188 1516 et
1215 1452 1329 1518 referri

121 1557 168 1623 ad
204 1577 253 1635 ea,
289 1577 363 1639 quoe
393 1556 586 1640 praecedunt
618 1558 651 1620 et
681 1560 871 1638 sequuntur,
908 1556 1154 1640 orationemque
1182 1559 1229 1624 sic
1257 1579 1329 1625 esse

124 1663 398 1730 continuandam:
436 1662 584 1727 Nande
612 1661 703 1727 άοηιο
734 1662 894 1727 Ciceronis
921 1662 1005 1727 diait
1030 1663 1186 1747 Calidius,
1216 1674 1249 1730 et
1266 1688 1330 1751 pro

123 1770 247 1836 Milone
270 1806 323 1853 -,
352 1778 389 1835 et
420 1769 521 1834 Pollio
551 1775 580 1833 et
611 1769 752 1834 Messala
781 1769 991 1852 defenderant
1019 1772 1151 1854 eosdem,
1186 1780 1219 1837 et
1241 1773 1331 1838 nobis

116 1879 233 1962 pneris
256 1881 318 1942 cet.
369 1878 406 1941 In
437 1876 582 1941 eiusdem
615 1875 781 1959 scriptoris
812 1876 896 1942 libro
919 1876 972 1953 Xl,
1006 1877 1036 1956 3,
1070 1878 1088 1942 7
1121 1878 1329 1962 Spaldingius

122 1983 336 2049 scribendum
359 1984 559 2067 suspicatur:
584 1984 680 2048 etiam
704 1982 750 2047 M.
771 1982 893 2060 Cicera
918 1984 977 2049 sed
1000 1991 1029 2048 et
1051 1984 1193 2050 refertur
1214 1985 1257 2050 ad
1278 1973 1340 2063 ea,¹

124 2110 201 2174 quae
228 2092 437 2174 praecedunt:
473 2098 502 2156 ct
529 2089 762 2155 Demosthenes.
809 2089 845 2154 ln
868 2089 951 2156 libro
974 2090 1042 2169 ΧΠ,
1075 2092 1126 2169 10,
1156 2092 1197 2156 27
1222 2092 1256 2157 in
1279 2092 1329 2157 his

122 2197 250 2264 verbis:
290 2198 418 2284 qnando
460 2205 488 2262 et
521 2196 769 2262 iucundissimas
810 2197 1003 2279 particulam
1047 2205 1075 2261 et
1108 2198 1330 2265 Buttmannus

122 2308 350 2364 ᾰναηαπὸσοτον
373 2324 444 2370 esse
468 2307 579 2387 putat3
613 2304 708 2369 adest
731 2306 853 2381 tamen,
886 2323 959 2386 quae
984 2303 1026 2368 ad
1050 2304 1135 2370 hanc
1158 2306 1328 2384 referatur,

125 2412 233 2479 altera
255 2412 288 2477 in
312 2411 330 2494 ἕ
354 2413 413 2479 28:
448 2417 477 2475 ct
505 2411 587 2475 aciat
615 2412 651 2474 in
678 2411 780 2475 boum
803 2430 913 2474 earnm
936 2409 1098 2475 nacedent
1120 2413 1239 2489 tristem
1273 2412 1329 2478 illa

125 2523 254 2585 autem:
289 2519 373 2605 qaod
400 2540 496 2605 qaum
524 2519 674 2602 continpit
702 2537 807 2600 usque
835 2516 878 2582 ad
902 2516 1038 2600 efficient
1060 2517 1229 2584 interiecta
1252 2527 1328 2584 sunt

126 2630 161 2691 et
191 2625 397 2709 parenthesis
424 2627 511 2691 notis
543 2624 783 2700 concludenda;
819 2627 906 2695 certe
940 2643 992 2701 ne,
1028 2625 1117 2706 quod
1150 2625 1247 2708 vulgo
1281 2626 1327 2706 lit,

125 2732 362 2815 coniungamus
403 2732 539 2815 efficient
573 2739 601 2796 et
635 2730 811 2808 succedent,
852 2729 924 2812 ipsa
964 2731 1126 2797 sententia
1160 2732 1328 2815 probibet,
1343 2753 1382 2794 sss

124 2840 213 2905 unde
238 2839 337 2904 etiam
360 2839 439 2904 illud
463 2843 612 2922 apparet,
642 2859 702 2921 pro
725 2836 887 2902 succedent
910 2840 968 2903 aut
991 2857 1031 2902 er
1054 2839 1216 2904 nonnullis
1240 2839 1329 2904 codi-

126 2945 218 3011 cibus
242 2950 276 3011 et
298 2947 463 3011 veteribus
492 2945 688 3010 editionibus
716 2944 938 3010 revocandum
967 2964 1039 3009 esse
1066 2945 1234 3010 accedant
1261 2951 1328 3023 aut,

127 3053 217 3136 quod
238 3053 343 3119 multo
366 3057 511 3136 praestat,
542 3071 581 3116 ex
609 3050 783 3128 neccedere,
814 3052 903 3133 quod
924 3054 991 3117 tres
1015 3050 1232 3134 antiquissimi
1256 3052 1329 3117 libri

126 3161 263 3235 babent,
298 3159 484 3225 iaciendum
514 3178 586 3224 esse
615 3178 796 3222 successere.
842 3159 930 3223 Ante
958 3159 1063 3224 multa
1091 3158 1180 3223 enim
1208 3160 1328 3223 saecula

125 3266 243 3333 littera
265 3266 294 3349 f,
322 3289 351 3348 a,
380 3289 399 3353 q
423 3286 443 3332 a
465 3265 589 3331 Latinis
613 3269 755 3347 receptae
780 3268 874 3330 erant
897 3268 930 3330 et
952 3264 986 3329 in
1010 3264 1116 3330 locum
1140 3264 1326 3331 Graecarum

128 3374 311 3439 dulciorum
335 3376 571 3438 successerant.

215 3479 355 3546 Maiores
379 3479 493 3545 turbas
517 3479 664 3562 neglecta
688 3479 852 3544 distinctio
869 3478 972 3544 morit
988 3477 1021 3543 in
1038 3477 1227 3557 Quintiliani
1246 3477 1329 3542 libro

126 3587 182 3666 Xl,
206 3586 238 3665 3,
261 3587 316 3664 40,
340 3606 438 3669 quern
461 3586 569 3652 lacurn
593 3605 695 3668 quum
718 3585 843 3668 priores
866 3584 1060 3669 interpretes
1083 3604 1198 3650 secure
1220 3588 1328 3649 trans·

126 3694 243 3773 issent,
279 3692 504 3777 Spaldingium
534 3692 705 3757 sententiae
734 3692 880 3774 pravitas
909 3712 975 3757 non
1004 3691 1132 3768 fefellit;
1167 3692 1227 3757 sed
1255 3710 1329 3774 quse

127 3801 155 3867 is
178 3800 368 3883 disputarit,
392 3800 430 3865 iis
454 3799 549 3865 facile
572 3798 768 3876 carebimus,
800 3799 828 3863 si
850 3799 897 3864 ita
920 3798 1232 3882 interpunxerimus:
1270 3796 1329 3862 Or-

126 3915 206 3974 nata
230 3914 274 3972 est
289 3907 522 3992 pronuntiatio,
547 3905 599 3970 cui
620 3904 824 3990 saffrapatnr
846 3927 905 3970 aaa
925 3906 1046 3989 facilis,
1074 3925 1203 3990 maana,
1228 3903 1329 3985 beata,

125 4014 286 4098 flexibilis,
312 4013 421 4097 firma,
450 4013 562 4095 duleis,
597 4011 766 4090 durabilis,
801 4013 903 4094 clara,
932 4033 1033 4097 para,
1068 4032 1177 4076 secans
1200 4032 1280 4075 aera
1303 4019 1331 4075 et

127 4121 262 4187 cumbas
283 4120 394 4186 sedens
416 4120 476 4201 (est
499 4121 581 4184 enim
604 4118 750 4205 quadam
775 4119 819 4184 ad
842 4118 987 4183 andnam
1012 4116 1245 4183 accommodata
1268 4139 1330 4181 non

126 4227 358 4314 mannitadine,
380 4228 436 4293 sed
454 4227 675 4311 proprietate),
700 4226 744 4290 ad
759 4227 815 4290 loc
829 4227 912 4290 velat
926 4224 1103 4290 tractabilis
1119 4228 1179 4289 cet.
1214 4224 1330 4289 Verbis

155 4472 180 4542 ¹)
198 4473 273 4543 [Dixi
291 4481 386 4545 postea
405 4474 439 4530 de
458 4475 510 4529 bac
528 4491 558 4529 re
576 4474 605 4529 in
628 4491 747 4529 excursu
759 4474 849 4544 primo
862 4474 1000 4530 Ciceronis
1018 4471 1093 4528 libris
1113 4472 1147 4527 de
1164 4472 1265 4528 tinibus
1284 4475 1330 4528 bo·

199 4581 299 4619 norum
317 4564 436 4629 adiecto;
458 4565 552 4633 itaque
570 4563 615 4618 hic
632 4563 714 4633 plura
732 4563 841 4618 sustuli
878 4563 910 4618 Α.
932 4558 1022 4630 1842]
