2948 5206
638 282 681 346 35

57 480 87 545 ls
111 480 202 544 locus
226 480 331 544 estin
356 479 459 542 satira
482 478 620 553 decima,
645 479 702 542 ubi
726 479 760 541 in
782 478 1000 561 descriptione
1024 481 1126 547 cladis
1149 482 1258 547 Seiani
1274 506 1300 546 u

58 589 129 651 haec
153 587 260 668 posita
283 589 361 650 sunt
385 584 430 667 (v.
447 585 488 648 81
508 581 610 666 sqq.):
683 597 685 601 ’

435 732 724 808 Perituros'audio
748 746 879 810 multos.

147 853 200 916 Nil
223 852 372 927 dubium,
397 870 516 933 magna
540 854 591 914 est
613 849 798 915 fornacula:
821 853 997 934 pallidulus
1020 856 1065 919 mi

148 958 315 1023 Brutidius
339 977 434 1022 meus
458 958 501 1022 ad
523 958 638 1022 Martis
662 957 722 1021 luit
745 959 862 1023 obvius
887 980 990 1025 aram.

149 1066 257 1145 Quam
281 1067 392 1140 timeo,
416 1065 521 1128 victus
544 1083 585 1129 ne
608 1084 724 1146 poenas
748 1066 857 1147 exigat
879 1067 973 1143 Aiax,

150 1173 194 1238 Ut
216 1173 303 1237 male
327 1171 493 1236 defensus.
539 1172 718 1263 Curramus
741 1174 925 1254 praecipites
948 1180 991 1252 et,

151 1280 236 1344 Dum
259 1280 345 1343 iacet
368 1280 401 1343 in
425 1279 506 1360 ripa,
531 1279 695 1343 calcemus
719 1277 857 1344 Caesaris
880 1282 1019 1345 hostem.

75 1440 169 1517 Quam
193 1441 259 1503 vim
285 1459 315 1503 r.
334 1440 377 1503 84
400 1444 433 1503 et
450 1440 493 1503 85
516 1439 672 1520 habeant,
697 1444 730 1502 et
754 1459 819 1520 quo
841 1445 968 1522 spectet
983 1441 1102 1506 Aiacis*
1117 1461 1261 1507 comme·

77 1549 211 1623 naratio,
240 1564 308 1610 non
332 1550 480 1627 apparet.
525 1546 700 1628 Vulgatam
723 1547 920 1611 sententiam
944 1567 1067 1624 eorum,
1096 1549 1151 1629 qui
1179 1548 1261 1612 Bru·

77 1653 179 1717 tidium
213 1657 247 1717 et
282 1653 363 1717 alios
398 1671 473 1716 cum
504 1653 623 1717 Seiano
657 1654 691 1716 in
726 1653 860 1717 exitium
896 1657 1017 1719 tractos
1051 1675 1126 1719 cum
1160 1655 1275 1718 Aiace

80 1761 246 1841 comparari
270 1760 444 1841 putabant,
479 1760 657 1842 Rupertius
689 1763 777 1823 recte
808 1761 929 1824 reiecit.
976 1760 1042 1825 Sed
1073 1761 1161 1842 quod
1191 1762 1261 1843 ipse
1290 1805 1294 1815 -

81 1867 232 1931 Tiberium
261 1867 398 1930 Aiacem
427 1848 514 1944 facit,
550 1886 616 1931 non
650 1865 869 1948 expediuntur
902 1865 1120 1932 difficultates.
1167 1867 1263 1932 Nulla

83 1981 124 2035 est
144 1973 227 2036 enim
249 1973 428 2037 similitudo
450 1973 560 2036 Aiacis
583 1974 657 2036 victi
680 1980 711 2035 et
736 1972 869 2049 Tiberii,
894 1992 975 2054 quos
999 1974 1123 2052 oderat,
1152 1975 1262 2056 oppri-

86 2082 201 2157 mentis;
231 2081 350 2144 deinde
378 2100 443 2145 non
466 2099 545 2143 sane
569 2078 655 2155 male
680 2078 834 2174 defensus
858 2083 930 2143 erat
952 2079 1114 2159 Tiberius,
1146 2084 1264 2145 senatu

87 2186 215 2251 celeriter
242 2187 399 2252 Seianum
431 2190 464 2251 et
494 2188 564 2250 eius
595 2187 717 2250 amicos
749 2185 792 2249 ad
824 2191 962 2251 mortem
995 2189 1158 2269 rapiente;
1193 2195 1263 2252 tum

88 2293 156 2357 Aiax
176 2295 244 2375 ipse
268 2313 304 2357 se
327 2293 474 2357 defendit
497 2297 530 2357 et
553 2313 647 2358 suam
672 2312 806 2358 causam
835 2293 909 2375 egit,
939 2293 1091 2359 Tiberius
1114 2295 1265 2359 irascitur

92 2403 120 2463 ut
136 2400 173 2463 ab
195 2401 266 2465 aliis
289 2401 376 2464 male
405 2399 569 2464 defensus.
616 2399 729 2480 ltaque
757 2399 827 2463 haec
855 2401 1019 2466 enarratio
1048 2402 1170 2465 exitum
1199 2420 1265 2465 non

92 2504 182 2571 habet.
215 2508 380 2571 Praeterea
397 2507 494 2571 nimis
518 2508 662 2571 breviter
684 2513 717 2569 et
740 2507 810 2570 sine
832 2507 908 2583 ullo,
933 2512 970 2571 ut
992 2507 1130 2585 videtur,
1155 2509 1265 2588 lepore

93 2611 234 2678 Brutidius
258 2615 483 2695 interponitur,
513 2614 631 2678 deinde
659 2615 763 2677 oratio
792 2614 834 2677 ad
859 2614 922 2678 alia
946 2615 1154 2678 convertitur.
1201 2614 1266 2678 Sed

94 2718 222 2784 adhunc
246 2723 354 2802 ipsum
377 2722 542 2802 pertinent
565 2720 619 2783 illa
642 2721 682 2783 de
706 2720 816 2796 Aiace,
841 2727 873 2783 et
896 2722 930 2783 in
954 2722 992 2785 iis
1009 2722 1095 2785 inest
1111 2721 1154 2797 id,
1179 2722 1266 2803 quod

93 2828 257 2905 querimus.
309 2827 474 2891 Brutidius
509 2828 594 2889 enim
632 2827 730 2907 Niger
764 2826 949 2907 eloquentia
984 2832 1017 2890 et
1051 2828 1266 2892 declamando

92 2932 221 2998 inclamit
248 2936 432 3016 imperante
462 2934 594 2997 Tiberio
626 2933 719 3013 (Tac.
738 2933 823 2996 Ann.
844 2932 895 3009 III,
920 2934 973 2997 66.
998 2934 1112 2998 Senec.
1133 2935 1265 2999 Suasor.

92 3039 104 3099 i
125 3037 155 3120 [6
175 3039 316 3122 Kiessl.],
341 3039 399 3103 cir.
416 3040 456 3103 A.
475 3040 597 3104 Schott.
623 3040 664 3104 de
687 3040 782 3104 claris
806 3039 895 3122 apud
918 3040 1077 3105 Senecam
1101 3042 1266 3106 declama·

88 3145 225 3227 toribus);
261 3147 415 3211 iudicium
447 3151 557 3211 autem
589 3166 755 3210 armorum
784 3149 869 3211 inter
896 3148 1031 3211 Aiacem
1061 3152 1094 3211 et
1116 3149 1267 3231 Ulyssem

85 3272 162 3334 saepe
196 3255 368 3318 materiam
403 3253 664 3317 declamantibus
699 3255 856 3334 praebuit:
901 3259 1031 3318 exstant
1065 3256 1268 3319 Antisthenis

83 3359 328 3426 declamationes
352 3360 489 3435 Graecae;
512 3360 614 3441 apud
644 3360 776 3424 Latinos
804 3361 955 3424 Porcium
986 3362 1160 3425 Latronem
1184 3361 1269 3424 hanc

81 3486 207 3530 causam
238 3471 398 3531 tractasse
429 3469 557 3532 constat
580 3467 707 3548 (Senec.
727 3472 869 3532 controv.
889 3469 926 3543 ll,
954 3467 1017 3549 10),
1051 3488 1070 3531 a
1099 3487 1163 3549 quo
1192 3467 1269 3532 Ovi·

79 3573 157 3649 dius,
181 3575 236 3654 qui
259 3574 329 3654 ipse
354 3592 437 3647 eam,
462 3577 499 3636 ut
521 3574 567 3637 ita
590 3574 708 3651 dicam,
741 3576 888 3638 versibus
912 3573 1108 3638 declamavit
1131 3574 1163 3637 in
1186 3573 1269 3636 libro

78 3679 147 3742 XJlI
184 3680 506 3761 Metamorphoseon,
551 3681 655 3744 multa
693 3684 832 3762 sumpsit
873 3680 1000 3761 (Senec.
1035 3681 1055 3744 l.
1085 3678 1137 3760 c).
1202 3679 1269 3742 Nec

77 3786 206 3849 aliunde
228 3788 330 3867 petita
354 3794 404 3850 est
427 3788 562 3851 ridicula
586 3788 693 3851 iudicii
712 3788 885 3869 descriptio
903 3787 968 3862 Vll,
995 3788 1072 3850 115:
1100 3785 1270 3848 Ooacedere
1284 3813 1310 3853 ⁴5

76 3892 178 3956 duces.
203 3892 316 3977 Surpis
338 3901 372 3956 tu
389 3894 537 3976 pallidus
560 3895 658 3956 Aiax.
705 3894 850 3957 Eandem
880 3898 972 3975 patet
1002 3893 1184 3956 Brutidium
1213 3892 1269 3955 Ni·

75 4019 167 4081 grum
199 4000 411 4075 declamasse,
447 4008 534 4063 certe
562 4022 621 4082 pro
651 4001 750 4064 Aiace
778 4001 908 4063 dixisse.
955 4000 984 4062 ls
1019 4000 1124 4081 igitur,
1160 4000 1222 4080 qui‘
1250 4018 1268 4061 a

77 4107 226 4170 iuvenale
251 4107 386 4188 loquens
415 4107 585 4183 inducitur,
622 4128 722 4188 quum
755 4107 936 4170 Brutidium
965 4107 1026 4168 sibi
1056 4105 1213 4186 pallidum
1238 4111 1271 4168 et

77 4215 209 4276 anxium
233 4211 312 4291 (non
335 4233 436 4294 quum
466 4215 507 4276 ad
538 4219 676 4278 mortem
706 4214 887 4287 duceretur,
923 4212 981 4275 sed
1010 4230 1108 4292 quum
1142 4212 1268 4274 ruinam

76 4319 177 4383 adse
202 4325 430 4400 perventuram
456 4320 663 4402 praevideret)
687 4322 864 4384 occurrisse
888 4319 1030 4393 dixisset,
1055 4317 1188 4381 ridicule
1212 4318 1270 4381 ad·

77 4426 210 4490 modurn
229 4426 269 4489 de
287 4427 418 4490 homine
436 4428 575 4502 inimico,
601 4444 698 4507 quem
718 4428 815 4489 antea
833 4446 906 4488 eum
925 4425 1070 4487 irrisione
1088 4424 1269 4488 Brutidium

76 4554 172 4597 suum
208 4534 439 4615 appellaverat.
476 4535 568 4614 quasi
599 4533 767 4607 miserans,
803 4552 901 4612 quarn
937 4531 1046 4606 time0,
1083 4533 1195 4613 inquit,
1231 4552 1271 4595 ne

1027 4634 1060 4687 30
