2948 5206
572 294 636 360 125

10 507 95 551 nen
111 488 341 553 vulnerarunt.
376 488 533 572 Apparet,
551 489 739 556 Ciceronem
755 489 984 556 tautummodo
1000 491 1033 554 in
1050 493 1199 556 extremo

10 593 146 660 nembro
181 594 366 672 addidisse,
402 596 490 678 quod
524 615 564 660 ex
597 598 667 660 totu
700 598 936 662 sententiarum
971 598 1199 662 consecutione

10 701 132 767 istebat
155 701 259 765 etiam
281 702 317 766 in
339 704 465 781 ceteris,
499 704 685 767 necessarie
713 722 749 768 se
776 708 903 786 putare,
938 722 1012 785 quae
1035 703 1123 768 facte
1146 723 1198 768 es·

10 810 78 883 tent,
111 826 181 889 quo
208 807 310 890 puulo
338 809 446 874 minus
474 813 626 875 accurate
655 810 743 875 lecte
774 814 825 875 est
847 809 972 893 periodi
995 811 1196 892 compositio.

10 912 101 977 tvm
122 917 239 978 autem
262 912 434 978 Samni
456 915 502 993 ite
525 916 615 994 dixit,
639 919 686 995 ut,
710 918 770 982 etsi
793 917 924 999 proprie
944 916 1045 999 ipsius
1069 916 1103 980 in
1125 936 1196 982 rem

10 1018 163 1101 wblieum
185 1021 330 1102 impetus
353 1021 560 1104 significetur,
583 1023 681 1088 simul
703 1022 849 1088 defensio
864 1024 911 1087 rei
926 1023 1066 1106 publicu
1082 1026 1197 1088 contra

81 1126 148 1190 rim
164 1126 335 1208 cogitetur,
359 1129 467 1210 queis
482 1127 526 1193 ed
541 1147 635 1193 arma
651 1129 810 1212 capienda
826 1129 1013 1211 compulsus
1030 1133 1089 1195 est.
1124 1129 1195 1193 lam

10 1231 152 1315 pudure
179 1232 320 1298 verbum
347 1234 630 1300 accommodatum
654 1240 705 1301 est
729 1237 771 1301 ad
795 1239 978 1301 extremum
1000 1237 1196 1301 subiectum.

11 1334 68 1403 Ere
91 1338 270 1405 obscumm
298 1344 358 1417 est,
394 1340 559 1424 quomodo
586 1341 667 1407 illud
695 1362 754 1428 quo
782 1342 859 1407 addi
881 1343 1047 1433 potuerit..
1080 1342 1194 1425 ltaque

11 1440 84 1509 hnc
103 1445 303 1529 scripturum
325 1466 412 1512 nunc
434 1450 505 1512 sine
527 1447 594 1513 ulle
617 1447 820 1515 dubitatione
847 1450 1025 1532 reciperem
1053 1449 1087 1513 in
1115 1468 1195 1514 con·
1313 1441 1314 1444 '

84 1657 293 1724 Manifestum
325 1658 586 1726 additamentum
614 1659 796 1726 tollendum
826 1661 888 1725 fuit
918 1680 958 1726 ex
987 1662 1085 1726 buius
1116 1679 1194 1726 oru-

10 1760 94 1835 ffiu's
114 1783 143 1829 c
165 1763 221 1842 33,
244 1765 299 1844 90,
322 1766 381 1831 ubi
402 1768 436 1832 in
458 1767 590 1849 vulgate
612 1767 789 1849 scriptura:
824 1767 879 1831 An
907 1801 950 1813 -
977 1768 1032 1832 illc
1059 1766 1192 1853 denique

17 1868 88 1935 u‘rcr
110 1871 191 1935 noti
217 1871 301 1936 nita
326 1872 460 1955 fecisset,
489 1875 545 1959 qui
571 1881 724 1957 murce,
758 1895 820 1938 um
848 1894 887 1938 eu
912 1876 979 1940 cuis
1005 1873 1191 1940 sateltitibus

10 1972 73 2075 {dn
87 1975 197 2043 Clodio
213 1977 302 2061 duce,
325 1981 450 2044 eunom
471 1979 667 2045 incenderit?
688 1979 836 2045 additum
859 2000 979 2046 nomen
1001 2000 1067 2046 non
1084 1980 1190 2046 solum

10 2078 198 2163 &mdabat
233 2085 294 2150 sed
321 2087 388 2150 vim
410 2086 580 2151 sententiae
602 2088 844 2169 corrumpebat,
880 2108 954 2171 qure
977 2088 1023 2152 ite
1045 2089 1078 2152 in
1102 2106 1191 2152 oom-

18 2190 164 2271 monne
186 2192 343 2275 principis
365 2192 560 2257 seditionum
584 2194 735 2258 etunius
765 2193 912 2289 satellitis
934 2195 1042 2276 posite
1065 2197 1125 2283 est,
1154 2197 1191 2258 ut
1253 2279 1255 2283 Ι

10 2294 138 2377 'moab
169 2297 382 2381 appellationi
410 2299 542 2381 propria
569 2298 646 2364 addi
673 2299 763 2364 nullo
790 2299 889 2365 modo
916 2301 1028 2383 possit.
1079 2299 1190 2364 Simile
1206 2316 1246 2358 no

10 2402 74 2465 {int
90 2404 245 2470 mendum
268 2404 330 2471 loci
352 2424 452 2488 supra
474 2405 639 2470 emendati
663 2407 696 2470 in
718 2406 928 2488 Pompeianae
952 2425 979 2470 c.
1003 2406 1034 2483 9,
1058 2405 1190 2471 eodem-

21 2522 68 2588 qe
84 2510 180 2576 modo
213 2509 306 2593 (nam
335 2511 487 2593 frequens
518 2515 568 2576 est
599 2512 662 2577 boc
692 2513 949 2594 interpolationis
971 2510 1086 2595 genus)
1119 2532 1190 2577 cor·

21 2618 112 2695 ruptus
138 2616 227 2681 locus
255 2618 283 2681 l]
311 2620 344 2682 in
373 2618 466 2683 Catil.
490 2619 521 2697 6,
559 2619 614 2696 14,
650 2619 706 2683 ubi
735 2619 768 2683 in
796 2619 905 2683 codice
934 2619 1051 2684 Mureti
1080 2619 1190 2684 Manlii

10 2734 117 2786 ‚nomen
137 2725 359 2802 omittebatur,
382 2728 470 2789 recte
493 2724 619 2790 Mureto
642 2726 818 2806 probante3
843 2727 1053 2807 contemptim
1077 2725 1188 2791 condi·

10 2824 109 2925 3du1is,
130 2850 194 2894 non
215 2831 366 2909 bominis,
401 2833 533 2896 nomine
560 2835 669 2896 orator
697 2832 808 2896 utitur.
855 2832 1017 2896 Testatior
1042 2835 1112 2896 erat
1135 2851 1189 2896 res

10 2928 196 3001 ³inomtione
218 2957 278 3019 pro
301 2938 407 3019 liger.
434 2938 483 3015 12,
508 2938 561 3002 37.
599 2972 604 2984 ·

89 3040 273 3107 decumbas
304 3043 478 3108 dicendum
507 3045 637 3108 videtur
668 3044 708 3107 de
740 3064 778 3108 eo
809 3045 904 3109 huius
928 3044 1081 3108 orationis
1106 3043 1189 3123 loco,

17 3143 66 3223 ni
82 3166 172 3228 quum
196 3149 291 3232 vulgo
314 3151 385 3215 sine
408 3151 474 3215 ulla
496 3151 679 3232 suspicione
699 3151 808 3215 mendi
830 3152 989 3227 ederetur,
1014 3170 1034 3214 a
1053 3169 1188 3214 menon

30 3248 105 3316 «bun
126 3256 309 3334 mendosus,
333 3256 392 3321 sed
415 3256 512 3321 etiam
537 3257 710 3321 lacunosus
727 3261 777 3321 est
793 3257 963 3335 iudicatus,
988 3276 1014 3320 c.
1035 3256 1087 3332 37,
1113 3256 1187 3333 102,

30 3350 119 3439 'nque
139 3364 249 3427 tamen
271 3363 477 3444 apertissima
501 3363 648 3426 codicum
672 3363 790 3429 indicia
813 3367 943 3427 secutus
966 3382 1049 3426 sum.
1085 3362 1188 3444 Lege·

33 3454 102 3528 hun
120 3471 216 3557 enim:
240 3469 285 3532 At
307 3470 342 3532 in
364 3490 428 3554 quo
450 3490 548 3533 cause
570 3490 632 3532 non
650 3470 811 3552 potuisse?
839 3470 915 3549 Quoe
938 3476 982 3533 est
996 3476 1093 3553 prata
1115 3490 1189 3552 qen·

34 3564 95 3634 Μ.
131 3575 161 3637 Α
191 3575 304 3661 poribus
333 3595 396 3638 non
417 3575 578 3659 potuisse?
610 3575 660 3639 Ab
689 3578 740 3658 iis,
776 3578 830 3662 qui
859 3578 996 3638 maxime
1019 3574 1056 3638 P.
1083 3574 1189 3638 Clodii

17 3683 99 3739 ¹utne
117 3683 312 3766 coquinare&
346 3682 379 3746 in
410 3702 475 3765 que
502 3685 663 3763 scriptura
693 3683 752 3748 soli
782 3683 957 3747 Garatonio
988 3682 1104 3745 oborta
1135 3685 1186 3745 est

35 3772 86 3845 he
102 3784 264 3867 dubitatio,
294 3793 424 3854 rectene
452 3794 520 3852 tam
544 3789 631 3853 nude
655 3792 830 3871 poneretur
851 3787 1002 3872 perditus,
1033 3808 1075 3851 an
1099 3788 1186 3851 exci-

34 3880 101 3954 me
118 3877 266 3958 omnibu,
313 3893 378 3958 Sed
401 3894 451 3957 vel
480 3897 542 3960 boc
571 3896 692 3974 addito,
728 3914 890 3977 perverse,
926 3894 1045 3958 omisso
1075 3892 1184 3974 populi

17 3984 132 4083 'lurni
153 4003 300 4066 omnium
323 4001 473 4066 ordinum
497 4001 626 4080 iudicio,
651 4002 739 4085 quod
756 4001 984 4082 gravissimum
1001 4005 1080 4077 erat,
1106 4019 1185 4081 gen-

29 4097 86 4166 ibus
104 4108 263 4185 omnibus,
292 4127 356 4190 quo
383 4110 515 4173 nomine
539 4112 661 4172 externe
683 4108 913 4189 significantur,
943 4110 1035 4189 grata
1058 4106 1185 4170 Milonis

10 4213 285 4279 suaderetur.
331 4214 372 4278 Et
405 4234 504 4296 quarn
541 4219 590 4278 est
624 4215 685 4279 hoc
720 4215 871 4296 languide
907 4232 1105 4295 expressum,
1142 4220 1185 4275 est

17 4324 87 4393 mla
113 4321 273 4405 pentibus!
313 4320 436 4385 Deinde
470 4321 558 4402 quod
595 4321 763 4384 subiicitur
797 4342 818 4384 a
852 4319 964 4405 quibus
998 4323 1030 4382 et
1065 4317 1104 4381 ab
1133 4320 1182 4393 ils,

15 4417 104 4490 fikam
126 4427 232 4491 habet
254 4428 465 4503 sententiam3
501 4426 545 4490 illi
568 4428 666 4503 enim,
703 4428 757 4509 qui
788 4428 929 4490 maxime
954 4425 1055 4489 Clodii
1079 4429 1185 4488 morte

10 4534 189 4614 tondemur,
226 4533 348 4597 iudices
376 4553 455 4597 sane
479 4533 718 4615 intelliguntur3
752 4553 865 4598 verum
888 4552 989 4614 quum
1013 4531 1052 4594 ab
1078 4533 1185 4616 aliquo
