2956 5190
665 279 730 344 386

98 492 236 557 pensum
260 476 381 551 teneat,
410 478 448 538 ut
470 473 626 539 Orellium
649 475 765 553 tenuit,
795 473 953 538 mendum
978 472 1108 539 codicis
1133 472 1290 557 archetypi

99 580 241 667 equidem
264 580 480 657 audiebamus,
516 580 604 663 quod
632 581 785 647 Handius
808 579 949 645 Turseli.
974 579 1003 643 11
1026 599 1064 662 p.
1088 578 1158 645 428
1179 580 1291 663 prohat,

100 707 178 752 usus
201 690 353 769 corrupto
376 687 447 751 loco
470 686 535 752 Cic.
560 686 601 755 de
624 688 717 753 Finn.
740 688 793 770 III,
817 687 848 765 2,
872 686 904 764 9,
938 686 1122 751 sciendum
1151 690 1210 763 eal,
1239 706 1293 752 non

99 795 206 860 solum
230 793 373 879 equidem
394 793 512 875 plurali
538 795 686 859 iunctum
714 793 910 876 reprehendi
937 792 1078 870 dehere,
1116 792 1179 858 sed
1203 793 1294 875 ipsun

99 920 159 984 per
181 920 217 965 se
240 899 400 982 pluralem
423 919 607 977 numerum,
632 920 697 982 quo
720 900 832 966 Cicero
855 900 897 965 de
915 919 952 964 se
966 919 1037 964 uno
1052 898 1092 965 in
1107 899 1293 965 oralionihu

99 1027 166 1072 non
189 1001 342 1088 utitur¹);
377 1008 428 1070 est
455 1005 541 1070 enim
566 1006 648 1071 alius
671 1006 827 1073 orationis
849 1006 995 1089 generis3
1031 1008 1168 1072 ceteros
1189 1010 1295 1083 auten,

46 1129 88 1171 aa
101 1113 158 1195 qui
182 1132 256 1178 cum
279 1112 434 1177 Cicerone
462 1111 496 1176 in
509 1111 715 1177 Macedonia
742 1111 872 1190 fuerint,
907 1111 1153 1195 comprehendi
1186 1116 1220 1177 et
1248 1132 1296 1195 per

97 1239 133 1285 se
157 1219 328 1284 ridiculum
351 1221 410 1296 est,
445 1237 505 1283 nec
536 1218 712 1300 quicquam
738 1221 893 1296 tumeat,
928 1219 1020 1300 quod
1044 1221 1139 1301 agat.
1153 1218 1292 1305 equidem
1338 1286 1340 1291 ,

100 1325 351 1408 quoquomodo
374 1324 416 1388 de
439 1343 478 1389 eo
501 1324 660 1390 vocabulo
683 1324 847 1390 statueris.
856 1319 884 1407 ²)
1338 1322 1340 1349 ⁵

188 1432 224 1498 C.
248 1432 301 1510 58,
326 1431 400 1511 124,
424 1430 481 1495 ubi
505 1434 571 1496 est:
601 1452 717 1496 muuua
740 1430 896 1516 Samiam
918 1431 1056 1517 diquum
1078 1440 1112 1497 et
1134 1452 1171 1497 eo
1192 1435 1297 1518 ipsud

99 1540 154 1604 illa
179 1538 215 1620 Q.
239 1538 374 1621 Metella,
409 1538 461 1601 eui
489 1537 637 1613 dabatur,
672 1543 761 1602 recte
790 1538 893 1603 codex
915 1539 1098 1605 Vaticanus
1129 1540 1297 1606 hebelida

101 1644 239 1722 Metetlm
262 1665 340 1710 nam
364 1643 476 1709 addito
499 1644 701 1726 pronomine,
728 1664 792 1727 quo
815 1649 913 1711 notus
929 1645 1032 1710 homo
1049 1645 1295 1719 demonstratu.

101 1751 249 1817 abundat
271 1769 472 1834 praenomen.
1037 1752 1046 1769 ‘

189 1858 224 1923 C.
248 1858 301 1936 60,
335 1857 409 1934 128,
440 1856 496 1920 uhi
525 1863 590 1920 est:
625 1857 759 1922 calmem
788 1865 816 1922 et
844 1858 942 1921 uitaiu
970 1877 1076 1922 meam
1104 1859 1297 1927 modum

100 1984 280 2047 pronomen
303 1965 336 2028 in
359 1964 430 2029 cod.
454 1964 632 2046 archetypo
655 1983 722 2030 non
737 1965 847 2042 fuisse,
871 1963 980 2029 ePar.
996 1968 1032 2029 et
1046 1964 1174 2031 Bernn.
1190 1984 1297 2049 cogno·

100 2073 215 2148 scitur3
249 2075 358 2154 polest
387 2070 481 2135 facile
510 2069 615 2135 audiri
639 2089 679 2134 ex
703 2090 752 2148 eo,
777 2071 865 2153 quod
887 2070 1060 2153 precedit:
1096 2071 1152 2136 De
1174 2094 1223 2137 me
1242 2093 1296 2137 um

100 2177 311 2242 decreuerunt.
357 2178 510 2243 Proximo
534 2176 651 2258 capite,
676 2175 695 2257 ἓ
721 2177 795 2255 129,
824 2176 962 2243 Orellius
985 2196 1054 2243 non
1077 2182 1171 2245 recle
1193 2184 1296 2246 contra

101 2284 228 2350 codices
251 2283 362 2362 edidit,
386 2284 584 2366 Naugerium
609 2287 643 2348 et
665 2283 862 2349 Lambinum
880 2288 1028 2349 secutus:
1055 2285 1129 2364 Qua
1145 2288 1295 2371 qraaitate

100 2411 160 2454 auo
183 2411 278 2476 quum
298 2389 449 2475 frequeua
470 2398 598 2455 semmua
619 2390 843 2454 uauuullamtm
865 2392 964 2455 aedua
981 2390 1225 2479 audaciamque
1239 2400 1300 2459 tar·

102 2497 216 2579 damet,
245 2504 320 2561 tum
346 2496 429 2560 illud
457 2495 595 2574 addidit,
632 2500 693 2561 cet.
739 2496 824 2561 Nam
851 2499 913 2562 hoc
941 2497 1193 2581 intelligendum
1219 2504 1298 2567 esset

102 2611 167 2667 tum
190 2602 324 2681 demum,
348 2604 436 2686 quod
459 2603 502 2667 ab
525 2604 587 2668 hoc
610 2603 681 2669 loco
698 2603 840 2667 alienum
856 2609 921 2680 est;
944 2605 1048 2669 altera
1068 2610 1188 2672 contra
1202 2607 1296 2689 scrip·

102 2715 176 2776 lura
200 2708 330 2792 (tamem)
355 2709 543 2792 aptissima:
567 2709 636 2774 Elsi
659 2709 762 2774 videri
785 2714 914 2792 poterat
937 2715 1072 2777 senalus
1096 2713 1180 2778 satis
1199 2713 1298 2797 prori-

102 2818 199 2895 disse,
223 2821 261 2881 ul
274 2821 386 2900 posset
400 2818 477 2895 lam,
500 2816 590 2880 nullo
605 2815 816 2898 impediente,
840 2817 883 2881 ad
899 2816 1056 2900 populum
1074 2819 1164 2899 ferri,
1183 2824 1296 2897 tamen,

101 2943 143 2988 ne
168 2924 246 3006 quid
268 2942 335 2988 non
357 2924 524 3006 provisum
551 2927 647 3000 esset,
673 2923 808 3000 addidit,
834 2927 894 2987 cet.

190 3031 226 3097 C.
250 3031 303 3111 62,
336 3029 401 3095 130
430 3029 537 3093 minus
568 3033 655 3093 recte
687 3028 826 3094 Orellius
857 3037 987 3094 secutus
1017 3045 1068 3106 est
1091 3032 1297 3110 Lambinum,

101 3139 157 3219 qui
186 3136 301 3202 edidit:
336 3158 368 3200 ae
396 3136 433 3200 P.
458 3134 592 3199 Servilio
627 3137 789 3199 etiamtum
822 3135 939 3200 diceuti
972 3136 1121 3216 tradidit,
1156 3159 1219 3221 pro
1251 3158 1296 3215 eo,

102 3243 190 3324 quod
213 3243 247 3307 in
269 3242 363 3307 codd.
387 3241 586 3324 reliquisque
612 3242 686 3307 edd.
712 3243 845 3325 legitur:
874 3242 991 3306 diceuti
1014 3243 1194 3321 etiamdum
1228 3264 1298 3311 nam

103 3350 144 3414 de
166 3349 330 3432 Naugerio
353 3348 401 3412 vir
424 3348 539 3413 doctus
563 3348 694 3413 fallitur.
741 3350 814 3414 Nou
836 3355 916 3431 puto
941 3369 1079 3431 usquam
1109 3351 1171 3415 has
1202 3351 1298 3434 parti·

103 3456 192 3520 culas
215 3457 277 3520 hac
300 3454 531 3538 significatione
560 3456 731 3538 participio
760 3456 953 3538 praepositas
982 3456 1055 3538 legi.
1102 3457 1299 3542 Ambiguum

103 3562 190 3644 quod
214 3561 291 3626 dicit
313 3561 452 3626 alterum
469 3581 540 3626 esse
556 3563 709 3644 iungique
725 3582 836 3645 posse:
861 3564 1023 3626 etiamtum
1037 3563 1189 3643 tradidit,
1214 3565 1299 3648 apud

103 3668 234 3733 Latinos
258 3668 416 3745 homines,
447 3686 513 3732 non
541 3669 630 3749 apud
653 3669 803 3734 alumnos
827 3669 1013 3733 scholarum
1035 3677 1225 3736 nostrarum
1249 3672 1297 3737 Ci-

50 3798 89 3835 aaa
106 3794 180 3839 cero
204 3775 299 3852 dixit;
332 3795 521 3857 quanquam
544 3776 595 3840 vel
618 3777 662 3854 hi,
686 3775 713 3839 si
738 3775 838 3841 modo
861 3777 964 3840 scient
987 3776 1131 3855 omnino,
1161 3778 1241 3861 quid
1262 3779 1299 3843 sit

132 3983 153 4052 ¹)
172 3983 242 4053 [Non
262 3987 396 4040 debebam
415 3988 449 4040 de
468 3987 520 4041 hoc
538 3987 576 4041 sic
595 3987 721 4042 universe
735 4004 904 4047 asseverare;
924 3987 978 4040 vid.
992 3987 1026 4041 da
1039 3986 1105 4056 imp.
1119 3988 1217 4059 Pomp.
1231 3988 1300 4057 alt,

175 4074 203 4127 in
222 4075 311 4128 Vatia.
331 4074 374 4139 29,
394 4076 510 4145 Philipp.
530 4077 586 4140 Vll,
608 4076 631 4140 7,
650 4077 707 4139 XII,
727 4073 782 4143 21]

132 4157 154 4225 ²)
172 4163 274 4216 Eadem
293 4164 421 4217 astralia
440 4164 552 4219 alterius
571 4165 643 4220 illius
667 4165 727 4231 loci,
755 4165 803 4219 ubi
827 4170 960 4235 praterea
982 4165 1056 4233 quod
1074 4165 1210 4231 Handius,
1238 4166 1301 4221 siet

174 4254 279 4319 quidem
298 4251 440 4317 scribatur,
459 4256 497 4306 sic
515 4254 625 4308 delendi
643 4272 723 4323 posse
742 4260 832 4324 negat,
851 4254 937 4308 nihilo
951 4254 1046 4323 magis,
1065 4254 1088 4307 si
1107 4258 1216 4324 quidem
1234 4256 1300 4325 laga

174 4345 227 4403 tur,
251 4344 289 4393 aia
314 4369 346 4376 -
370 4343 509 4410 loquemur
533 4360 595 4397 cum
614 4344 801 4413 superioribus
820 4343 974 4399 cohaerebit.
1011 4344 1066 4398 Sed
1093 4350 1169 4398 recte
1195 4344 1297 4413 pridem

175 4428 324 4483 hanrbinus
342 4428 438 4485 edidit:
460 4432 506 4484 Sia
523 4440 570 4497 eat,
589 4441 613 4486 et
631 4435 746 4501 quidem.
