2956 5190
749 284 816 350 382

183 498 243 560 pro
259 497 308 555 eo,
325 479 413 560 quod
430 482 494 542 est:
518 477 596 560 cidi,
620 478 883 564 quemadmodum
899 477 1037 556 caderet,
1055 478 1167 544 dicat:
1190 477 1267 559 cidi,
1285 500 1360 564 poe*

183 584 355 648 admodum
386 581 556 666 ceciderit).
610 585 720 650 Unum
752 586 832 651 mihi
861 585 1010 663 occurrit,
1042 604 1112 668 quo
1138 586 1190 650 uti
1212 584 1363 668 atiqusd

183 691 364 773 perfectum
389 692 450 756 hoc
473 690 545 756 loco
568 691 811 757 defendendum
834 691 946 775 possit,
975 692 1186 775 exemplum,
1205 710 1268 774 pm
1288 690 1365 759 Balio

187 799 215 873 1,
240 798 276 862 2:
311 798 387 877 Qua
408 796 510 879 fuerit
532 797 673 862 hesterno
696 799 748 863 dic
773 798 829 863 Ore.
854 797 996 882 Pompeii
1015 800 1174 883 prauitas
1195 799 1232 861 ia
1252 796 1366 877 aena

183 903 313 986 iudices,
343 925 412 986 quae
433 904 584 987 facultas,
613 926 683 990 qua
711 907 812 990 copia,
839 926 902 969 uon
924 907 1073 990 opimone
1095 906 1203 970 tacita
1224 910 1367 969 mcor·

185 1012 374 1092 ammarum,
404 1009 459 1075 sed
484 1012 653 1094 perspicua
676 1012 889 1077 admiratione
912 1011 1079 1076 declarari
1101 1010 1284 1077 videbatur.
1322 1010 1368 1077 sa

184 1118 218 1181 in
241 1136 280 1183 eo
303 1118 374 1182 loeo
397 1120 508 1182 orator
530 1117 576 1181 sic
599 1117 725 1183 orditur
754 1123 912 1201 tanquam
944 1118 986 1183 de
1015 1117 1152 1197 iudicio,
1191 1117 1280 1200 quod
1304 1136 1369 1183 nura

130 1239 170 1279 ae
184 1222 422 1300 sit,‘dicturus;
447 1227 480 1288 et
503 1243 542 1288 eo
565 1224 705 1288 refertur
724 1223 866 1288 hesterno
883 1224 952 1301 dim
975 1225 1098 1290 deinde
1121 1224 1193 1289 leni
1216 1225 1370 1291 oralia

185 1328 313 1394 deflexu
337 1331 495 1395 convertit
517 1330 561 1395 ad
584 1330 734 1394 habitum
758 1349 833 1395 eum
857 1332 1051 1409 animorum,
1077 1333 1136 1414 qui
1161 1330 1318 1415 Pompeio
1334 1330 1371 1395 di-

185 1440 278 1501 cente
303 1437 413 1512 fuerit;
437 1437 550 1502 similis
573 1437 678 1519 figura
700 1439 734 1501 in
757 1439 819 1503 hoo
835 1437 993 1504 Sestianae
1009 1439 1083 1504 looo
1099 1457 1262 1505 essenon
1276 1441 1370 1521 poue

185 1542 251 1608 Sed
273 1544 306 1607 in
330 1543 516 1608 huiusmodi
539 1543 638 1608 rebus
669 1545 890 1626 grammaticis
920 1564 1164 1628 nonnunquam
1197 1545 1233 1611 in
1262 1545 1373 1629 singulis

47 1680 51 1690 ·
185 1650 263 1715 locis
287 1650 336 1714 vir
359 1649 556 1715 clarissimus
580 1668 620 1715 ea
643 1650 820 1729 constituit,
855 1670 928 1732 quae
956 1652 985 1716 si
1014 1651 1057 1716 ad
1086 1651 1156 1717 alia
1187 1652 1372 1735 exemplati

171 1757 228 1821 'ad
252 1758 410 1823 sermonis
433 1760 586 1821 naturam
609 1759 812 1833 transferret,
847 1762 905 1823 aut
932 1759 960 1822 si
988 1757 1088 1823 modo
1118 1759 1226 1823 totius
1254 1758 1311 1825 loci
1332 1777 1374 1823 ra·

184 1864 305 1929 tionem
330 1865 477 1936 haberet,
512 1864 605 1928 facile
630 1864 712 1929 falsa
736 1884 807 1929 esse
831 1864 1046 1946 intelligeret„
1081 1863 1188 1930 Cuius
1212 1866 1261 1930 rei
1282 1884 1374 1929 exem·

185 1971 276 2052 plum
308 1990 380 2036 esse
413 1975 523 2053 potest
556 1972 783 2053 imperfectum
818 1975 893 2054 post
927 1972 1113 2053 perlectum
1150 1971 1376 2037 defensumiu

185 2080 268 2141 orat.
291 2077 432 2160 Philipp.
457 2079 479 2155 l,
506 2079 557 2155 15,
582 2079 634 2156 36,
659 2080 716 2143 ubi
739 2073 851 2143 leniret
873 2078 943 2143 vult
965 2097 1053 2143 esse:
1077 2085 1108 2142 et
1130 2085 1210 2143 tuuc
1233 2080 1376 2143 haudd

185 2204 268 2247 rrum
290 2205 409 2269 quoque
431 2185 539 2260 tertiat,
564 2204 666 2266 quum
690 2192 800 2250 tamen
825 2184 953 2249 adiecta
975 2184 1079 2249 verba
1094 2192 1258 2269 perpetuo
1273 2186 1376 2271 planu

186 2296 213 2352 ct
236 2290 372 2353 clamore
396 2290 479 2357 adeo
508 2294 622 2373 aperte
646 2291 689 2356 ad
713 2290 818 2359 solum
842 2291 1019 2372 spectaculi
1041 2295 1178 2374 tempus
1203 2311 1277 2357 rem
1297 2310 1376 2357 reso·

104 2381 108 2387 ⁸
186 2399 269 2476 cent,
305 2400 342 2461 ut
376 2397 429 2461 vix
464 2397 614 2463 videatur
648 2397 778 2462 errandi
813 2397 941 2462 occasio
976 2397 1086 2462 fuisse.
1095 2393 1123 2479 ¹)
1171 2398 1279 2481 Eque
1304 2397 1376 2463 male
1413 2416 1415 2455 ε

186 2505 299 2567 contra
330 2505 471 2585 optimos
502 2525 649 2587 quosque
677 2504 804 2570 codices
832 2523 894 2586 pro
916 2503 982 2568 Mil.
1006 2504 1037 2580 3,
1069 2504 1090 2567 9
1121 2504 1271 2581 retinuit,
1303 2502 1376 2587 quad

186 2608 296 2673 Garat.
321 2618 354 2673 et
377 2611 556 2695 Peyronius
579 2614 760 2677 eiecerant:
783 2613 812 2675 si
835 2631 867 2675 sc
889 2609 1069 2692 defenderit
1090 2608 1166 2692 (pro
1181 2608 1375 2693 defenderet),

186 2715 320 2798 interfici
342 2718 516 2782 ootccermrt.
551 2719 619 2782 Nee
642 2718 761 2783 rectius
777 2716 917 2799 Philipp.
934 2717 971 2792 ΙΙ,
994 2717 1048 2791 42,
1076 2716 1138 2781 107
1157 2722 1275 2783 contr-a
1288 2717 1375 2782 Vatia

185 2821 386 2887 defenditur:
412 2824 541 2906 effecisti
563 2846 627 2889 mou
649 2825 824 2911 tequidem
841 2826 1044 2900 etiamnunc,
1068 2831 1103 2887 ut
1125 2826 1179 2889 sit
1201 2826 1315 2889 similis
1327 2825 1375 2902 tui,

185 2928 240 2993 sed
263 2937 354 3010 certe,
378 2938 412 2993 at
436 2938 512 2995 esset
535 2931 700 2996 dissimilis
723 2934 784 2996 sui.
820 2931 944 2995 Deinde
969 2933 1160 3011 corruptum
1185 2950 1259 2996 esse
1276 2949 1374 2996 omnes

186 3035 330 3100 fatentur
364 3057 427 3115 ore,
463 3037 551 3117 quod
587 3037 782 3103 Garatonius
811 3039 857 3102 ita
893 3038 1090 3113 emendavit,
1125 3036 1238 3101 deleta
1272 3037 1373 3105 littera

71 3167 75 3176 ·
186 3161 260 3223 quae
282 3142 369 3207 male
393 3144 557 3226 duplicata
582 3153 641 3221 est,
677 3146 782 3210 altera
810 3145 985 3226 duplicata,
1021 3146 1058 3207 ut
1086 3143 1167 3207 nihil
1191 3162 1265 3209 esse
1287 3142 1374 3226 possit

187 3250 315 3323 certius,
340 3251 388 3312 rei
410 3251 488 3333 apsa
521 3251 641 3315 menda
664 3272 797 3334 prorsus
822 3249 1057 3315 eiusdemmodi
1081 3251 1115 3313 in
1139 3250 1252 3315 codice
1275 3250 1375 3315 arche·

186 3357 265 3437 typo
289 3355 421 3421 inerunt
444 3377 471 3420 c.
496 3358 548 3435 52,
576 3359 635 3422 111
662 3358 730 3440 (itta
758 3379 811 3421 reo
834 3377 894 3439 pro
916 3358 972 3421 illo
995 3353 1061 3438 ore)
1089 3361 1124 3421 et
1146 3358 1178 3435 5,
1207 3358 1248 3422 12
1271 3356 1376 3439 (amore

187 3462 235 3524 rcc'
251 3483 287 3544 p.
311 3482 371 3544 pro
397 3484 487 3527 cruror
509 3466 558 3527 rei
575 3463 635 3548 p).
683 3466 749 3529 Nec
774 3465 862 3528 aliud
886 3464 948 3528 dici
972 3464 1033 3529 hoe
1057 3464 1128 3528 loco
1151 3464 1270 3546 potuit.
1304 3464 1375 3528 Nam

88 3614 91 3620 -
146 3640 151 3651 ,
186 3588 336 3649 persona,
373 3589 447 3651 quae
478 3587 552 3635 cuni
576 3576 693 3636 senatu
717 3572 866 3653 coniungi
889 3571 1002 3653 possit,
1037 3570 1126 3635 nulla
1151 3574 1219 3648 est3
1253 3570 1377 3636 Lentulo

187 3677 284 3753 enim,
309 3677 349 3741 de
373 3697 437 3758 quo
461 3697 526 3742 uno
550 3680 683 3760 cogitari
707 3682 846 3760 poterat,
871 3682 907 3742 ut
922 3677 1054 3758 reliquis
1075 3678 1296 3753 senatoribuS,
1317 3681 1377 3742 tum

187 3789 236 3845 est
259 3782 394 3864 plausus
418 3785 524 3862 datus,
557 3805 658 3867 quum
682 3785 752 3866 ipse
775 3786 919 3847 venerat.
966 3784 1031 3847 Sed
1055 3803 1158 3865 quum
1182 3784 1377 3857 Garatonius,

186 3891 223 3952 ut
257 3894 328 3953 erat
362 3890 411 3954 sui
441 3891 668 3967 calumniator,
704 3891 896 3965 dubitasset,
931 3909 1028 3954 nemo
1063 3891 1156 3972 sequi
1190 3911 1292 3957 ausus
1324 3894 1379 3965 esa

132 4021 171 4058 nu
187 3996 275 4076 quod
298 3996 384 4060 idem
410 3996 527 4062 accidit
557 3997 591 4062 in
619 3999 815 4063 necessarie
846 3996 963 4061 litterae
993 3997 1176 4062 adiectione
1207 4018 1236 4062 c.
1263 4000 1313 4077 14,
1335 3996 1380 4067 33,

187 4102 289 4166 donec
313 4102 454 4168 Orellius
478 4105 510 4168 in
539 4105 664 4170 minore
695 4105 836 4170 editione
865 4103 993 4167 veritati
1024 4103 1143 4185 paruit,
1180 4107 1213 4168 et
1244 4104 1380 4187 proxime

190 4264 313 4278 -.-.,.....
318 4265 454 4272 —-

215 4366 238 4434 ¹)
256 4369 385 4424 Ceterum
412 4369 527 4439 poenitet
551 4387 596 4424 me
619 4370 710 4439 ipsum
733 4371 836 4439 recepti
862 4369 950 4423 bisin
969 4368 1227 4438 eolocoperiecti;
1256 4385 1321 4423 nam
1347 4366 1383 4420 bis

259 4459 451 4527 imperfectum
470 4459 534 4528 poni
553 4459 679 4524 debebat,
703 4465 810 4514 mutata
835 4476 891 4514 una
911 4459 1001 4513 littera
1020 4458 1048 4512 in
1067 4458 1127 4511 Vat.
1147 4458 1294 4527 scriptura.
1329 4456 1384 4511 Pcr-

259 4546 322 4600 iecti
342 4547 463 4617 ponendi
482 4548 557 4602 nulla
576 4553 636 4602 erat
654 4565 745 4604 causa.
783 4548 951 4602 Describitur
969 4563 1051 4601 omne
1069 4545 1201 4603 ludorum
1219 4553 1338 4618 tempus
