2956 5190
739 315 806 380 452

175 512 312 588 diamur,
348 515 393 588 ut,
430 510 596 593 explicatis
632 510 810 576 formarum
846 510 1110 590 discriminibus,
1145 512 1338 589 addammi

133 659 138 670 ·
165 619 252 701 quid
276 619 335 683 erit
359 617 508 682 subtilius
532 617 573 681 de
595 618 721 682 ratione
745 617 925 700 syntactica
947 618 1195 684 disserendum.
1203 615 1228 701 ¹)

262 724 434 807 Antiquior
457 727 507 788 est
530 743 570 787 ex
593 723 631 788 iis
656 723 778 801 formis,
813 744 886 806 quae
916 724 1068 790 futurum
1098 730 1249 793 exactum
1271 730 1341 813 §gn-

173 831 282 909 licant,
318 851 366 909 ea,
403 850 476 912 quae
499 830 532 894 in
555 850 589 895 so
613 831 688 907 exit,
724 831 840 895 eodem
865 831 963 897 modo
988 831 1145 898 derivata
1167 852 1189 897 a
1210 833 1292 899 verbi
1307 854 1342 900 ra

133 960 159 1002 cr
173 938 254 1017 dice,
284 957 349 1019 quo
372 937 460 1018 apud
484 936 616 1001 Graecos
640 935 786 1002 futurum
809 937 967 1020 primum;
1002 938 1121 1022 itaque
1145 939 1189 1004 ab
1211 938 1344 1017 initiad

172 1065 249 1110 mox
284 1043 470 1126 apparebit,
507 1043 595 1126 apud
630 1043 762 1109 Latinos
796 1063 926 1126 quoque
960 1044 1064 1110 futuri
1101 1046 1272 1129 simplicis,
1300 1066 1344 1113 nu

173 1151 287 1227 exacti,
311 1150 382 1214 haec
405 1151 511 1216 forma
535 1151 605 1215 luit.
641 1150 707 1214 Sed
729 1149 798 1215 eius
823 1151 943 1233 duplex
964 1154 1160 1218 necessario
1176 1156 1227 1218 est
1241 1154 1345 1236 spedus

172 1259 256 1323 Nam
280 1258 313 1321 in
340 1257 379 1322 iis
408 1257 527 1335 verbis,
559 1277 632 1339 quae
656 1265 776 1322 exeunt
807 1258 840 1321 in
872 1261 1124 1335 consonantem,
1154 1260 1267 1343 iisque,
1296 1280 1347 1343 qm

172 1369 247 1448 post
269 1368 502 1430 consonantem
525 1365 559 1428 in
582 1365 735 1446 praesenti
760 1363 885 1428 addunt
908 1363 1053 1430 litteram
1075 1367 1177 1431 inon
1192 1366 1349 1439 radicator.

173 1472 329 1550 futurum,
353 1474 390 1535 ut
413 1473 668 1535 consentaneum
692 1473 751 1548 est,
776 1469 880 1535 simile
903 1475 952 1536 est
975 1472 1079 1538 futuri
1096 1460 1274 1539 verborum
1286 1475 1350 1539 aiu·

173 1580 248 1644 dem
272 1578 398 1661 generis
422 1577 619 1654 Graecorum,
655 1579 691 1641 ut
720 1597 781 1640 axo
808 1578 1006 1659 respondeat
1036 1581 1079 1658 ei,
1116 1580 1209 1664 quod
1236 1584 1283 1645 est
1299 1583 1351 1645 itu:

173 1705 213 1750 ea
236 1688 346 1749 autem
375 1685 487 1763 verba,
523 1704 596 1766 quae
625 1684 729 1747 vocali
757 1684 984 1761 terminantur,
1020 1686 1171 1752 formam
1199 1690 1353 1769 sequuntur

173 1792 347 1857 verborum
371 1792 568 1869 Graecorum,
593 1810 666 1872 quae
690 1810 773 1872 pura
789 1791 949 1869 dicuntur,
974 1795 1011 1857 ut
1026 1793 1154 1858 acesco
1170 1794 1239 1873 fiat,
1262 1813 1353 1876 quen·

173 1898 350 1965 admodum
376 1901 490 1974 γελάσω.
545 1897 629 1962 Nam
660 1897 749 1979 quod
778 1898 897 1981 duplex
927 1903 978 1962 est
1011 1900 1171 1978 sibilans,
1208 1901 1260 1965 vel
1286 1898 1354 1983 apid
1394 1926 1396 1953 ι

173 2007 303 2072 Graecos
327 2005 477 2087 antiquos
501 2024 617 2069 sonum
640 2004 725 2068 inter
748 2024 848 2069 unam
877 2007 910 2069 et
932 2003 1099 2086 duplicem
1123 2007 1269 2072 litteram
1289 2006 1355 2071 rari·

173 2133 256 2192 asse,
288 2111 429 2177 ostendit
457 2110 632 2193 geminatio
656 2111 744 2193 apud
769 2111 877 2193 epicos
901 2111 1032 2190 usitata,
1062 2118 1209 2188 cyrtam.
1254 2113 1356 2179 Verbo·

172 2240 245 2284 rum
269 2221 337 2283 ini
365 2217 552 2282 exeuntium
584 2216 723 2300 (quartae
756 2216 1003 2300 coniugationis)
1033 2219 1137 2284 nullae
1171 2221 1356 2304 reperiuntur

173 2326 358 2391 huiusmodi
381 2326 510 2401 lormae3
545 2325 720 2389 verborum
751 2325 785 2388 in
813 2345 829 2388 c
857 2325 1043 2391 cadentium
1074 2306 1247 2409 quaedam,
1279 2327 1357 2393 nulla

173 2437 285 2498 tamen
308 2451 419 2497 eornm
449 2431 633 2509 verborum,
669 2450 742 2512 quae
775 2451 791 2495 e
821 2450 907 2496 verae
937 2432 1055 2498 radicis
1088 2438 1224 2516 partem
1254 2434 1357 2499 habent

173 2537 253 2621 (fleo,
279 2535 368 2618 cet.);
392 2541 491 2619 atque
514 2557 562 2601 eae
585 2536 714 2619 partim,
739 2540 776 2600 ut
790 2539 971 2619 perlectum
988 2540 1173 2605 eorundem
1191 2542 1356 2615 verborum,

173 2648 374 2727 impurorum
398 2646 571 2709 verborum
589 2648 771 2725 sequuntur
786 2646 955 2721 rationem,
980 2652 1016 2709 ut
1039 2648 1138 2726 traco,
1163 2650 1293 2730 partim,
1313 2646 1355 2710 ubi

173 2752 352 2834 perfectum
377 2753 410 2815 in
433 2753 468 2814 ui
490 2753 565 2830 exit,
590 2771 756 2833 purorum,
786 2757 823 2816 ut
844 2746 1025 2833 labescit.²)
1071 2752 1156 2818 Haec
1181 2775 1282 2837 quum
1302 2758 1356 2818 tarn

201 2980 223 3050 ¹)
243 2982 350 3036 Inutilis
377 2986 419 3035 est
446 2998 568 3035 errorum
597 2982 703 3050 pridem
731 2982 903 3036 sublatorum
931 2982 1089 3051 exagitatim
1126 2984 1223 3052 itaque
1251 2990 1354 3039 veterum

244 3071 493 3141 grammaticorum,
513 3069 559 3138 qui
576 3073 663 3138 secero
682 3072 846 3125 coniunctivi
867 3072 989 3125 futurum
1004 3072 1193 3140 appellabant,
1215 3072 1354 3127 rationalia

244 3178 261 3214 a
279 3177 323 3213 me
342 3160 494 3213 habebitur.

201 3246 223 3315 ²)
242 3249 416 3317 Singularnm
445 3250 595 3301 formarum
624 3249 750 3317 exempla
777 3249 984 3303 auctoritatibus
1012 3249 1121 3303 munire
1146 3250 1217 3304 nihil
1241 3267 1306 3320 opus
1324 3256 1353 3302 est

244 3346 305 3407 post
325 3339 465 3392 Struvium
484 3338 584 3402 (Ueber
602 3337 645 3390 die
665 3338 757 3391 latein.
777 3338 909 3391 Declinat.
929 3355 955 3391 u.
975 3338 1115 3406 Coniugat
1136 3356 1163 3408 p.
1184 3339 1239 3392 172
1257 3338 1321 3409 sqq.)
1335 3344 1355 3390 et

245 3427 381 3496 Hjortium
405 3428 475 3491 (lien
500 3426 616 3480 latinslre
641 3426 907 3494 Coniugalionslrere.
944 3427 1060 3481 Hauniae
1083 3426 1155 3480 1827
1174 3445 1201 3497 p.
1223 3428 1275 3481 128
1292 3426 1355 3496 sqqf.

244 3516 342 3570 Tertiae
360 3515 557 3583 coniugationis
575 3514 721 3569 verborum
741 3522 767 3569 et
786 3516 914 3569 secundae
932 3517 967 3569 ad
985 3517 1094 3570 tertiam
1107 3517 1300 3572 accedentium
1311 3518 1355 3570 tac

244 3606 369 3674 exempla
387 3605 553 3674 collegerunt
572 3604 701 3672 (primam
719 3621 865 3674 personam
884 3622 964 3674 pono.
984 3605 1006 3659 si
1021 3622 1054 3659 ea
1067 3607 1213 3674 reperitur,
1234 3608 1263 3661 in
1276 3605 1356 3661 catera

244 3695 335 3759 aliam,
354 3710 415 3762 quae
427 3691 584 3761 reperitur):
601 3694 677 3760 suro,
697 3712 757 3758 asco,
778 3698 874 3760 araim,
894 3711 982 3762 copae,
995 3711 1112 3762 occepso,
1124 3712 1245 3764 occepso,
1258 3712 1356 3764 recepto,

245 3788 317 3837 ircano
340 3781 432 3848 (huius
455 3783 544 3851 prima
568 3798 685 3850 persona
709 3789 750 3836 est
773 3783 847 3851 apud
865 3783 957 3851 Virgil.
976 3783 1079 3836 AEneid.
1098 3783 1143 3847 Xl,
1168 3784 1232 3849 467,
1256 3786 1312 3840 sire
1332 3784 1358 3837 ab

244 3872 357 3940 antiquo
375 3878 456 3940 poeta
475 3879 585 3941 sumpta
603 3872 660 3925 sive
684 3873 719 3925 ad
743 3877 863 3926 veterem
888 3873 1042 3941 analogiam
1061 3872 1195 3932 lormatm
1223 3890 1241 3927 a
1260 3872 1358 3942 Virgilio

244 3962 361 4030 sumpsit
379 3962 425 4015 Sil.
444 3962 528 4015 Italic.
547 3962 604 4021 llll,
625 3960 694 4026 175),
718 3964 818 4028 effecta,
843 3965 970 4029 respecta,
994 3965 1116 4028 excessis,
1141 3965 1226 4031 dulcia,
1253 3966 1361 4017 induo.

244 4055 325 4118 taric,
349 4054 464 4119 sponsis,
488 4053 596 4117 obiexis,
621 4053 730 4103 ‹rrrrieeia
753 4048 806 4115 (vel
825 4051 916 4119 potius
935 4049 1049 4116 orabis),
1071 4054 1174 4119 parata,
1202 4054 1305 4120 clepsit,
1326 4070 1362 4104 ar

245 4143 335 4202 crescit,
360 4143 462 4206 iniexit,
486 4142 622 4205 exstinxit,
651 4143 791 4207 octcmpait,
818 4143 915 4207 rapuit,
944 4143 1050 4207 serpsit,
1077 4144 1224 4209 cccmpait,
1253 4144 1364 4199 inccnut,

245 4233 346 4287 ecclam
375 4229 446 4282 addo
471 4231 580 4296 lncepait
603 4230 676 4296 apud
699 4228 814 4292 Paulum
841 4234 867 4282 et
890 4232 1051 4297 curi-empcit
1070 4245 1119 4297 pro
1137 4231 1283 4284 malent
1301 4229 1366 4300 apud

245 4317 369 4379 Festum,
398 4318 433 4370 ab
456 4317 569 4385 antiquo
599 4317 683 4370 verbo
706 4320 826 4370 acerrimo
854 4315 898 4382 (de
922 4320 981 4371 celeo
1004 4318 1057 4371 vid.
1082 4317 1173 4371 StruV.
1198 4336 1226 4388 p.
1247 4319 1312 4379 179:
1338 4318 1367 4370 dc

244 4409 355 4468 circium,
384 4407 456 4475 quod
481 4409 592 4473 cnrpatm
616 4423 675 4460 esse
699 4406 824 4470 debebat,
854 4407 927 4461 idem
950 4407 1004 4460 ibd.
1029 4412 1056 4460 et
1074 4407 1224 4462 Muellerus
1248 4410 1285 4463 ad
1304 4408 1368 4462 lest

244 4511 269 4561 p.
289 4494 365 4553 3oot;
399 4499 473 4549 ›corit
501 4495 535 4548 ab
563 4512 640 4548 noceo
668 4496 695 4549 in
723 4495 832 4550 tertiam
861 4496 1079 4565 coniugationem
1106 4502 1272 4552 transeunte
1299 4496 1370 4552 addit

244 4582 442 4638 ltamshomius
465 4601 497 4638 ex
522 4584 601 4638 l'esto
625 4601 649 4638 v.
673 4587 764 4638 Tamo.
802 4584 900 4638 Primae
924 4584 1121 4653 coniugationis
1145 4586 1284 4656 exempla,
1313 4602 1371 4656 qua
