2956 5190
740 300 807 366 430

173 496 282 579 1480),
307 501 352 575 ut,
378 497 450 579 quis
467 497 612 575 mutarit,
635 498 800 562 nesciam:
825 494 961 559 Etenim.
998 493 1132 558 Novum
1149 494 1336 575 mummia

171 604 367 687 adiungitur,
399 604 595 669 confirmans
618 604 717 682 idem,
745 601 833 685 quod
855 601 1017 684 superius.
1065 598 1167 664 Hane
1188 598 1253 662 vim
1270 596 1339 665 iria

171 713 293 789 etenim,
317 711 351 775 in
375 731 439 792 quo
464 712 546 775 enim
569 710 710 776 refertur
733 728 800 773 non
823 708 866 774 ad
888 708 1080 791 proximum
1103 704 1257 787 superius
1273 724 1340 788 argu·

171 820 329 894 mentum,
365 817 425 881 sed
455 817 499 882 ad
529 821 634 881 totum
667 817 711 895 id,
747 816 835 899 quod
862 813 1070 897 propositum
1100 816 1155 876 est
1177 808 1344 889 addeum

171 922 352 1000 strandum,
388 926 425 986 ut
452 943 541 1007 saepe
568 924 649 989 nihil
676 941 771 1006 paene
799 922 841 986 sit
869 921 959 985 aliud
980 921 1044 984 nisi
1061 938 1182 1003 porro,
1212 910 1362 1001 Μαι(

170 1032 300 1093 tantum
324 1028 412 1109 quod
435 1029 726 1112 argumentationis
750 1027 942 1110 significatio
964 1026 1093 1092 subest.
1144 1023 1290 1090 Conleni
1310 1042 1350 1107 po·

173 1138 236 1199 test
259 1133 350 1216 (nam
373 1135 524 1201 Handius
547 1156 613 1201 non
637 1132 809 1217 satisfacit)
831 1134 929 1215 huius
952 1131 1117 1198 orationis
1140 1131 1235 1196 loeus
1250 1149 1270 1194 e
1283 1128 1352 1195 aod

171 1241 364 1306 emendatus
389 1241 420 1321 9,
445 1243 497 1320 24,
522 1243 563 1307 de
587 1243 656 1308 lin.
680 1244 703 1322 Ι,
729 1245 759 1320 1,
788 1240 882 1323 3[et
905 1259 978 1322 quae
1000 1239 1047 1303 ibi
1072 1235 1268 1320 adscripsi}
1291 1236 1355 1301 Tus

132 1366 155 1406 n
172 1347 234 1411 cul.
258 1347 310 1425 III,
335 1348 366 1426 9,
391 1349 443 1426 20,
468 1349 510 1413 de
532 1350 572 1414 N.
596 1349 634 1414 D.
658 1349 696 1427 Π,
720 1348 774 1428 30,
799 1349 852 1412 77.
898 1347 966 1412 Sed
987 1349 1094 1411 restat
1112 1344 1358 1410 aliudooculliu

171 1454 338 1519 mendum.
386 1454 557 1520 Germanis
585 1455 672 1521 enim
700 1456 753 1521 hic
784 1454 865 1519 nihil
896 1458 945 1518 est
976 1453 1049 1531 loei,
1086 1452 1291 1534 quibuscum
1314 1468 1358 1515 net

171 1560 238 1624 ulla
260 1561 392 1626 omnino
416 1561 471 1625 illa
495 1566 592 1626 aetate
617 1566 711 1627 erant
738 1562 864 1627 loedera
888 1558 1078 1643 (Ariovisto,
1110 1558 1234 1624 Galliae
1256 1560 1361 1641 purten

170 1669 304 1746 tenenti,
330 1687 520 1733 eoncessum
543 1668 627 1751 regis
651 1672 684 1733 et
706 1668 785 1734 socii
807 1687 928 1733 nomen
951 1669 1016 1732 hue
1039 1685 1110 1731 non
1127 1661 1299 1748 pertinet),
1317 1682 1363 1728 nae

171 1792 317 1854 uuquam
340 1774 437 1839 huius
461 1776 589 1857 generis
613 1774 755 1854 luerunt,
788 1776 907 1856 quibus
930 1773 973 1838 illi
996 1773 1168 1838 Romanis
1193 1781 1285 1837 certa
1304 1790 1365 1836 dou·

171 1879 297 1944 dicione
321 1885 485 1962 parerent.
530 1882 599 1946 Nec
629 1882 715 1947 inter
745 1901 801 1946 eos
831 1885 864 1945 et
890 1881 1060 1979 Romanos
1094 1878 1265 1945 eiusmodi
1293 1897 1366 1943 eon·

171 1986 293 2051 mercia
316 1992 420 2065 erant,
457 1989 638 2054 cavendum
667 1992 705 2052 ut
733 1992 828 2066 esset,
864 2007 905 2052 ne
929 1986 1087 2052 Germani
1116 1985 1238 2068 populi
1260 1983 1366 2049 civibus

172 2093 431 2159 exhaurirentur.
478 2095 602 2160 Deinde
625 2096 738 2161 Cicero
761 2094 967 2179 progreditur
990 2092 1237 2169 enumerando,
1260 2089 1368 2156 siller-

172 2219 287 2264 manos
310 2201 371 2265 hos
395 2204 593 2284 seponimus
630 2202 673 2266 ab
701 2201 750 2279 iis,
786 2202 841 2282 qui
869 2201 970 2265 ltaliae
997 2199 1142 2282 proximi
1174 2201 1273 2263 erant
1297 2195 1368 2262 anti·

172 2307 393 2389 quissimaque
416 2308 586 2373 habebant
609 2307 745 2385 foedera,
781 2307 981 2385 Insubribus,
1016 2306 1061 2371 ad
1090 2324 1159 2384 eoS,
1199 2304 1259 2387 qui
1284 2302 1368 2386 paulo

172 2417 266 2477 erant
288 2416 489 2491 remotiores,
522 2415 676 2496 Cisalpini
699 2419 812 2480 tamen
835 2418 894 2479 aut
916 2412 1055 2496 proximi
1078 2410 1271 2494 cisalpinis,
1300 2407 1366 2474 Hel·

172 2520 274 2583 vetios
299 2523 332 2583 et
353 2521 482 2602 lapides
506 2521 646 2603 Illyrios3
681 2525 762 2600 turn,
795 2523 888 2602 quasi
917 2523 971 2586 vix
993 2524 1100 2596 notos,
1137 2516 1314 2582 nonnullos
1332 2533 1366 2579 ex

172 2623 277 2689 Gallia
300 2626 460 2691 barbaros
490 2628 647 2710 adiungit.
694 2628 757 2707 Qui
791 2628 888 2711 igitur
922 2628 1028 2709 primo
1063 2626 1136 2690 loeo
1164 2625 1365 2688 nominantur

172 2729 335 2808 Germani,
360 2736 392 2797 et
415 2734 656 2819 longinquiores
680 2741 713 2799 et
736 2735 839 2817 magis
856 2734 1011 2799 barbari?
1039 2733 1127 2797 Rem
1151 2750 1222 2796 non
1246 2729 1365 2795 dubiam

171 2837 426 2903 manifestiorem
451 2840 529 2904 lacit
551 2842 685 2906 alterius
710 2841 857 2906 eodieum
881 2841 1013 2905 familie
1035 2841 1214 2921 scriptura,
1246 2840 1363 2903 servan

172 2945 204 3007 in
228 2943 299 3008 eod.
324 2945 518 3023 Erfurtensi3
553 2967 631 3012 nam
668 2949 765 3012 ceteri
801 2946 875 3029 (nisi
911 2966 1033 3024 eorum,
1069 2946 1125 3027 qni
1158 2944 1364 3010 contulerunt

172 3050 269 3132 culpa
292 3050 354 3133 est)
379 3053 494 3117 eodem
518 3054 626 3132 modo,
652 3075 717 3136 quo
740 3055 943 3131 Parisiensis,
968 3051 1156 3134 interpolati
1173 3071 1249 3116 esse
1265 3050 1364 3115 viden·

171 3162 233 3234 tur,
258 3158 426 3223 notissimo
450 3160 581 3224 nomine
600 3160 700 3226 illato.
711 3157 736 3243 ¹)
772 3163 808 3226 ln
826 3161 1006 3226 Erfurtensi
1025 3162 1074 3223 est
1088 3157 1363 3242 genumanhorum.

172 3263 275 3328 Nemo
314 3265 448 3347 negabit
488 3267 697 3331 scribendum
738 3288 824 3334 esse:
868 3268 1132 3345 Ceammaaorum,
1177 3263 1364 3328 [namnam.

172 3369 350 3437 Cenomani
378 3372 569 3438 Insubribus
601 3374 698 3439 vicini
729 3380 823 3440 erant
857 3378 890 3440 et
925 3393 1000 3438 cum
1034 3372 1072 3436 iis
1108 3372 1177 3436 tere
1213 3367 1364 3436 coniuncti

172 3482 469 3543 commemorantur
492 3461 638 3561 et‘apud
661 3479 741 3544 alios
770 3483 804 3544 et
832 3481 921 3562 apud
944 3480 1071 3544 Livium
1095 3476 1145 3559 (V,
1177 3477 1231 3555 35,
1262 3474 1364 3549 XXXI,

175 3584 224 3662 10,
254 3583 382 3662 XXXII,
415 3582 483 3667 30).
540 3585 693 3650 Veterem
729 3605 842 3651 eorum
877 3607 952 3651 eum
985 3586 1145 3651 Romanis
1182 3584 1364 3648 societatem

172 3691 270 3755 etiam
311 3690 430 3756 Strabo
471 3696 708 3757 commemorat
741 3692 849 3756 lib.V
880 3714 912 3775 p.
938 3694 1001 3758 216
1035 3691 1179 3757 Casaub.
1243 3690 1364 3756 Nomen

172 3817 284 3862 eorum
308 3798 423 3863 eodem
448 3799 546 3864 modo
570 3804 759 3881 corruptum
784 3801 910 3865 eratin
934 3796 1184 3864 omnibusLivii
1209 3797 1367 3862 oodieibus

173 3905 226 3969 lib.
251 3905 288 3982 V,
313 3905 365 3983 35,
390 3906 449 3970 sed
472 3906 599 3987 pridem
624 3910 805 3971 correctum
830 3911 889 3971 est.

260 4011 383 4075 Vellem
408 4017 476 4077 tam
501 4017 589 4077 certa
613 4012 739 4077 ratione
762 4017 897 4094 tamque
921 4011 1006 4076 facili
1037 4011 1163 4092 reliqua
1191 4011 1290 4077 huius
1319 4030 1368 4076 ca·

172 4118 246 4198 pitis
270 4118 391 4182 menda
414 4120 526 4185 tollere
550 4120 676 4194 liceret;
711 4122 788 4183 sunt
816 4119 902 4182 enim
927 4120 1021 4200 plura
1045 4120 1091 4183 ita
1114 4118 1238 4200 gravia,
1274 4122 1369 4183 utne

172 4224 356 4306 superiores
380 4226 513 4307 quidem
537 4226 687 4308 fugerint,
722 4245 859 4306 quorum
884 4229 996 4290 tamen
1020 4245 1118 4290 nemo
1141 4226 1254 4290 omnia
1277 4243 1369 4289 aeon·

200 4468 222 4536 ¹)
241 4470 293 4538 [De
311 4473 474 4528 collatorum
493 4473 658 4542 negligentia
677 4490 732 4527 non
751 4472 809 4527 sine
828 4490 911 4527 causa
930 4473 1091 4542 cogitabam.
1120 4472 1274 4541 Paprima
1286 4486 1367 4526 manu

241 4559 496 4629 partumanhorum]
