2948 5206
688 340 750 407 707

115 539 151 599 et
174 534 345 617 augmenti
371 535 546 600 omissione
575 536 686 600 mendi
719 541 910 619 arguuntur,
945 540 1058 601 tamen
1089 538 1222 603 omnino
1253 537 1321 603 tolli

115 645 252 724 propter
274 642 471 707 sententiam
500 661 566 707 non
588 645 737 724 possunt.
783 642 848 708 Sed
876 644 910 707 in
938 643 1110 725 participio
1137 654 1321 722 κεραμευομ-

116 774 177 815 um
206 748 378 831 perspicue
409 749 565 814 mendum
597 751 662 824 est;
697 768 804 831 neque
835 748 922 813 enim
954 749 1070 832 cotylae
1100 753 1172 816 tum
1202 752 1320 834 ipsum,

117 855 197 921 dum
220 855 259 919 iis
283 855 413 921 feminae
437 856 501 920 illae
523 855 710 932 utebantur,
736 875 776 919 ex
799 855 914 938 argilla
928 855 1064 933 fiebant,
1088 857 1230 925 simodo
1249 877 1321 923 om·

115 962 194 1027 nino
218 962 400 1044 argillaoeoe
424 961 566 1037 fuerunt.
612 961 737 1026 Deinde
769 962 966 1027 vocabulum
994 962 1104 1045 ipsum
1131 966 1322 1041 οποπρτορυα·

115 1093 163 1143 ραι
186 1070 233 1132 sic
262 1068 305 1133 ab
336 1068 556 1151 Aristophane
583 1067 696 1133 fictum
726 1072 776 1133 est
798 1088 904 1152 eaque
926 1069 1165 1152 praepositionis
1188 1072 1238 1135 vis
1260 1075 1320 1150 est,

116 1180 153 1240 ut
176 1195 216 1240 eo
239 1174 461 1258 significentur
484 1174 613 1239 feminae
629 1174 729 1257 paulo
744 1177 842 1240 aetate
857 1176 1088 1259 provectiores,
1112 1198 1194 1242 onus
1209 1180 1321 1243 autem

115 1282 188 1347 aliis
211 1289 290 1346 υαία
314 1282 450 1345 maiores
471 1291 554 1356 γρᾶες
571 1282 799 1358 trenorcium»
821 1281 885 1346 dici
907 1286 1090 1365 nequeunt3
1117 1284 1238 1349 rustice
1261 1284 1322 1349 ali·

115 1389 200 1471 quis
237 1407 319 1471 quas
349 1391 577 1465 incompertum
605 1389 843 1472 Aristophanes
874 1388 1012 1467 dixerat,
1046 1400 1134 1466 χοαῖς
1160 1391 1322 1474 interpre-

115 1501 205 1561 tatus
240 1499 299 1560 est.
356 1496 527 1560 Postremo
561 1500 595 1559 et
633 1496 761 1561 numeri
802 1498 836 1560 et
873 1495 1038 1560 sententia
1075 1496 1110 1561 in
1149 1497 1211 1562 illis
1244 1503 1322 1573 {pou

115 1606 277 1679 βιαζόμεναι
316 1602 498 1668 continuari
537 1604 626 1666 recte
664 1605 819 1683 possunt;
860 1600 915 1666 illa
955 1604 1067 1667 autem
1101 1611 1218 1682 preme
1244 1613 1321 1663 orm

115 1712 249 1786 ἄκρατον,
280 1708 314 1773 in
337 1709 456 1791 quibus
478 1707 607 1773 numeri
630 1707 861 1787 dissolvuntur,
891 1707 973 1773 nihil
995 1708 1163 1774 continent
1185 1706 1247 1772 nisi
1269 1709 1321 1771 in·

114 1798 409 1898 terpretumentum
445 1815 647 1897 adscriptum
681 1815 725 1879 ad
759 1815 861 1880 verba
898 1825 999 1875 Θασίου
1022 1821 1148 1892 μέλανος.
1205 1813 1320 1896 Itaque

115 1921 285 2006 (quoniam
316 1923 350 1986 in
380 1921 567 1988 huiusmodi
598 1921 789 2004 fragmentis
813 1924 1000 2004 anapaestos
1025 1921 1217 1986 continuare
1239 1921 1320 1985 scri·

115 2028 226 2094 hendo
249 2048 352 2111 usque
380 2030 423 2095 ad
453 2049 665 2095 numerorum
697 2028 913 2094 mutationem
943 2031 1070 2094 rectum
1101 2023 1243 2108 videtur)
1273 2024 1320 2090 sic

115 2134 290 2200 scribenda
316 2138 388 2201 haec
411 2137 577 2202 videntur:

147 2290 244 2344 Ἀλίαν
263 2290 292 2344 δ’
310 2289 538 2364 ὑποπρεσβύτεραι
559 2297 660 2346 Θασίου
678 2292 796 2364 μέλανος
812 2288 912 2362 μεοτύν
929 2294 1049 2362 κέραμον
1067 2292 1184 2360 θέμεναι
1197 2283 1321 2376 κοτύλαις

149 2378 285 2452 μεγάλαις
304 2382 322 2450 †
340 2382 437 2452 ἔγχεον
455 2383 482 2442 ἐς
500 2387 629 2453 σῖρέτερον
648 2383 735 2452 δέμας
752 2378 852 2434 ούδέυα
871 2377 981 2451 κόσμον,
1000 2380 1076 2450 ἔρωτι
1094 2375 1266 2447 βιαζόμεναι.

115 2527 180 2592 Pro
203 2527 361 2592 mendoso
385 2533 482 2602 ἔγχεον
499 2532 527 2592 ἐς
549 2527 726 2593 scriberem
750 2533 873 2605 ίνίχοον,
897 2526 925 2591 si
948 2525 1054 2591 sonna
1075 2524 1244 2589 contracta
1259 2539 1320 2604 pro

115 2639 222 2711 ἐνέχεον
240 2633 274 2697 in
297 2633 398 2698 verbo
422 2634 601 2715 composito
615 2634 696 2699 satis
712 2633 943 2699 defenderetur
964 2632 1155 2714 comparato
1178 2634 1321 2704 thirem

115 2740 206 2823 apud
240 2740 494 2805 Demosthenem
524 2737 608 2822 (XX,
637 2737 704 2821 53).
750 2742 860 2815 Ἐχχαν
890 2759 964 2804 cum
999 2736 1187 2804 accusativo
1220 2735 1319 2813 vasis,

115 2847 205 2929 quod
235 2846 403 2928 impletur,
436 2845 509 2929 (pro
536 2852 629 2922 ἐγχεῖν
650 2852 678 2910 lc
700 2842 737 2926 τι)
769 2849 802 2910 οῖ
832 2845 1001 2928 Sophoclis
1034 2848 1067 2910 et
1093 2840 1320 2925 Xenophontis

115 2955 311 3019 auctoritate
335 2952 530 3017 defenditur.

198 3146 238 3232 p)
262 3149 416 3213 Eiusdem
441 3166 481 3211 ex
499 3146 662 3228 Gerytade
679 3146 758 3230 (198
775 3146 882 3223 Dino,
906 3145 1003 3211 huius
1021 3144 1143 3211 fabulae
1163 3141 1206 3225 1),
1231 3143 1320 3226 apud

115 3255 329 3320 Athenaeum:

330 3409 379 3472 Ὡς
397 3409 496 3482 ορόδρ
514 3411 556 3464 ἐπὶ
574 3412 676 3464 λεπτῶν
694 3410 814 3466 ἐλπίδων
832 3406 936 3481 ύχοῖσθ’
953 3405 1025 3478 ἄρα·

331 3498 438 3561 τούτους
457 3499 520 3570 γάρ,
540 3498 574 3564 ἧν
592 3500 681 3572 πολλῷ
699 3500 823 3570 torrida,
844 3494 982 3565 ξυλλαβών

330 3587 344 3641 ὅ
363 3595 409 3654 τῆς
428 3589 571 3659 διαρροίας
589 3586 708 3660 ποταμὸς
727 3586 866 3659 οἰχήσεται.

116 3736 272 3801 Mendum
296 3754 368 3799 esse
391 3735 425 3798 in
448 3740 536 3809 πολιῷ
554 3734 764 3815 perspicuum
781 3736 840 3810 est,
865 3733 1020 3815 quoniam
1035 3737 1124 3806 πολιῷ
1142 3736 1320 3805 ἐπέρχεσθαι

116 3843 229 3908 Graece
253 3841 315 3906 dici
338 3840 452 3922 nequit
473 3859 581 3921 neque
606 3840 822 3922 compositum
845 3839 983 3904 verbum
1011 3845 1124 3914 ξυνέλοχ
1151 3839 1239 3902 recte
1258 3855 1318 3918 po·

116 3951 204 4015 nitur
227 3948 268 4012 de
292 3947 428 4012 ssumine
451 3950 604 4028 surgente
627 3949 661 4010 et
683 3947 837 4010 irruente.
883 3945 1097 4010 Seribendum
1121 3944 1266 4008 videtur:

330 4099 437 4161 τούτους
457 4098 521 4171 γάρ,
541 4098 576 4166 ἧν
595 4098 661 4154 ποτ’
680 4098 756 4160 ὀξύς
774 4102 849 4171 ἔλθῃ,
868 4098 1007 4167 ξυλλαβών
1025 4118 1047 4152 κ.
1068 4119 1087 4152 τ.
1107 4099 1162 4168 λ’)

144 4405 167 4473 ¹)
187 4406 320 4476 Bergkius
341 4407 416 4476 apud
435 4405 549 4460 Meinek.
572 4407 644 4459 Com.
665 4407 714 4458 Gr.
734 4404 767 4470 11,
787 4403 869 4458 1006:
889 4400 925 4466 ἢν
942 4401 1042 4460 πολύς
1059 4402 1181 4470 torrida.

1110 4493 1144 4545 F.
1166 4493 1198 4545 G.
1218 4491 1247 4545 S.

1056 4578 1105 4633 45*
