2948 5206
600 313 667 379 675

31 516 165 585 omuino
188 515 378 581 Ciceronem
402 511 502 577 ullam
525 510 713 575 huiusmodi
736 511 928 587 orationem,
961 530 1062 593 quum
1090 511 1132 577 de
1155 533 1232 596 sup-

30 624 127 709 plicio
150 621 394 688 coniuratorum
417 621 579 702 ageretur,
607 620 683 700 post
706 616 808 683 Silani
836 621 868 682 et
892 617 1029 683 Caesaris
1053 621 1233 686 sententias

29 730 196 805 babuisse,
220 747 324 810 quum
346 745 407 792 nec
431 724 603 790 Sallustius
620 744 694 789 eam
710 724 1017 789 commemoraverit
1031 744 1139 807 neque
1154 746 1232 791 con·

29 836 81 903 sul
107 837 184 919 post
211 833 404 899 relationem
434 832 577 914 potuerit
608 831 643 896 in
669 830 779 895 media
809 830 1046 896 sententiarum
1078 851 1232 916 perroga-

27 943 118 1009 tione
148 961 243 1007 suam
274 939 345 1022 ipse
375 939 556 1004 orationem
587 937 805 1019 interponere.
851 937 888 1002 ln
916 957 981 1020 qua
1013 937 1232 1020 disputatione

28 1048 176 1115 Sallustii
197 1046 386 1112 testimonio
409 1043 543 1110 minime
566 1046 654 1108 recte
682 1047 829 1108 utuntur.
875 1043 961 1108 Nam
990 1063 1091 1125 quum
1120 1045 1232 1112 Cicero

26 1173 137 1239 neque
159 1173 281 1241 novam
304 1151 501 1217 sententiam
525 1149 660 1215 dixisset
682 1168 790 1231 neque
813 1154 872 1215 aut
894 1149 995 1215 Silani
1018 1155 1076 1216 aut
1094 1152 1231 1218 Caesaris

25 1248 241 1327 vehementer
270 1258 408 1323 alteram
437 1257 531 1322 alteri
563 1257 761 1341 praetulisset
793 1257 1107 1337 commendassetve,
1142 1260 1232 1326 nulla

26 1387 131 1435 carus
152 1375 234 1446 erat,
264 1385 322 1430 cur
345 1364 517 1431 Sallustius
545 1364 631 1428 banc
655 1364 836 1429 orationem
865 1364 949 1429 inter
973 1384 1029 1430 eas
1052 1369 1232 1432 sententias

25 1475 274 1556 orationesque,
309 1471 429 1554 quibus
464 1473 626 1535 certatum
661 1474 762 1547 esset,
799 1477 1086 1550 commemoraret,
1130 1493 1231 1556 quum

25 1581 220 1666 prasertim,
245 1578 400 1662 quicquid
424 1577 464 1642 de
482 1576 635 1643 Sallustio
659 1577 823 1655 statuitur,
848 1579 910 1643 boc
926 1577 1043 1644 saltem
1060 1580 1230 1646 latendum

26 1689 79 1767 sit,
114 1707 182 1753 non
209 1686 264 1752 illo
292 1686 403 1750 arrimo
432 1702 507 1748 eum
532 1683 710 1767 scripsisse,
747 1687 783 1748 ut
806 1683 969 1749 Ciceronis
993 1705 1093 1768 quam
1117 1687 1230 1770 saepis·

25 1796 110 1861 sime
132 1791 324 1859 nominandi
347 1790 567 1871 laudibusque
590 1790 724 1856 tollendi
748 1792 954 1856 occasionem
978 1796 1137 1874 captaret.
1172 1794 1230 1857 Al·

25 1905 135 1968 terum
158 1904 271 1966 autem
293 1916 427 1981 prorsus
450 1898 520 1962 sine
543 1897 609 1962 ullo
632 1898 768 1963 minimo
791 1900 984 1980 argumento
1006 1902 1133 1981 ponunt
1156 1919 1230 1965 con·

27 2012 145 2091 traque
177 2007 245 2072 veri
275 2004 532 2070 simibtudinem.
577 2003 664 2068 Nihil
696 2006 783 2070 enim
815 2008 896 2084 erat,
931 2005 1020 2087 quod
1051 2006 1228 2083 consulem,

27 2113 84 2198 qui
105 2117 211 2180 totam
233 2115 369 2178 senatus
392 2111 661 2177 deliberationem
684 2112 920 2190 moderaretur,
944 2112 1050 2195 ipsum
1069 2132 1108 2178 ea
1128 2114 1229 2179 inter·

27 2240 150 2305 ponere
172 2222 309 2298 vetaret,
345 2238 419 2302 quae
448 2238 531 2301 opus
561 2236 633 2283 esse
656 2217 824 2284 iudicaret.
870 2219 973 2301 idque
995 2219 1058 2302 ipsi
1081 2221 1128 2286 ita
1151 2240 1229 2286 con-

29 2328 159 2405 cedunt,
194 2331 232 2392 ut
259 2328 389 2391 tantum
422 2324 730 2403 ,intentationis
758 2345 946 2391 mensuram
971 2326 1160 2403 excludant3
1195 2327 1227 2390 in

29 2452 92 2517 quo
126 2451 261 2516 prorsus
294 2432 543 2509 obliviscuntur,
585 2433 670 2496 banc
710 2431 804 2497 iustae
843 2434 998 2498 orationis
1039 2452 1227 2498 mensuram

29 2558 115 2625 sape
138 2544 254 2624 postea
276 2540 409 2605 demum
432 2538 619 2617 accessisse,
644 2557 756 2621 quum,
780 2559 855 2620 quae
877 2538 985 2604 subito
1002 2539 1090 2606 dicta
1108 2543 1227 2617 essent,

30 2647 229 2732 amplificata
264 2649 296 2711 et
329 2648 447 2710 ornata
481 2645 666 2710 ederentur.
676 2640 703 2727 1)
759 2645 870 2728 Atqui,
905 2646 1070 2728 inquiunt,
1106 2647 1226 2723 obstat,

29 2753 203 2837 quominus
237 2751 422 2817 huiusmodi
458 2753 633 2835 quicquam
673 2751 862 2818 Ciceronem
904 2752 1023 2818 dixisse
1063 2758 1281 2836 putamusne

27 2856 96 2944 ipse
118 2859 243 2937 Cicero,
272 2858 327 2939 qui
350 2857 393 2922 ad
415 2857 484 2922 Att.
508 2859 575 2937 XII,
600 2860 641 2924 21
667 2879 686 2923 a
710 2859 811 2924 Bruto
834 2878 870 2924 se
892 2859 1033 2941 maligne
1057 2860 1226 2926 laudatum

24 2968 70 3033 ric
95 2964 257 3049 queritur:
294 2962 348 3027 Me
378 2971 480 3028 aedem
512 2965 563 3029 iric
593 2964 741 3050 (Brutus)
772 2964 895 3046 laudet,
930 2965 1012 3051 quod
1042 2968 1226 3050 rettuierim,

22 3092 89 3139 non
112 3070 197 3158 qued
212 3070 430 3155 patefecerim,
465 3072 547 3157 quod
574 3072 752 3136 cohortatus
774 3073 845 3153 sim,
877 3072 959 3157 quod
982 3071 1114 3158 denique
1137 3082 1226 3138 ante·

18 3199 121 3267 prom
145 3177 335 3242 conudmm
357 3179 424 3262 ipse
446 3178 664 3242 indicaverim.
713 3178 790 3258 Quo
818 3180 926 3242 omnia
955 3180 1032 3264 quia
1057 3178 1134 3243 Cato
1157 3181 1226 3244 lau·

17 3284 119 3351 amus
147 3284 301 3349 extulerat
328 3285 364 3348 in
393 3286 503 3349 coelum
526 3284 813 3370 perscribendcque
843 3293 1015 3367 censuerat,
1049 3285 1169 3351 idcirco
1191 3289 1224 3351 in

14 3394 93 3457 eius
113 3391 302 3455 secordiam
325 3398 369 3455 est
389 3391 479 3474 facto
503 3390 660 3456 discessio.
707 3391 767 3457 His
797 3391 884 3456 enim
913 3392 1021 3456 verbis
1044 3393 1224 3458 Ahrensius

13 3496 68 3583 (p.
94 3496 139 3562 59
162 3493 248 3580 sqq.)
272 3498 399 3564 ostendi
422 3501 526 3580 putat,
550 3498 739 3564 Ciceronem
764 3498 864 3576 initio,
888 3518 990 3580 quum
1013 3498 1056 3563 ad
1074 3503 1224 3564 senatum

11 3605 172 3681 referret,
207 3604 388 3670 orationem
411 3604 566 3669 babuisse
589 3604 632 3669 ad
655 3609 822 3671 senatores
846 3605 1074 3682 cohortandos,
1109 3610 1223 3688 postea

11 3710 103 3780 nihil
128 3709 258 3776 dixisse.
293 3710 388 3789 Quod
409 3713 515 3776 totum
539 3715 768 3794 argumentum
792 3711 874 3777 miro
897 3732 1008 3777 errore
1030 3716 1145 3778 natum
1164 3718 1223 3781 est.

13 3817 115 3905 quod
138 3817 209 3882 haec
233 3818 334 3882 verba
358 3825 525 3903 amquam
553 3819 753 3897 consulerem,
788 3839 862 3902 quae
890 3819 923 3883 in
951 3819 1047 3884 tertio
1074 3819 1223 3884 membro

13 3923 154 3993 inclusa
176 3927 262 4004 sunt,
287 3925 330 3990 ad
352 3923 530 3990 cohortatus
552 3926 612 3989 sim
635 3925 811 3991 transtulit.
857 3925 953 4005 Quod
976 3931 1087 3990 autem
1111 3925 1223 3991 Cicero
1250 3986 1255 3993 .

42 4224 74 4293 ¹)
95 4225 210 4293 ‚ltaque
231 4225 259 4279 id
283 4226 474 4280 tantummodo
497 4227 592 4281 consul
615 4226 733 4295 providit
758 4223 864 4293 (voluit
892 4225 1072 4296 providebat),
1100 4232 1130 4282 ut
1154 4228 1223 4282 inse

93 4318 226 4385 quantem
245 4314 352 4369 iuberet
371 4314 468 4376 dicere,
487 4315 558 4370 bene
576 4321 604 4370 et
622 4315 760 4386 sapienter
778 4314 954 4382 iudicantem,
972 4315 996 4369 si
1014 4316 1104 4376 vellet.
1128 4316 1223 4372 lauda·

93 4407 147 4467 ret,
165 4403 361 4457 altercantibus
379 4419 435 4457 non
448 4403 562 4467 deesset,
582 4409 720 4459 errantem
732 4404 761 4458 in
773 4404 847 4458 viam
860 4403 1011 4469 reduceret,
1030 4405 1221 4460 adversantem

92 4496 208 4547 senatus
226 4491 415 4547 deliberationi
439 4497 547 4561 cogeret
566 4490 643 4559 (Abr.
662 4510 689 4562 p.
710 4491 778 4559 72).‘
817 4492 868 4547 Hic
886 4492 999 4562 quidem
1017 4493 1099 4548 nimis
1117 4496 1222 4550 consuli

92 4580 218 4651 magistri
236 4586 264 4636 et
282 4580 461 4636 admonitoris
478 4587 570 4651 partes
589 4582 698 4638 dantur.

958 4670 1009 4724 43·
