2956 5190
635 278 701 342 475

63 475 101 536 et
125 472 247 537 similes
270 469 372 553 locos)
401 471 463 536 dici
491 477 609 554 potest,
644 476 773 537 tantum
809 473 849 538 de
885 472 1065 538 actionibus
1094 475 1265 554 separatis.

62 597 134 644 non
158 579 198 643 de
221 579 388 661 perpetuis
411 579 550 644 consiliis
574 580 720 644 futurum
744 583 895 643 exactum
925 599 984 660 pro
1013 579 1150 661 simplici
1178 580 1265 661 poni,

10 756 25 763 ..
65 684 130 749 etsi
154 686 355 767 frequentius
378 686 424 749 ita
447 686 588 768 ponitur.
634 686 715 751 Illud
747 687 779 751 in
810 686 873 750 hac
904 705 939 750 re
969 686 1182 751 memorabile
1206 689 1265 759 est,

65 791 145 874 quia
169 791 220 855 hic
243 793 400 856 transitus
424 792 457 856 in
480 793 580 857 futuri
604 794 758 875 simplicis
782 795 889 859 locum
905 794 1011 857 factus
1028 797 1077 856 est
1092 813 1151 875 per
1166 793 1266 874 signi-

16 941 19 945 ·
68 898 255 963 ficationem
279 898 416 963 actionis
445 899 546 964 finitae
575 919 614 964 ex
642 902 809 982 praeterito
840 900 1053 969 inhaerentem
1088 898 1190 981 (quod
1220 901 1266 963 ita

12 1066 15 1071 .
66 1024 150 1083 esse,
185 1005 237 1068 vel
264 1005 340 1069 hinc
368 1005 602 1088 confirmatur),
637 1027 805 1089 nunquam
841 1006 912 1083 illis,
949 1026 1030 1088 quos
1066 1007 1265 1081 enumeravi,

65 1113 173 1178 modis
195 1113 337 1195 positum
361 1113 495 1195 reperiri
520 1113 665 1177 futurum
688 1115 721 1177 in
749 1134 792 1190 eo,
829 1113 916 1195 quod
945 1133 1046 1194 quum
1076 1112 1265 1193 primariam

65 1219 221 1303 simplicis
244 1220 344 1284 futuri
367 1218 645 1300 significationem,
670 1224 798 1284 retenta
814 1220 914 1284 futuri
935 1220 1050 1297 exacti,
1076 1220 1266 1284 amisisisset

67 1324 108 1409 (si
129 1325 210 1407 foco
233 1323 435 1408 excipimus),
459 1346 526 1392 non
548 1328 655 1408 potuit
670 1346 742 1391 eam
759 1326 813 1391 illa
833 1327 886 1390 via
902 1345 1106 1408 recuperare.
1141 1326 1264 1407 ltaque,

67 1432 157 1513 quod
185 1452 411 1515 saepenumero
441 1433 475 1496 in
503 1433 687 1516 linguarum
715 1433 850 1498 historia
880 1432 1107 1514 persequenda
1138 1432 1265 1510 accidit,

65 1537 215 1603 videmus
239 1539 333 1622 quasi
356 1559 415 1622 per
438 1539 550 1605 orbern
576 1541 609 1605 in
625 1542 822 1607 contrarium
840 1540 955 1603 ductas
970 1540 1150 1604 formarum
1166 1538 1265 1620 signi·

65 1643 233 1711 ficationes
252 1666 347 1724 esse,
383 1650 421 1711 ut
452 1652 484 1711 et
507 1647 643 1729 simplex
668 1648 812 1712 futurum
837 1666 931 1711 suam
956 1646 1129 1723 amitteret,
1166 1649 1198 1709 et
1221 1645 1264 1722 id,

65 1751 99 1815 in
130 1773 195 1835 quo
226 1755 347 1819 inesset
374 1755 530 1836 praeteriti
559 1755 713 1819 adiuncta
747 1754 846 1831 notio,
882 1754 982 1817 futuri
1016 1751 1171 1834 simplicis
1205 1751 1264 1816 ali·

65 1859 198 1939 quando
221 1860 369 1926 baberet.

153 1965 219 2030 Sed
255 1967 414 2032 hactenus
453 1967 493 2032 de
527 1968 657 2032 comicis
686 1967 767 2044 dixi3
803 1967 980 2031 videndum
1016 1969 1065 2030 est
1099 1966 1262 2047 deinceps,

64 2071 153 2153 quod
177 2073 218 2136 de
233 2073 393 2139 industria
408 2074 551 2157 seposui,
576 2095 728 2157 quaenam
743 2074 840 2139 huius
856 2074 1015 2139 liberioris
1031 2092 1110 2136 usus
1128 2073 1265 2154 vestigia

63 2178 154 2260 apud
177 2179 338 2245 mserioris
362 2185 394 2245 et
417 2180 559 2245 maxime
578 2181 798 2246 Ciceronianae
822 2182 928 2245 aetatis
951 2180 1126 2262 scriptores
1149 2199 1263 2261 super·

62 2284 138 2349 sint.
186 2286 234 2350 Ac
257 2288 399 2368 primum
423 2286 463 2369 (l)
487 2287 541 2365 illi,
571 2308 672 2371 quum
702 2289 744 2352 de
771 2289 882 2352 futura
906 2288 1032 2351 actione
1056 2287 1102 2350 sic
1125 2286 1263 2369 loquun-

62 2398 127 2470 tur,
158 2396 195 2456 ut
222 2394 376 2475 perfectae
400 2395 535 2458 effectus
559 2397 592 2457 el
615 2393 739 2457 fructus
763 2393 872 2457 animo
895 2395 1038 2457 maxime
1062 2393 1262 2469 obversetur,

64 2499 183 2576 rariuS,
218 2500 277 2563 sed
300 2504 437 2565 utuntur
465 2506 577 2565 tamen
601 2500 711 2564 futuro
735 2504 850 2565 exacto
875 2499 976 2583 (quod
998 2519 1097 2581 supra
1120 2499 1262 2581 primum

59 2605 182 2686 posui),
212 2607 301 2671 velut
324 2606 435 2672 Cicero
460 2607 500 2671 de
524 2607 593 2672 Fin.
617 2607 668 2690 111,
692 2608 724 2685 4,
751 2608 806 2671 14;
837 2606 1032 2691 Multumque
1055 2606 1100 2670 ud
1123 2627 1170 2688 ec,
1194 2626 1263 2691 quce
1277 2615 1303 2655 ⁹⁵

135 2854 248 2921 ebrium,
267 2858 354 2924 Atque
380 2857 444 2908 illue
469 2872 579 2909 aureum
605 2858 759 2919 escendero,·
787 2858 848 2909 inde
871 2864 977 2924 optume
1000 2856 1130 2922 capellam
1148 2855 1261 2918 cirum),
1360 2880 1362 2885 >

135 2940 210 2996 Astu.
230 2943 263 3007 ll,
287 2942 312 3007 2,
337 2944 378 3008 61,
403 2944 494 2998 Aulul.
514 2944 559 3007 ΠΙ,
589 2945 613 3008 6,
641 2943 684 3008 34,
713 2944 789 3013 Capt.
808 2945 842 3009 11,
870 2943 895 3008 2,
923 2943 956 2996 91
981 2948 1008 2997 et
1027 2943 1072 3007 ΙΙΙ,
1098 2943 1121 3010 l,
1146 2941 1182 2995 35
1203 2942 1263 3007 (Sic

135 3048 226 3099 epero:
244 3033 324 3085 Nunc
343 3035 384 3087 ebo
403 3037 440 3086 od
453 3042 566 3101 porrum
584 3036 654 3098 hinc,
673 3039 724 3087 cet.
753 3034 829 3087 Idem
848 3039 898 3096 est,
918 3033 992 3101 quod
1010 3032 1084 3100 apud
1103 3031 1261 3085 Ciceronem

135 3119 164 3172 in
183 3120 295 3174 consilio
314 3122 479 3175 declarando
504 3124 549 3175 Sic
568 3140 657 3190 aqam,
685 3127 716 3176 ut
739 3122 773 3175 ad
798 3122 873 3174 Fam.
892 3120 961 3184 XIV,
984 3119 1010 3183 4,
1033 3119 1062 3173 3:
1091 3123 1196 3188 opinor,
1224 3123 1262 3172 eie

134 3226 223 3276 aqam,
243 3211 278 3263 ad
297 3227 381 3279 quam
400 3211 517 3265 formam
536 3211 565 3265 in
583 3211 672 3280 primo
688 3211 842 3279 fragmento
855 3208 986 3262 orationis
999 3214 1093 3262 contra
1106 3209 1262 3262 contionem

135 3295 236 3351 Metelli
255 3298 430 3353 scribendum
449 3306 505 3354 est:
530 3301 576 3353 Sic
594 3318 683 3368 apum,
702 3308 732 3353 ut
749 3302 860 3368 opicum
886 3300 1017 3366 insequar
1034 3295 1110 3363 cet.);
1138 3297 1197 3351 Cas.
1217 3297 1261 3359 IV,

135 3384 162 3450 2,
180 3384 197 3436 2
216 3392 243 3440 et
263 3387 287 3452 7,
306 3388 383 3457 Epid.
403 3388 434 3453 V,
455 3388 478 3453 l,
498 3388 540 3453 50,
559 3389 686 3442 Bacchid.
706 3389 749 3451 lV,
770 3388 794 3452 6,
814 3386 839 3452 5,
858 3387 973 3440 Mostell.
993 3386 1025 3450 ll,
1049 3384 1075 3450 2,
1100 3385 1142 3451 33,
1167 3386 1211 3449 IV,
1235 3384 1261 3449 3,

136 3473 177 3538 15,
197 3475 228 3539 V,
248 3475 272 3539 1,
292 3475 334 3540 54,
354 3476 463 3531 Meroat.
483 3477 515 3541 11,
535 3476 560 3541 3,
580 3476 622 3541 78,
642 3478 674 3541 ΙΙ,
693 3477 719 3542 4,
737 3475 781 3541 29,
805 3476 851 3540 ΠΙ,
875 3474 901 3543 2,
926 3474 943 3526 5
961 3473 1088 3539 (recolam
1108 3505 1140 3511 —
1159 3474 1261 3528 amabo

135 3590 169 3598 -
189 3563 368 3631 delectavero),
388 3565 486 3619 Pseud.
506 3564 542 3630 ΙΙ,Ι
558 3564 584 3631 2,
602 3565 646 3631 35,
665 3566 739 3620 Poen.
760 3566 804 3629 lV,
827 3563 853 3628 2,
872 3563 916 3627 35,
939 3563 1013 3617 Pers.
1032 3563 1052 3627 Ι,
1078 3562 1101 3626 l,
1128 3562 1170 3626 51,
1197 3563 1215 3626 Ι,
1235 3562 1261 3625 3,

134 3650 177 3716 55,
196 3653 229 3717 ΙΙ,
248 3652 273 3719 2,
292 3652 317 3718 3,
337 3654 370 3718 ΙΙ,
389 3652 414 3718 2,
435 3653 477 3718 68,
496 3654 529 3718 Π,
548 3653 574 3720 3,
594 3654 707 3718 16-17,
726 3655 770 3719 IV,
789 3654 814 3720 4,
833 3653 876 3718 26,
895 3653 967 3706 Rud.
977 3653 1009 3715 11,
1028 3650 1054 3714 2,
1072 3650 1107 3702 24
1117 3654 1154 3715 (ei
1162 3654 1260 3717 videro,

134 3741 321 3810 exquisivere),
335 3743 380 3808 ΙΙΙ,
393 3742 418 3808 5,
432 3743 448 3794 9
461 3740 547 3809 (Quid
559 3748 641 3812 opes?
659 3774 691 3781 —
711 3745 769 3811 Epo
781 3740 932 3807 receeeero),
946 3741 1028 3795 Stich.
1044 3740 1076 3805 ΙΙ,
1095 3740 1119 3805 2,
1133 3739 1167 3791 27
1186 3738 1261 3808 (cape

134 3861 167 3868 -
187 3835 309 3900 copiam
335 3850 461 3886 concerre
480 3860 512 3868 -
530 3831 636 3899 fecero),
655 3832 699 3896 IV,
723 3830 749 3896 2,
775 3832 808 3884 13
828 3837 854 3885 et
872 3830 916 3895 27,
939 3830 1062 3884 Trinum.
1082 3830 1102 3894 Ι,
1121 3828 1146 3893 2,
1165 3828 1208 3893 23,
1227 3829 1260 3893 Π,

133 3919 158 3984 4,
179 3919 221 3985 64,
241 3921 287 3985 ΙΙΙ,
306 3920 331 3986 2,
350 3920 385 3974 29
403 3920 462 3986 (ubi
480 3921 687 3975 Lindemanuus
710 3920 748 3973 ait
767 3937 827 3974 esse
845 3923 938 3974 statim
950 3921 1120 3988 perscribere
1132 3936 1259 3986 possum

134 4016 176 4062 est
194 4015 317 4064 tantum:
336 4012 375 4063 cel
388 4012 568 4078 perandum,
587 4010 614 4063 id
633 4015 683 4075 est,
702 4010 870 4077 perscribere
888 4025 1013 4078 possum;
1033 4025 1083 4062 nec
1096 4009 1124 4061 in
1138 4014 1260 4076 tempore

133 4099 210 4153 verbi
228 4099 346 4153 editores
365 4099 519 4168 superiores
537 4096 693 4164 haeserant),
712 4098 757 4163 ΙΙΙ,
776 4098 802 4163 2,
825 4097 872 4162 84;
896 4098 1028 4151 Terent.
1048 4097 1194 4151 Heautont.
1215 4096 1260 4159 ΙΙΙ,

134 4188 151 4239 5
173 4186 229 4253 (lV,
255 4186 289 4254 l),
312 4187 338 4251 8,
361 4188 471 4242 Phorm.
491 4188 534 4253 IV,
558 4188 583 4253 3,
609 4187 642 4240 76
664 4187 743 4253 (Inde
766 4205 886 4250 sumum
912 4191 1007 4254 uxori,
1035 4188 1084 4239 eibi
1105 4202 1174 4254 opue
1197 4201 1260 4252 esee,

133 4275 247 4343 dixero),
266 4279 297 4342 V,
317 4277 334 4328 5
351 4276 400 4342 (61,
419 4275 454 4329 42
473 4275 552 4345 (rape
570 4295 618 4330 mc.
637 4274 755 4342 Fecere),
774 4276 890 4345 Adelph.
905 4276 925 4340 Ι,
944 4274 970 4340 2,
988 4274 1031 4328 47.
1060 4276 1090 4328 ln
1109 4274 1197 4344 primo
1211 4274 1260 4327 Te·

134 4368 214 4421 rentii
233 4369 292 4421 loco
311 4367 392 4421 tertia
410 4383 529 4436 persona
547 4371 597 4419 est.
634 4365 724 4419 Plauti
742 4365 819 4434 Epid.
838 4365 871 4429 ΙΙ,
891 4363 917 4429 2,
936 4363 970 4416 87
989 4365 1099 4417 incertae
1117 4368 1159 4417 est
1177 4363 1259 4432 scrip·

133 4462 214 4520 lurae;
239 4457 267 4510 in
285 4456 339 4510 ΙΙΙΙ.
358 4456 391 4519 ΙΙ,
411 4455 436 4520 3,
456 4455 489 4508 61
508 4458 669 4510 deterruerit
688 4460 730 4509 est
748 4454 937 4508 coniunctivus
955 4452 1118 4522 potentialis.
1155 4448 1259 4521 [Haup-

133 4544 199 4600 tius:
218 4541 380 4611 deterrebit]
