2948 5206
656 275 721 359 sna

115 472 199 537 licem
220 469 390 551 scripsisse
415 470 558 535 videtur:
592 472 636 535 rel
659 471 820 535 homiuum
846 472 929 535 viriis
952 471 999 534 eet
1024 470 1188 535 insidiis
1210 478 1287 535 tem-

115 596 199 661 porum
221 576 330 640 vietus.
376 576 473 641 Hanc
497 581 640 656 aetatem,
676 597 749 659 quae
773 596 873 641 nunc·
883 577 934 653 sit,
971 581 1003 641 et
1026 578 1086 641 hos
1109 598 1218 643 mores
1241 578 1288 643 sic

115 684 185 765 quasi
205 682 350 747 insidiari
374 683 436 747 sibi
460 683 795 766 philosophorumque
819 681 936 748 iudicio
961 683 1047 759 dicit,
1083 688 1120 748 ut
1142 688 1287 748 veterem

115 787 231 854 Platonis
265 791 475 854 severitatem
510 790 650 855 retinere
685 810 750 855 non
779 792 892 873 possit.
939 789 1007 854 lam
1037 791 1218 871 aptissime,
1253 795 1289 855 ut
1305 809 1343 849 1⁵⁴

116 895 227 959 tortines
248 899 282 959 et
306 902 458 979 tempora,
491 897 537 961 sic
565 898 643 960 uitia
673 901 706 961 et
728 897 856 961 iruidioe
880 900 1129 978 componuntur.
1178 895 1290 980 1842]

184 1002 214 1067 C.
238 1002 288 1079 19,
313 1002 367 1081 47,
393 1002 448 1067 ubi
472 1002 584 1068 Cicero
608 1004 649 1067 de
672 1003 862 1084 pontificum
892 1003 1074 1085 cognitione
1102 1002 1180 1067 iuris
1211 1004 1288 1085 agit,

119 1108 152 1171 sic
169 1108 322 1173 scribitur:
358 1106 530 1172 Totumne?
566 1108 650 1189 Quid
674 1109 742 1173 ito?
776 1109 860 1190 Quid
883 1111 965 1173 euim
989 1109 1033 1173 od
1049 1108 1227 1193 pmrtr'ficem
1252 1110 1291 1173 de

122 1214 172 1277 ture
184 1216 339 1298 parietum
364 1222 421 1278 out
444 1236 602 1299 equarum
626 1223 682 1279 aut
710 1216 773 1280 ullo
797 1216 945 1279 ouuriuo?
978 1216 1075 1301 Ενρο,
1110 1215 1193 1301 quod
1221 1237 1289 1280 rum

123 1320 238 1403 rettpioue
259 1322 459 1385 coniunctum
483 1329 536 1386 est.
571 1321 648 1386 Plus
673 1322 790 1387 dicitur
812 1324 925 1399 multo,
950 1343 1050 1405 quam
1075 1323 1187 1388 Cicero
1212 1323 1289 1399 vult,

123 1424 152 1489 de
169 1428 240 1492 uutto
267 1429 393 1492 omuino
416 1429 486 1492 iure
511 1428 595 1492 civili
619 1429 764 1509 pontifici
788 1429 1000 1511 quaerendum
1026 1449 1107 1494 esse.
1117 1424 1143 1511 ¹)
1178 1430 1291 1511 ltaque

123 1531 237 1615 mitigare
260 1534 314 1599 alii
339 1534 473 1599 student
497 1542 553 1599 aut
576 1536 635 1599 toti
657 1537 721 1599 utto
744 1539 871 1601 omuino
893 1537 1074 1601 scribentes
1092 1556 1133 1600 ex
1149 1536 1291 1618 vestigiis

125 1636 237 1704 codicum
260 1642 394 1706 minime
418 1639 599 1722 perspicuis
623 1647 656 1707 et
678 1663 795 1724 parum
825 1644 1036 1709 Ciceroniane
1067 1642 1156 1724 (totio
1184 1640 1290 1724 ultus),

125 1742 163 1806 alii
180 1748 344 1830 expellunt,
368 1748 546 1813 substituto
571 1756 627 1812 out
650 1750 814 1814 luminum.
856 1751 1000 1814 Batavus
1024 1757 1135 1814 tamen
1158 1749 1290 1831 quidam

125 1845 157 1927 (in
175 1851 348 1919 Observatt.
373 1854 516 1933 Miscell.‚
553 1876 593 1919 ex
628 1855 746 1938 quibus
781 1859 830 1921 tot
863 1857 988 1946 inutilia
1021 1856 1200 1921 Creuzerus
1235 1875 1291 1919 ex·

126 1958 224 2039 terpsit)
246 1961 386 2025 attendit
409 1962 452 2026 ad
477 1961 614 2038 codices,
631 1963 695 2044 ‘qui
718 1983 838 2045 magno
855 1983 1015 2028 consensu
1030 1965 1059 2026 si
1074 1962 1200 2026 addunt
1215 1966 1292 2027 ante

126 2078 185 2144 erm,
213 2086 249 2131 ex
272 2087 337 2149 quo
361 2071 449 2132 recte
473 2067 579 2132 effecit
602 2070 681 2145 uisi3
716 2070 774 2133 sed
805 2090 877 2154 erqo
900 2069 1017 2134 iniuria
1040 2069 1169 2145 delevit,
1205 2069 1291 2150 quod

127 2182 154 2229 en
171 2190 197 2233 eo
215 2178 319 2237 ortum
344 2177 410 2250 est;
442 2194 541 2257 quam
566 2175 669 2253 facile,
694 2175 809 2253 sciunt,
834 2176 889 2257 qui
913 2175 1107 2258 compendia
1129 2174 1291 2239 scribendi

127 2283 224 2342 norunt.
268 2280 485 2346 Scribendum
512 2285 561 2345 est
583 2280 695 2363 igitur:
732 2286 789 2343 uut
811 2283 875 2345 ulto
898 2282 1023 2346 omniuo
1045 2283 1111 2347 uiri
1138 2302 1181 2363 eo,
1210 2262 1293 2367 quod

127 2398 176 2443 rum
195 2387 335 2471 relipioue
358 2389 554 2451 coniunctum
579 2387 645 2450 eat?

191 2490 283 2559 Paulo
307 2499 391 2576 post,
427 2495 490 2558 hac
519 2499 551 2559 et
579 2494 728 2576 proxima
753 2496 896 2559 sectione
920 2493 1000 2577 (48),
1036 2496 1136 2560 miror
1159 2495 1291 2559 latuisse

128 2602 338 2665 annotationem
363 2601 567 2682 grammatici
591 2601 726 2666 alicuius
756 2602 790 2665 in
813 2601 975 2666 Ciceronis
1008 2602 1187 2667 orationem
1221 2602 1292 2666 illa·

128 2696 186 2778 tam,
205 2726 297 2788 quam
320 2711 356 2772 ut
380 2728 466 2772 nunc
482 2708 721 2790 deprehensam
738 2708 938 2785 convincam,
964 2709 1062 2789 paulo
1077 2709 1172 2790 plura
1192 2709 1292 2774 rerba

129 2798 311 2878 lutulenda
334 2818 425 2878 sunt:
463 2815 529 2878 Cur
553 2816 651 2899 ipitur
673 2815 739 2879 lroec
767 2823 857 2878 teuto
883 2814 1033 2896 facturus,
1069 2837 1163 2900 quum
1192 2825 1291 2881 cetero

125 2927 255 2993 luparea
277 2922 351 3003 siut,
387 2921 425 2984 de
453 2923 555 2986 sacris
584 2929 698 3003 auteur,
734 2923 788 3006 qui
810 2923 894 2985 locres
911 2929 1000 3005 putet
1024 2923 1130 3005 latius,
1166 2923 1232 2987 herc
1254 2926 1294 2987 sit

130 3028 178 3077 uuo
195 3029 347 3109 sementia,
383 3036 417 3091 ut
445 3036 664 3091 conserventur
691 3049 812 3111 semper
840 3035 867 3090 et
897 3028 1042 3111 deinceps
1062 3028 1201 3110 seruitiis
1217 3051 1293 3113 pro-

129 3112 229 3213 duntur,
262 3141 299 3210 et,
336 3140 369 3197 ut
398 3135 432 3196 iu
461 3135 525 3218 teye
542 3137 647 3217 posui,
677 3142 834 3218 perpetuu
856 3137 920 3198 siut
942 3135 1061 3199 sucro?
1094 3135 1164 3199 Hoc
1180 3138 1294 3219 posito,

128 3216 178 3290 icc
198 3237 264 3302 r'uru
293 3238 479 3323 pontificum
514 3243 699 3305 urretmitute
733 3249 895 3305 corrsecuto
929 3249 1011 3322 suut,
1046 3249 1090 3323 ut,
1125 3262 1163 3305 ue
1198 3250 1295 3305 morte

124 3340 347 3424 bertraminus
369 3368 532 3410 sacrorum
551 3349 703 3411 urente-ria
720 3347 880 3429 occideret,
906 3348 946 3411 iis
963 3355 1060 3410 esseut
1078 3369 1115 3411 eo
1132 3348 1294 3431 adiuncta,

130 3437 162 3499 “d
186 3470 252 3533 quos
285 3453 423 3518 eiusdem
458 3463 555 3518 morte
583 3455 722 3538 pecunia
752 3456 941 3536 peruenerit.
989 3453 1058 3516 Hoc
1092 3475 1154 3517 turo
1182 3457 1294 3538 posito,
1310 3467 1349 3508 ¹⁶⁵

127 3552 189 3627 illd
206 3566 246 3622 eu
268 3559 312 3623 ud
335 3562 539 3644 coercitionem
568 3561 744 3645 discipliuae
773 3564 861 3643 sertis,
887 3560 1133 3625 irrrr-rmrerobilia
1162 3582 1294 3625 uosruu·

125 3655 171 3741 tur,
187 3665 291 3749 quitus
308 3668 477 3751 implentur
492 3668 782 3731 iurisconsultorum
800 3668 885 3732 libri.
923 3668 1117 3747 Qurerrrutur
1132 3668 1224 3748 euim,
1241 3669 1295 3752 qui

124 3764 341 3857 rturiuyourur
375 3775 477 3837 saeris
505 3779 565 3838 cet.
613 3774 756 3839 Offendit
791 3775 856 3838 iam
893 3775 973 3838 alios
1008 3775 1182 3855 repetitum
1217 3773 1295 3836 illud

120 3873 174 3941 Hoc
203 3882 318 3963 porit03
361 3901 474 3945 verum
522 3884 650 3965 gravior
698 3883 731 3945 in
780 3881 949 3945 sententiae
991 3900 1090 3962 quam
1133 3881 1166 3944 in
1204 3880 1295 3943 verbi
1387 3964 1391 3969 ,

115 3986 288 4070 repetitione
312 3991 345 4052 et
374 3982 620 4069 perturbatione
652 3989 788 4052 offensio
817 3992 877 4052 est.
924 3988 971 4051 Ea
1006 3988 1102 4063 enim,
1137 4005 1211 4067 quae
1246 3985 1295 4049 in·

115 4095 196 4163 ¹'eritis
219 4096 326 4177 posita
350 4099 437 4173 sunt,
467 4115 506 4158 ex
534 4097 700 4177 superiore
730 4099 889 4176 tanquam
913 4093 1018 4176 capite
1042 4098 1074 4158 et
1098 4094 1186 4158 fonte
1210 4093 1295 4157 deri-

118 4362 142 4431 ¹)
160 4362 260 4431 Neque
278 4361 353 4416 enim
374 4362 449 4415 iuvat
468 4361 567 4430 effugia
586 4366 732 4424 tentantes,
753 4361 826 4428 quod
845 4358 936 4412 addidi
957 4358 1022 4428 ipse,
1041 4359 1125 4421 rtatim
1150 4373 1215 4410 nam
1234 4373 1296 4425 quae

161 4457 330 4521 sequuntur,
350 4467 404 4504 non
424 4467 457 4504 ex
476 4450 614 4519 pontificio
634 4450 692 4503 iure
710 4454 783 4513 sunt,
802 4449 850 4502 sed
870 4466 903 4501 ex
917 4448 996 4512 civili,
1015 4463 1077 4515 quae
1090 4463 1153 4500 cum
1166 4445 1295 4514 religione

160 4541 315 4597 coniuncta
334 4545 406 4593 sunt.
