2956 5190
626 277 691 343 619

41 474 86 535 et
104 470 278 536 exornavit
298 470 466 551 eiusmodi,
491 492 565 554 quoe
580 473 704 538 nullam
725 491 858 555 prorsus
875 472 1021 538 habeant
1037 475 1257 556 persuadendi

40 576 124 643 vim
161 581 218 642 aut
250 578 490 643 necessitatem.
536 578 580 643 Ut
603 577 622 660 5
648 579 689 644 15
720 598 821 661 quum
851 578 885 642 in
915 580 986 645 cod.
1017 580 1105 663 regio
1135 585 1168 645 et
1191 580 1256 645 Eri.

40 682 216 767 scriptum
247 685 290 749 sit
320 704 359 750 eo
390 685 514 762 ordine,
550 686 606 768 qui
636 686 726 768 apud
758 684 948 750 Ciceronem
978 685 1180 768 frequentior
1208 691 1258 752 est
1271 705 1312 745 so

40 786 138 872 (vid.
171 789 444 874 Stuerenburgius
474 792 518 857 ad
546 795 628 858 orat.
653 812 713 875 pro
745 791 843 855 Arch.
875 811 907 873 p.
932 791 976 856 20
1005 792 1102 875 sqq.)‚
1138 801 1258 878 quanto

41 914 213 981 prompte
235 897 277 961 sit
298 898 384 962 iusta
407 919 611 984 unaquoque,
635 898 663 964 is
687 918 727 964 er
750 898 821 963 aliis
845 899 939 963 codd.
964 898 1080 964 edidit:
1105 919 1259 984 quomque

40 1002 144 1067 iuna
174 1003 224 1081 sit,
260 1006 293 1067 et
323 1004 364 1069 de
395 1024 435 1070 eo
466 1005 561 1070 valde
592 1010 761 1071 asseverat
791 1003 838 1087 (in
866 1025 941 1071 ann.
966 1006 1009 1070 ad
1032 1006 1109 1070 Lael.
1133 1027 1165 1090 p.
1190 1004 1257 1088 90),

43 1109 149 1191 quod
182 1109 321 1174 multum
355 1111 454 1176 situm
489 1112 531 1177 sit
564 1112 598 1178 in
632 1111 792 1178 adiectivo
825 1113 921 1176 iusta.
982 1112 1141 1194 Equidem
1176 1113 1258 1177 scire

44 1214 167 1293 velim,
191 1216 225 1280 in
248 1235 347 1298 quem
370 1217 476 1282 locum
501 1218 534 1283 id
557 1237 623 1282 non
647 1218 753 1295 eadat,
777 1217 834 1282 ubi
858 1237 897 1283 ea
912 1219 1072 1301 particula
1088 1218 1142 1284 illo
1160 1219 1258 1284 mo'do

46 1320 219 1388 adiectivo
242 1328 463 1406 praeponatur,
499 1328 535 1388 ut
563 1324 626 1388 ista
657 1323 791 1406 quidem
813 1324 940 1390 ratione
963 1325 1085 1407 ubique
1108 1326 1155 1390 sic
1177 1326 1258 1391 scri·

48 1426 205 1495 bendum
230 1431 285 1507 sit;
316 1430 376 1495 sed
399 1431 485 1495 hunc
509 1430 735 1496 animadverto
758 1431 936 1496 multorum
959 1451 1113 1509 errorem,
1138 1452 1159 1497 a
1182 1433 1258 1497 Goe·
1311 1414 1313 1419 ⁴

50 1537 179 1616 renzio,
214 1537 241 1601 si
270 1556 336 1602 non
365 1539 483 1614 ortum,
518 1541 553 1601 at
583 1540 811 1619 propagatum,
847 1540 892 1616 ut,
928 1536 985 1602 ubi
1009 1538 1049 1603 de
1074 1539 1144 1603 loco
1167 1537 1259 1602 verbi

51 1643 257 1709 substantivi
274 1644 494 1709 controversia
511 1643 562 1721 sit,
587 1644 630 1723 id,
655 1663 719 1726 quo
736 1644 779 1708 sit
795 1643 885 1708 initio
903 1644 1046 1726 propina,
1071 1664 1111 1710 eo
1128 1645 1258 1727 graviirs

51 1749 198 1832 proferri
228 1753 361 1833 putent;
396 1750 484 1832 quod
516 1754 566 1815 est
597 1750 692 1832 longe
722 1769 827 1815 secus.
885 1749 1039 1815 Subiecta
1070 1751 1156 1815 enim
1187 1751 1259 1816 haec

52 1855 157 1921 unius
190 1856 326 1941 syllabae
360 1877 424 1922 vox
458 1857 690 1940 interrogativo
720 1861 880 1939 tanquam
908 1857 1055 1921 enclitica
1088 1857 1258 1935 delitescit,

53 1962 287 2045 extolliturque
316 1963 359 2040 id,
395 1964 484 2045 quod
506 1966 602 2029 tertio
626 1965 696 2029 loco
720 1968 779 2028 est.
788 1959 814 2044 ¹)
861 1963 991 2041 Dubito,
1026 1983 1105 2028 num
1129 1968 1258 2029 tantum

52 2068 211 2152 Krarupii
233 2069 298 2134 mei
321 2071 449 2136 silentio
472 2071 626 2148 tribuam,
662 2079 699 2135 ut
726 2071 759 2135 in
790 2071 853 2136 hoc
881 2089 999 2152 genere
1021 2071 1256 2152 scripturarum

52 2176 100 2241 ob
124 2176 270 2241 codicem
292 2178 418 2259 regium
441 2182 643 2243 retentamm
666 2196 798 2261 ponam,
823 2177 911 2259 quod
933 2175 1012 2257 525
1027 2181 1092 2241 est:
1115 2196 1257 2241 movero

54 2281 179 2346 dubitet
201 2284 353 2367 apricolo.
399 2283 464 2349 Sed
487 2284 554 2350 sive
582 2285 616 2349 id
643 2284 677 2348 in
705 2283 815 2349 codice
845 2283 899 2348 illo
922 2283 1081 2364 scriptum
1105 2288 1155 2347 est
1178 2284 1256 2361 sive,

54 2393 96 2453 ut
119 2389 188 2454 fere
211 2389 244 2454 in
268 2392 394 2468 ceteris,
426 2391 559 2469 dubitat,
588 2390 777 2456 retinendus
802 2388 1025 2455 coniunctivus
1050 2393 1115 2464 est;
1150 2408 1257 2472 neque

55 2495 156 2575 enim,
181 2496 259 2579 quid
281 2498 503 2580 respondeant
526 2497 685 2580 agricolae,
715 2496 796 2562 Cato
820 2496 907 2573 dicit,
938 2496 996 2560 sed
1020 2496 1099 2576 quid
1121 2496 1254 2577 possint,

54 2603 85 2667 si
109 2603 182 2684 quis
206 2608 341 2685 quaerat,
373 2605 581 2687 respondere.
628 2604 676 2668 lta
699 2607 810 2668 autem
835 2602 979 2668 codicem
1003 2601 1128 2684 regium
1151 2602 1256 2683 priruo

54 2707 130 2773 loco
152 2709 265 2788 habui,
290 2715 326 2775 ut
350 2711 378 2776 ei
403 2731 455 2776 me
479 2730 520 2776 ne
537 2709 769 2792 manciparem,
793 2728 895 2791 aquo
910 2709 1078 2774 retrahere
1094 2709 1146 2771 vel
1162 2708 1256 2772 Nonii

54 2815 236 2879 auctoritas
263 2822 402 2899 poterat,
438 2818 630 2900 plerumque
659 2835 738 2880 sane
768 2813 869 2897 (velut
892 2812 911 2896 5
935 2817 979 2880 52
1007 2817 1094 2879 arim
1116 2813 1256 2896 vinaceo)

55 2939 133 2987 cum
158 2922 268 2987 codice
291 2924 389 3006 regio,
425 2924 484 2988 sed
511 2928 623 2988 tamen
652 2921 815 2987 interdum
845 2941 920 2986 curn
949 2922 1020 2986 aliis
1043 2925 1157 2986 contra
1180 2940 1256 2985 eum

54 3029 274 3108 consentiens,
309 3035 346 3095 ut
379 3027 465 3111 545
498 3031 531 3095 in
566 3030 746 3096 omittendo
779 3030 889 3092 nostri.
936 3028 1049 3110 ltaque
1082 3045 1148 3091 non
1182 3045 1256 3090 sum

55 3134 181 3201 veritus
211 3135 294 3217 541
328 3155 368 3200 ex
399 3136 466 3200 Eri.
498 3140 531 3200 et
561 3136 687 3200 Trevir.
720 3134 856 3216 aliisque
888 3134 1027 3198 retinere
1057 3134 1257 3218 lonqinquior

55 3260 120 3324 pro
142 3243 274 3327 tonpior,
309 3262 370 3307 nec
392 3239 411 3323 5
435 3243 455 3307 3
478 3243 639 3308 Aristonis
667 3242 782 3323 patriae
806 3259 924 3305 nomen
949 3240 1063 3317 delevi,
1099 3239 1158 3304 sed
1182 3258 1255 3304 cum

55 3347 184 3413 Klotzio
214 3368 233 3412 e
261 3349 354 3415 codd.
384 3349 616 3414 Dresdensium
646 3349 745 3412 trium
775 3350 809 3411 et
839 3346 1021 3411 Haeneliani
1054 3347 1256 3428 aliorumque

55 3454 202 3537 vestigiis
233 3453 459 3538 (Aristoclteus,
495 3456 672 3520 Aristolaus
701 3452 777 3535 cet.)
814 3453 894 3517 Ceus
923 3454 1053 3535 scripsi;
1088 3452 1256 3534 Peripate-

56 3562 160 3625 ticum
183 3562 270 3626 enim
293 3562 437 3645 intelligi,
461 3564 516 3644 qui
540 3563 624 3628 Ceus
647 3561 718 3638 fuit,
742 3580 807 3626 non
829 3564 878 3625 est
895 3560 1000 3641 longae
1017 3557 1256 3641 disputationis.

55 3669 144 3734 Nam
167 3689 233 3735 non
256 3670 361 3735 solum
385 3670 550 3734 Panaetius
579 3673 612 3733 et
635 3669 814 3734 Sosicrates
843 3666 932 3748 apud
955 3665 1133 3749 Diogenem
1157 3666 1256 3729 Laer·
1270 3681 1309 3720 uo

56 3775 141 3840 tium
170 3776 250 3854 Chii,
287 3776 396 3851 Stoici,
431 3779 552 3858 negant
580 3776 754 3857 quicquam
784 3777 913 3839 exstare
942 3777 1062 3856 praeter
1090 3771 1257 3854 epistolas,

57 3884 168 3947 cetera
191 3883 245 3948 Cei
270 3902 351 3960 esse,
383 3881 442 3946 sed
471 3882 539 3964 ipse
563 3880 674 3946 Cicero
698 3881 770 3945 libr.
793 3881 822 3944 V
845 3880 886 3944 de
910 3880 979 3944 Fin.
1003 3877 1021 3960 5
1047 3879 1088 3942 13
1112 3878 1256 3942 Aristoni

56 3988 285 4071 Peripatetico,
317 4008 384 4054 non
406 3987 525 4064 Stoico,
557 3991 593 4052 ut
616 3989 698 4052 miro
723 4007 832 4053 errore
857 3987 1003 4051 Graevius
1026 3985 1165 4068 scripsit,
1203 3983 1257 4048 alii

56 4098 221 4176 repetunt,
257 4096 378 4178 scripta
406 4094 511 4159 multa
539 4098 573 4159 et
595 4094 705 4176 polita,
741 4094 800 4159 sed
824 4095 984 4176 gravitate
1007 4097 1039 4157 et
1062 4091 1256 4156 auctoritate
1325 4158 1333 4179 ⁸

58 4201 204 4266 carentia
231 4202 354 4279 tribuit,
389 4201 485 4283 quale
515 4201 578 4267 hoc
605 4200 667 4265 fuit
695 4199 736 4264 de
765 4204 947 4275 senectute;
982 4201 1097 4282 estque
1123 4198 1257 4262 omnino

85 4428 110 4491 ¹)
128 4428 194 4500 [cu.
213 4447 274 4500 quae
293 4431 424 4486 annotavi
442 4432 478 4485 ad
497 4430 550 4485 Cic.
570 4430 604 4485 de
622 4430 680 4485 rin.
699 4431 711 4483 1
729 4428 746 4497 5
764 4428 799 4483 43
818 4447 844 4499 p.
863 4429 906 4483 91.
944 4425 1033 4495 1842]
1139 4486 1144 4493 ,
