2948 5206
660 279 732 345 -309

147 473 268 541 obiectum
288 478 339 541 est
365 474 433 540 loc
459 475 586 559 longius
614 472 801 556 remotum).
810 470 837 556 ι)
882 476 1004 541 Verum
1033 477 1127 560 longe
1155 477 1220 543 alia
1248 498 1300 544 res

147 589 186 659 est
202 581 246 648 ubi
266 582 452 648 accusativo
475 580 621 664 gerundii
643 601 711 647 non
733 581 883 647 absolute
908 584 1024 665 posito,
1048 584 1106 649 sed
1130 605 1150 649 a
1172 605 1299 672 praepo

145 687 225 754 sidere
243 693 331 755 rectn
353 689 558 754 accusativus
582 687 802 752 subiiciendus
826 693 907 754 erat.
953 689 1001 754 Ibi
1030 692 1127 769 enim,
1156 695 1190 756 et
1212 693 1301 774 quod
1416 689 1418 693 ’

142 797 285 863 reusam
301 796 353 861 —ad
367 795 611 861 substantivum
627 794 771 860 tenditur
787 796 952 878 loquendo
966 801 999 862 et
1014 801 1148 881 propter
1162 798 1301 864 similem

143 920 229 981 usum,
260 892 430 989 nunquam
460 900 633 966 distinetur
656 901 861 985 gerundium,
897 903 976 986 quin
998 904 1205 987 participium
1227 905 1301 982 fiat;

140 1026 167 1072 rc
181 1028 213 1075 ne
230 1008 472 1092 antiquissimos
499 1008 633 1091 quidem
663 1008 837 1091 scriptores
865 1009 928 1076 isto
956 1010 1054 1076 modo
1071 1004 1203 1077 'dixisse
1231 1032 1301 1076 me·

140 1116 205 1194 uini;
224 1115 334 1183 Cicero
349 1114 482 1199 quidem
506 1121 539 1179 et
554 1115 697 1199 aequales
713 1118 746 1181 et
760 1117 967 1199 posteriores,
991 1136 1033 1182 ne
1048 1119 1153 1201 poetis
1169 1119 1302 1200 quidem

140 1223 258 1306 exceptis,
281 1223 380 1306 plane
402 1216 641 1288 abstinuerunt.
687 1221 733 1286 At
755 1223 906 1306 exempla
930 1226 1092 1289 contraria
1115 1229 1201 1290 sunt.
1247 1225 1302 1289 Vi·

138 1325 240 1395 deamus
267 1329 365 1412 igitur
393 1329 448 1394 illa
478 1328 638 1411 exempla,
674 1348 749 1411 quae
782 1329 893 1394 multis
916 1330 1059 1396 millibus
1083 1335 1301 1414 opponuntur.

137 1432 248 1501 Pilnum
271 1435 355 1523 Otto
379 1434 426 1518 (in
453 1434 531 1500 edit.
555 1434 688 1502 Catonis
712 1436 787 1500 Mai.
813 1435 900 1500 Add.
924 1456 956 1519 p.
981 1436 1070 1519 246),
1100 1457 1201 1520 quum
1230 1438 1302 1504 reli·
1316 1455 1356 1498 aa

137 1558 180 1621 pn
201 1543 347 1626 exempla
376 1540 588 1609 Ciceroniana
623 1541 703 1625 (non
731 1543 764 1607 in
793 1543 1038 1625 praepositione,
1074 1563 1180 1627 neque
1215 1547 1302 1610 enim

87 1730 89 1739 Ι
137 1644 185 1712 lec
201 1650 358 1729 cenent,
388 1649 447 1714 sed
475 1650 608 1716 omnino
636 1650 814 1715 accusativi
843 1650 1030 1716 accusativo
1052 1651 1201 1733 gerundii
1223 1652 1302 1716 sub·

87 1756 89 1825 ἰ
131 1752 196 1837 lecti)
214 1758 337 1824 incerta
360 1755 492 1834 diceret,
528 1760 653 1821 certum
684 1760 797 1821 tamen
824 1757 962 1840 putavit,
997 1758 1086 1839 quod
1108 1758 1191 1823 solet
1213 1759 1304 1842 apud

137 1859 275 1946 plerosque
298 1883 418 1947 agmen
446 1862 576 1941 ducere,
611 1866 781 1945 sumptum
813 1882 853 1928 ex
877 1862 919 1927 ΠΙ
948 1863 981 1927 in
1012 1863 1083 1929 Cat.
1108 1864 1138 1943 8,
1163 1865 1222 1929 20:
1259 1865 1303 1928 od

87 1910 91 2079 ἶ
133 1967 297 2048 dooadm
314 1969 397 2034 deoc.
443 1969 563 2034 Verum
588 1990 654 2036 non
682 1970 789 2036 solum
818 1969 892 2034 edd.
924 1971 1160 2052 antiquissimae
1188 1967 1302 2055 (etiam

136 2076 244 2141 alili
278 2080 312 2142 et
348 2073 462 2158 1480),
498 2077 557 2141 sed
592 2077 729 2155 codices,
764 2076 806 2141 de
841 2078 961 2158 quibus
995 2077 1128 2160 quidem
1163 2082 1301 2157 constat,

137 2196 217 2247 omnes
245 2182 425 2268 placandus
458 2183 592 2262 habent,
627 2187 665 2248 ut
692 2182 891 2267 placandum
925 2183 1005 2249 nihil
1039 2185 1081 2249 sit
1115 2186 1176 2249 nisi
1211 2205 1301 2251 error

138 2284 252 2355 editionis
285 2290 423 2355 alicuius
458 2290 500 2356 ob
534 2289 737 2356 reconditam
772 2288 894 2354 scilicet
928 2290 1125 2372 elegantiam
1153 2291 1302 2374 religiose

138 2400 313 2479 pomptus·
360 2396 513 2480 (Orellius
536 2398 636 2463 etiam
666 2397 750 2461 mole
772 2397 911 2461 alterurn
935 2397 1033 2462 scribi
1056 2396 1238 2481 armotat.)'
1262 2399 1303 2464 Et

87 2568 89 2573 ,
140 2497 203 2566 tddit
219 2503 355 2569 Beckius
379 2505 479 2570 etiam
502 2504 736 2580 defensionem,
771 2502 837 2567 vim
867 2523 998 2570 omnem
1022 2524 1094 2570 esse
1117 2505 1150 2570 in
1168 2506 1302 2589 placan-

138 2601 196 2685 dam,
215 2610 300 2692 quod
323 2611 468 2676 studiose
492 2613 644 2693 repetunt
667 2615 701 2675 et
724 2609 788 2687 alii,
813 2613 916 2693 etqui
933 2610 1203 2689 distinctionibus,
1228 2631 1303 2693 quae

139 2729 165 2775 ue
180 2716 214 2781 ad
234 2737 334 2782 unum
364 2718 496 2800 quidem
526 2737 566 2782 ex
595 2718 705 2783 multis
736 2717 842 2782 allatis
875 2718 1030 2799 exemplis
1063 2711 1329 2783 accommodari

139 2823 230 2898 iussim
249 2844 356 2907 neque
380 2825 446 2891 ullo
468 2824 567 2890 modo
591 2843 631 2889 ex
655 2823 807 2906 loquendi
831 2824 958 2906 generis
981 2829 1100 2889 natura
1124 2828 1157 2888 et
1179 2825 1301 2907 origine

139 2924 193 3007 elci,
212 2932 302 2997 valde
327 2932 516 3010 delectatur,
540 2931 791 2997 Ramshornius.
827 2930 892 2994 Sed
917 2950 982 2996 non
1000 2930 1122 3008 dicunt,
1147 2951 1220 3013 quoe
1238 2933 1302 2996 ista

138 3031 340 3122 ilpraecipua
374 3037 514 3121 dignitas
545 3036 696 3104 vocabuli
728 3055 770 3100 nc
802 3038 844 3101 ad
873 3037 961 3102 aliud
985 3037 1116 3119 quidem
1141 3038 1302 3103 contrarie

137 3139 211 3219 relati
233 3149 289 3210 aut
312 3165 386 3226 quae
408 3147 513 3228 possit
536 3163 607 3210 esse
631 3145 764 3209 omnino
787 3143 821 3206 in
844 3143 906 3207 hac
924 3164 958 3208 re
975 3144 1123 3226 gerundii
1139 3144 1302 3227 singulare

135 3258 323 3327 monentium
357 3270 435 3316 nam
466 3254 500 3316 in
530 3252 704 3316 verborum
737 3249 851 3316 ordine
873 3251 907 3315 id
930 3245 1029 3315 cemi'
1042 3251 1211 3333 putabam,
1247 3253 1303 3335 qui

147 3472 205 3542 ’lt
222 3482 421 3537 Ramshornius
444 3482 472 3536 in
496 3482 645 3537 Grammat.
671 3479 834 3548 §169n0t
854 3480 869 3532 1
894 3497 910 3534 a
934 3480 1006 3544 lecit,
1035 3483 1108 3549 quod
1131 3483 1188 3537 iere
1213 3484 1302 3537 iacere

178 3571 251 3635 solet,
270 3577 299 3626 ut
317 3572 395 3626 nulla
412 3572 518 3625 ratione
537 3572 639 3625 menda
657 3571 739 3624 unius
759 3570 905 3624 alteriusve
924 3570 1024 3624 codicis
1043 3576 1091 3624 aut
1110 3570 1229 3638 vulgaris
1248 3571 1302 3625 edi-

178 3659 254 3714 tionis
277 3666 388 3716 streone
412 3660 528 3729 colligat.
570 3660 601 3713 ln
624 3661 636 3713 l
659 3661 694 3713 de
713 3660 765 3714 on.
789 3663 883 3713 tamen
908 3676 930 3712 c.
950 3658 982 3711 31
1008 3675 1081 3712 unus
1104 3659 1192 3712 bonus
1217 3659 1302 3713 codex

175 3749 303 3805 mendum
322 3750 414 3814 habet,
433 3755 524 3804 ortum
544 3766 577 3803 ex
596 3749 760 3819 praecedenti
773 3751 956 3812 moriundum,
975 3746 1086 3816 reliquis
1099 3763 1196 3801 verum
1209 3752 1302 3801 lenen-

175 3837 254 3891 tibus
290 3838 343 3893 Sed
362 3839 420 3893 Cat.
440 3837 482 3903 12,
510 3837 546 3891 42
569 3841 719 3893 notandum
741 3840 842 3905 putavi
867 3838 1005 3890 libidirwm
1033 3840 1060 3889 et
1083 3834 1251 3903 optimorum
1275 3842 1302 3890 et

174 3927 353 3983 mediocrium
377 3928 539 3982 auctoritate
563 3928 669 3997 pridem
693 3927 781 3981 cessit.
824 3925 896 3992 Quid
924 3926 958 3980 de
985 3940 1018 3979 eo
1045 3924 1143 3988 dicam,
1172 3925 1245 3994 quod
1269 3941 1302 3979 ex

171 4022 240 4071 orat.
253 4033 303 4087 pro
315 4016 418 4070 111119
437 4016 585 4071 testimonii
605 4016 664 4070 loco
683 4015 769 4085 ponit,
788 4030 844 4068 non
864 4013 924 4067 dico
943 4013 1067 4082 peiorum
1082 4013 1207 4067 codicum
1220 4013 1302 4083 scrip·

171 4111 264 4160 turem
282 4105 390 4176 pridem
408 4122 442 4159 ex
460 4105 572 4174 optimis
596 4109 742 4165 mutatam,
770 4104 818 4157 sed
846 4103 954 4156 crille
982 4107 1073 4156 ortum
1098 4102 1302 4179 apertissimum

168 4210 293 4248 errorem
311 4195 430 4249 duorum
449 4195 526 4248 codd.
542 4194 749 4258 oxoniensium,
769 4199 817 4247 aut
836 4193 909 4260 quod
928 4191 1083 4245 Pacuviano
1102 4207 1184 4244 versu
1202 4196 1229 4245 et
1243 4191 1302 4259 ipso

169 4282 256 4337 dnbio
281 4289 413 4352 uuquam
437 4283 574 4338 Ciceronis
597 4282 687 4336 verbis
711 4281 757 4346 (de
776 4282 865 4335 Divin.
885 4282 905 4349 1,
930 4281 972 4344 57,
998 4278 1060 4346 131)
1088 4280 1192 4334 utitur?
1220 4280 1302 4348 Apud

166 4373 306 4427 Censorem
325 4373 356 4426 B.
376 4372 407 4427 (i.
426 4373 471 4437 lll,
501 4372 533 4425 14
558 4378 585 4426 et
608 4373 688 4441 longe
712 4371 824 4440 plurimi
843 4372 920 4425 codd.
940 4375 967 4424 et
986 4385 1089 4434 omnes,
1118 4386 1236 4437 quorum
1256 4368 1301 4421 ali·

166 4462 245 4532 quod
265 4468 305 4516 cst
323 4462 452 4532 pretium,
471 4466 606 4531 respuunt
618 4460 759 4515 horridam
772 4460 848 4513 illam
862 4458 1082 4513 coniunctionem
1094 4459 1303 4526 exspectandum

163 4553 290 4605 dmm.
