2948 5206
691 287 754 351 627

211 482 260 546 De
292 481 417 546 Creone
449 482 529 545 satis
561 481 683 545 dictum
715 485 775 546 est.
821 482 858 545 In
881 482 981 546 Lsuo
1012 482 1091 546 nihil
1120 482 1223 547 habui
1251 484 1328 547 nori

117 588 271 665 subsidii,
307 589 417 670 itaque
448 588 556 651 minus
587 607 676 669 saepe
707 587 753 651 ibi
783 588 942 653 aKlotzii
973 588 1116 653 editione
1148 588 1328 653 discessum

117 700 172 760 est
207 694 255 775 (in
285 715 350 778 qua
378 694 621 759 incommodum
652 697 711 771 est,
748 694 836 777 quod
864 695 978 777 optimi
1009 695 1139 772 codicis,
1176 695 1327 769 Gudiani,

117 803 320 891 scripturam
343 821 409 865 non
432 801 594 883 integram
619 800 868 883 cognoscimus),
899 805 933 866 et
955 805 1068 867 tamen
1092 821 1192 883 quum
1217 802 1328 867 omnia

120 908 166 973 ad
189 908 329 984 codices,
354 907 396 971 de
419 927 560 989 quorum
583 907 745 989 scriptura
769 908 955 986 constabat,
985 908 1027 972 de
1050 910 1175 990 integro
1201 912 1327 983 exacta,

121 1013 223 1079 etiam
259 1014 396 1078 minima
430 1012 534 1095 (velut
562 1011 580 1093 ἕ
608 1015 630 1077 4
664 1014 840 1078 ἀὶαιίεεὺηε
874 1034 968 1078 senec
1001 1017 1164 1079 retentum
1200 1019 1251 1079 est
1285 1016 1328 1079 ob

121 1119 348 1185 testimonium
372 1119 465 1184 codd.
489 1119 606 1183 Guelff.
631 1119 665 1183 in
686 1120 779 1201 praef.
805 1120 882 1184 edit.
907 1120 1087 1185 Beierianae
1102 1141 1136 1204 p.
1153 1119 1232 1202 Vll),
1259 1125 1328 1186 tum

121 1226 277 1309 quaedam
301 1227 401 1290 etiam
430 1228 616 1291 coniectura
645 1225 830 1290 emendata.
877 1227 964 1292 iliius
992 1227 1120 1309 generis
1149 1229 1327 1310 praecipua,

122 1333 195 1397 haec
218 1332 330 1398 omnia
352 1352 541 1416 persequar,
571 1334 599 1397 si
621 1333 711 1415 prius
735 1332 857 1400 dixere.
881 1334 933 1399 rel
956 1334 1108 1415 optimos,
1144 1334 1200 1415 qui
1223 1353 1329 1415 nuper

124 1438 265 1503 adhibiti
293 1442 381 1517 sunt,
411 1439 538 1504 codices
567 1440 754 1521 integritate
777 1440 894 1504 cedere
917 1441 965 1517 iis,
996 1460 1078 1522 quos
1102 1439 1230 1504 viderat
1253 1438 1327 1505 Car.

123 1546 277 1627 [angius.
323 1546 437 1627 Neque
460 1547 547 1610 enim
571 1547 745 1627 quisquam
768 1549 884 1627 postea
912 1547 945 1611 in
974 1547 1085 1611 codice
1113 1546 1204 1623 vidit,
1240 1546 1328 1628 quod

124 1652 151 1716 is
175 1671 203 1716 c.
228 1653 249 1716 2
277 1650 341 1733 §9
370 1672 411 1716 ex
438 1652 547 1717 Iacobi
575 1652 660 1717 Susii
694 1652 777 1716 libro
812 1652 913 1717 edidit
947 1672 1126 1735 omnesque
1161 1656 1326 1718 tenemus:

124 1757 179 1822 sed
200 1757 237 1821 ti
258 1759 295 1821 in
312 1760 435 1841 pueris,
462 1758 538 1823 Cato
561 1762 623 1824 cet.
669 1759 783 1841 Itaque
806 1758 902 1824 valde
926 1760 1111 1841 expetenda
1134 1764 1185 1824 est
1201 1760 1328 1841 plenior

125 1863 265 1947 cognitio
289 1864 409 1931 codicis
433 1866 650 1948 antiquissimi
673 1864 943 1948 Weingartensis,
972 1866 1015 1929 ab
1045 1865 1166 1930 Orellio
1193 1867 1228 1930 in
1258 1866 1327 1947 epi·
1446 1930 1456 1949 ,

124 1971 210 2037 stota
232 1971 276 2035 ad
299 1990 353 2036 me
376 1969 468 2054 (ante
491 1973 557 2038 Cic.
580 1966 688 2054 Orat.)
711 1992 744 2053 p.
767 1972 836 2037 ΧΥ·
849 1973 1106 2047 commemorati,
1135 1972 1162 2036 si
1193 1972 1276 2037 forte
1300 1973 1327 2036 is

125 2078 167 2143 ad
190 2078 376 2159 Langianos
398 2077 470 2143 illos
493 2079 640 2155 accedat,
664 2079 719 2161 qui
743 2098 808 2160 quo
831 2079 1032 2155 devenerint,
1056 2097 1123 2143 non
1143 2082 1281 2144 constat.

214 2182 250 2248 C.
267 2184 298 2260 7,
322 2182 365 2247 23
388 2183 517 2248 videtur
536 2184 571 2249 in
591 2185 743 2251 omnibus
765 2185 932 2251 codicibus
947 2186 1020 2267 legi,
1044 2185 1134 2267 quod
1149 2185 1325 2251 edebatur:

125 2311 162 2355 cx
192 2287 440 2355 dissensioniau
476 2297 568 2375 atque
598 2292 769 2357 discordiis
796 2294 920 2377 percipi
944 2298 1056 2376 potest.
1114 2292 1182 2356 Nec
1214 2296 1326 2356 tamen

125 2396 275 2461 dubitari
305 2397 382 2462 huic
412 2397 483 2462 loco
520 2398 660 2463 eandem
691 2398 848 2464 adhibere
880 2399 1113 2465 correctionem
1146 2397 1325 2483 (perspici),

125 2522 225 2586 quam
250 2503 321 2569 aliis
345 2504 424 2568 locis
447 2503 507 2569 viri
531 2504 618 2569 docti
641 2524 681 2569 ex
705 2505 870 2570 codicibus
898 2505 1129 2582 adhibuerunt,
1165 2506 1255 2570 velut
1284 2505 1326 2569 de

125 2610 221 2692 segg.
240 2606 307 2710 Jfi
331 2610 391 2685 51;
425 2611 505 2674 nihil
540 2615 590 2676 est
624 2611 711 2675 enim
746 2612 948 2694 frequentius
983 2611 1173 2677 confusione
1207 2612 1324 2677 horum

125 2699 312 2781 verborum.
357 2716 528 2798 Perceptio
551 2717 604 2782 hic
626 2718 715 2783 nulla
738 2718 938 2800 significatur
965 2719 1136 2782 sententiae
1165 2719 1253 2783 reive
1282 2719 1326 2783 ad

125 2821 317 2887 discendum
340 2821 525 2904 propositae,
562 2824 621 2888 sed
649 2844 689 2889 ex
719 2824 964 2908 comparatione
992 2825 1145 2890 contrarii
1174 2826 1325 2891 animad-

124 2947 243 2992 rersro.

212 3034 248 3100 C.
274 3035 304 3113 7,
329 3033 372 3098 25
395 3053 435 3098 ex
458 3054 534 3113 uno,
560 3036 600 3101 de
624 3057 689 3119 quo
713 3041 848 3116 constet,
874 3037 985 3103 codice
1008 3038 1188 3102 Erfurtensi
1212 3057 1324 3103 veram

121 3142 319 3225 scripturam
343 3143 485 3206 restitui:
510 3141 577 3208 Nos
600 3165 671 3208 vcro
695 3166 716 3209 a
738 3152 767 3209 tc
784 3147 907 3229 potius3
932 3144 1020 3226 quod
1036 3144 1122 3208 enim
1139 3146 1324 3228 legebatur:
1339 3165 1380 3205 reo

122 3247 190 3313 Nos
214 3256 319 3311 antem
342 3270 362 3312 a
385 3257 414 3313 te
431 3251 549 3333 potius,
585 3251 618 3315 id
646 3271 815 3334 nunquam
844 3253 976 3335 ponitur
1005 3252 1039 3315 in
1062 3252 1250 3316 huiusmodi
1272 3272 1325 3318 re·

120 3355 261 3438 sponsis,
291 3374 364 3437 quae
388 3357 523 3422 alterius
546 3358 685 3424 orationi
710 3379 783 3423 cum
807 3357 1007 3424 assentiendi
1031 3361 1088 3421 aut
1112 3358 1323 3423 dissentiendi

120 3460 357 3545 significatione
382 3462 612 3547 adiunguntur.

211 3567 248 3632 C.
268 3567 319 3646 10,
344 3568 387 3632 35
410 3590 524 3635 omnes
548 3571 623 3636 inde
647 3591 667 3636 a
691 3570 818 3636 Graevio
843 3572 1030 3637 ediderunt:
1056 3570 1176 3635 Eorum
1197 3572 1322 3655 quercla

119 3673 314 3738 invocamus
347 3695 410 3738 ooo
443 3677 534 3740 modo
567 3677 812 3759 familicmtatce
846 3679 988 3762 extimui
1021 3679 1129 3755 solere,
1165 3677 1220 3742 scd
1249 3677 1324 3741 odic

120 3782 217 3844 ctiam
241 3780 350 3862 (etiam
373 3781 468 3875 odia).
483 3785 573 3869 pipm'
595 3786 796 3867 sempiterna,
821 3784 969 3848 codicum
993 3787 1188 3850 auctoritate
1207 3805 1324 3867 perex-

120 3886 208 3969 igua.
255 3885 339 3951 Nam
363 3892 396 3952 et
419 3888 485 3953 Eri.
510 3894 543 3954 et
565 3893 702 3972 uterque
726 3889 834 3954 Orellii
865 3891 967 3955 codex
996 3893 1028 3955 et
1056 3894 1122 3955 tres
1153 3892 1268 3956 Klotzii
1292 3895 1325 3956 et

119 4012 237 4058 omnes
260 3993 366 4058 Beieri
388 3999 422 4059 et
445 4015 485 4059 ex
508 3995 591 4061 Oxx.
615 3997 732 4061 saltem
755 4016 818 4061 sex·
837 3997 970 4075 habent,
994 4001 1031 4062 ut
1054 3997 1130 4063 oiim
1152 3998 1322 4074 edebatur.

120 4100 307 4176 inveterata,
336 4101 423 4181 quod
452 4122 566 4167 verum
595 4123 677 4181 esse,
706 4103 801 4168 facile
824 4103 963 4186 perspici
987 4108 1105 4186 potest.
1152 4105 1322 4187 Nusquam

120 4209 207 4271 enim
232 4206 296 4271 isto
318 4206 417 4271 modo
440 4208 553 4273 Cicero
576 4229 672 4274 voces
695 4211 856 4287 distraxit,
885 4217 922 4274 ut
951 4232 1012 4274 raon
1039 4202 1139 4274 rrrodo¹
1155 4211 1239 4275 inter
1263 4211 1322 4275 ad·

119 4314 273 4378 iectivum
298 4317 331 4377 et
345 4314 586 4380 substantivum
603 4317 833 4398 interponeret,
857 4318 918 4381 nisi
935 4317 1131 4382 adiectivum
1148 4337 1321 4382 commune

119 4423 208 4484 esset
231 4420 359 4485 duobus
382 4421 605 4500 substantivis,
630 4423 673 4486 ad
696 4443 769 4504 quoe
785 4423 952 4505 particulae
968 4425 1177 4506 pertinerent.
1220 4423 1322 4487 Recte

120 4530 232 4591 autem
256 4527 373 4592 dicitur
396 4529 569 4591 inveterata
592 4530 729 4614 querela,
758 4529 791 4592 in
815 4549 880 4612 quo
904 4528 1049 4596 Graevius
1073 4530 1184 4607 haesit;
1215 4549 1322 4611 neque

1057 4634 1108 4688 40·
