2956 5190
624 279 687 344 641

43 472 110 553 qui
135 473 169 536 in
192 473 338 538 oratione
362 473 403 538 de
426 475 563 557 imperio
586 475 744 557 Pompeii,
773 475 928 541 adhibitis
953 477 1118 543 codicibus
1142 480 1255 544 Mona·

44 580 218 656 censibus,
244 580 361 657 effecit,
390 585 428 645 ut
451 581 492 645 de
517 581 715 646 deteriorum
740 581 888 646 codicum
913 583 1045 648 familiae
1069 585 1256 651 testimonio

44 689 231 751 constaret.
278 687 433 752 Momenti
458 692 568 752 autem
592 690 645 752 hae
669 689 871 753 accessiones
895 689 1019 754 faciunt
1043 691 1105 756 illae
1123 691 1254 775 quidem

44 791 155 856 etiam
179 794 212 856 in
236 795 352 858 ceteris
375 794 576 859 orationibus
600 795 732 876 aliquid,
768 796 856 859 velut
889 797 921 860 in
945 797 1163 874 Deiotariana,
1199 797 1256 862 ubi

44 917 185 963 summa
210 905 261 963 est
284 902 430 966 codicum
456 903 556 966 etiam
586 922 651 966 non
680 922 814 984 prorsus
843 904 1102 985 spernendorum
1133 904 1255 968 discre-

45 1005 169 1086 pantia
193 1009 225 1070 ct
248 1009 341 1090 quasi
370 1009 629 1073 testimoniorum
660 1008 815 1083 confusio,
851 1010 909 1073 sed
938 1010 1114 1091 plurimum
1144 1014 1256 1075 tamen

46 1111 86 1175 in
111 1111 317 1192 Catilinariis,
346 1115 379 1179 in
403 1114 522 1198 quibus
544 1135 633 1179 nunc
656 1116 789 1179 demum
814 1115 932 1179 ducum
958 1116 1118 1183 bonorum
1143 1123 1255 1181 nolam

46 1222 85 1283 et
109 1223 317 1301 perspectam
342 1222 569 1285 auctoritatem
594 1222 686 1305 sequi
710 1225 743 1285 et
766 1223 902 1286 certiore
931 1223 984 1286 via
1007 1224 1158 1288 incedere
1181 1223 1256 1287 licet

46 1327 87 1389 et
110 1325 275 1407 quaedam,
310 1347 385 1409 quae
413 1331 510 1392 antea
539 1327 722 1410 probabilia
750 1328 852 1392 videri
882 1328 1059 1407 debebant,
1095 1330 1255 1395 omittere.

46 1430 168 1513 ltaque
203 1434 236 1497 in
270 1434 321 1498 his
355 1434 557 1499 orationibus
592 1434 696 1498 maior
731 1454 830 1516 quam
866 1436 899 1499 in
934 1436 1065 1519 reliquis
1098 1437 1194 1501 huius
1223 1438 1257 1500 et

46 1539 231 1621 superioris
254 1540 482 1622 recognitionis
512 1541 730 1622 discrepantia
760 1544 819 1618 est,
855 1541 896 1604 de
925 1561 990 1623 quo
1020 1543 1128 1607 dicam
1156 1542 1254 1624 paulo

46 1649 129 1727 post
151 1645 256 1727 plura.
303 1647 339 1711 ln
363 1647 494 1730 reliquis
519 1647 731 1724 orationibus,
761 1648 904 1712 maxime
928 1648 975 1725 iis,
1003 1649 1038 1712 in
1062 1648 1181 1731 quibus
1205 1648 1255 1712 di·

47 1771 157 1816 versae
181 1753 329 1817 codicum
354 1753 487 1818 familiae
515 1755 669 1830 eminent,
705 1754 803 1836 paulo
833 1755 932 1818 etiam
961 1756 1116 1836 pressius
1153 1774 1253 1836 quam

48 1863 152 1923 antea
176 1858 328 1937 feceram,
353 1861 385 1925 in
409 1861 521 1925 ordine
546 1860 720 1925 verborum
745 1860 881 1943 aliisque
906 1861 1135 1926 minutioribus
1156 1860 1255 1925 rebus

47 1965 221 2047 sequenda
245 1968 413 2032 meliorum
439 1967 587 2032 codicum
609 1966 786 2032 auctoritas
805 1967 876 2044 fuit,
901 1968 989 2032 velut
1006 1969 1039 2032 in
1055 1967 1256 2049 Pompeiana

47 2077 129 2156 post
150 2073 357 2150 Beneckium,
386 2073 551 2138 nonnullae
576 2074 674 2137 etiam
698 2074 796 2155 paulo
820 2075 952 2139 maioris
976 2074 1133 2139 momenti
1156 2074 1256 2155 scrip·

46 2186 136 2245 turae
159 2179 389 2255 adsciscendae,
415 2200 496 2261 quas
521 2184 579 2242 aut
602 2179 656 2245 alii
679 2179 754 2243 inde
778 2183 962 2261 protractas
985 2184 1074 2245 recte
1098 2178 1254 2244 defende-

47 2292 128 2353 rant
151 2292 208 2352 aut
231 2289 300 2369 ipse
324 2291 438 2369 postea
463 2286 595 2350 demum
620 2305 715 2350 veras
739 2305 811 2350 esse
835 2286 1143 2351 animadverteram.
1190 2285 1256 2350 Sed

47 2396 84 2460 in
120 2394 182 2459 hoc
216 2394 324 2458 studio
352 2392 503 2457 meliores
533 2393 659 2459 codices
689 2392 846 2475 sequendi
875 2397 908 2457 et
937 2393 1103 2458 communi
1131 2393 1255 2475 profes·
1270 2410 1310 2449 ³⁰0

48 2504 144 2567 sione
167 2520 233 2565 non
255 2519 359 2582 parva
382 2504 494 2563 tamen
524 2501 608 2564 inter
638 2521 691 2563 me
720 2503 754 2563 et
782 2519 907 2578 eorum,
944 2520 1026 2582 quos
1056 2499 1255 2578 enumeravi,

48 2609 214 2673 editorum
240 2607 411 2689 plerosque
434 2607 579 2671 nascitur
597 2607 767 2684 dissensio,
792 2606 879 2689 quod
900 2625 970 2687 ego,
996 2607 1144 2670 codicum
1163 2606 1256 2670 testi·

49 2715 170 2781 moniis
193 2714 319 2778 ratione
342 2714 530 2796 ponderatis
559 2712 611 2796 (eo
640 2714 748 2791 modo,
790 2733 854 2795 quo
881 2713 914 2776 in
943 2713 1135 2795 praefatione
1165 2713 1256 2778 Cice-

49 2823 141 2888 ronis
164 2821 320 2885 librorum
345 2820 386 2883 de
408 2820 528 2884 finibus
553 2820 643 2885 a'me
661 2821 822 2885 editorum
841 2818 999 2901 exposui),
1024 2840 1138 2884 verum
1155 2819 1256 2884 libere

50 2927 290 3010 exquirendum
314 2930 404 3009 puto,
439 2927 485 2990 illi
514 2947 580 2991 non
603 2927 762 3008 religiose,
797 2925 856 2990 sed
879 2927 1104 3008 superstitiose
1128 2926 1256 2991 codices

51 3036 146 3117 sequi
169 3034 249 3099 mihi
273 3033 433 3109 videntur,
467 3033 550 3098 alius
579 3035 700 3107 scilicet
723 3034 787 3098 alio
811 3032 924 3114 magis.
970 3033 1056 3096 Nam
1080 3052 1183 3114 quum
1206 3032 1256 3097 in·

52 3142 219 3207 tellectum
243 3143 339 3216 esset,
369 3140 552 3220 superiores
577 3141 741 3205 Ciceronis
764 3140 922 3204 librorum
947 3158 1048 3221 quum
1074 3143 1255 3203 ceterorum

51 3254 124 3313 tum
157 3247 341 3312 orationum
373 3246 514 3311 editores
546 3267 652 3329 neque
683 3247 763 3312 satis
794 3246 965 3327 diligenter
989 3245 1155 3310 codicibus
1179 3265 1256 3310 usos

52 3374 127 3419 esse
150 3374 257 3435 neque
281 3353 431 3417 meliores
456 3353 708 3419 adelerioribus
725 3372 908 3435 separasse,
935 3352 1137 3417 coniecturas
1157 3352 1256 3417 etiam

51 3462 227 3527 nonnullos
262 3464 385 3524 temere
420 3462 549 3524 secutos
585 3479 666 3536 esse,
703 3479 869 3541 quumque
901 3478 1061 3541 apparere
1093 3460 1255 3541 coepisset,

53 3573 178 3650 quanto
214 3567 320 3632 verior
360 3565 539 3647 meliorque
574 3566 680 3631 forma
714 3566 877 3631 Ciceronis
913 3565 1020 3629 verbis
1056 3566 1255 3646 optimorum

55 3675 203 3740 codicum
235 3694 296 3738 usu
326 3673 450 3738 restitui
480 3682 600 3754 posset,
636 3692 722 3736 nunc
750 3672 884 3755 quidam
914 3672 976 3736 sibi
1007 3691 1073 3737 non
1102 3654 1257 3735 adhibitis

54 3782 194 3846 testibus
218 3785 250 3845 et
280 3780 441 3846 historicae
466 3779 653 3862 quaestionis
683 3783 753 3844 arte
782 3780 849 3844 veri
873 3779 1156 3860 investigationem
1180 3798 1257 3859 pro-

54 3907 177 3970 ponere
202 3888 362 3963 videntur,
387 3887 444 3951 sed
469 3888 613 3969 ipsorum
638 3906 697 3968 per
720 3905 755 3950 se
779 3886 926 3951 codicum
952 3884 1175 3949 defensionem
1200 3888 1257 3948 aut

54 3995 200 4059 omnium
225 4000 283 4058 aut
307 3997 469 4059 certorum
494 4012 729 4075 usquequaque
754 3997 786 4057 et
816 3994 905 4058 omni
935 3991 1071 4057 artificio
1095 4011 1190 4073 paene
1214 3991 1257 4055 ad

56 4100 293 4165 causidicorum
323 4101 457 4165 modum
489 4099 711 4182 peragendam
740 4119 880 4163 sumere.
927 4099 985 4176 lta,
1022 4098 1100 4161 dum
1132 4097 1257 4161 clienti-

56 4208 118 4271 bus
142 4208 209 4272 suis
232 4207 328 4271 nimis
353 4208 473 4283 lavent,
498 4226 579 4288 quos
602 4209 714 4270 tamen
738 4225 826 4287 saepe
850 4206 948 4269 tacite
968 4204 1118 4268 deserere
1136 4223 1257 4285 cogun-

56 4317 119 4391 tur,
155 4333 261 4396 neque
295 4313 531 4378 sententiarum
566 4312 767 4377 necessarias
798 4311 921 4377 formas
951 4309 1258 4392 progressionesque

56 4420 235 4485 admodum
271 4425 386 4484 curant
420 4423 453 4483 et
484 4420 525 4483 de
555 4420 731 4483 verborum
760 4438 822 4482 usu
850 4419 1014 4499 rebusque
1037 4416 1257 4498 grammaticis

57 4531 128 4591 tum
151 4528 260 4591 subita
284 4524 416 4591 decreta
440 4530 473 4590 et
497 4526 712 4590 incertissima
735 4525 914 4606 proferunt,
938 4528 1008 4587 tum
1030 4527 1108 4587 nota
1132 4527 1165 4586 et
1188 4542 1258 4586 cer·

1008 4629 1041 4680 ll
