<?xml version="1.0" encoding="UTF-8"?>
<!DOCTYPE html PUBLIC "-//W3C//DTD XHTML 1.0 Transitional//EN"
    "http://www.w3.org/TR/xhtml1/DTD/xhtml1-transitional.dtd">
<html xmlns="http://www.w3.org/1999/xhtml" xml:lang="en" lang="en">
 <head>
  <title>
</title>
<meta http-equiv="Content-Type" content="text/html;charset=utf-8" />
  <meta name='ocr-system' content='tesseract 3.04.00' />
  <meta name='ocr-capabilities' content='ocr_page ocr_carea ocr_par ocr_line ocrx_word'/>
</head>
<body>
  <div class='ocr_page' id='page_1' title='image "./ionicolaimadvig02madvgoog/ionicolaimadvig02madvgoog_0292.png"; bbox 0 0 2956 5190; ppageno 0'>
   <div class='ocr_carea' id='block_1_1' title="bbox 508 270 664 335">
    <p class='ocr_par' dir='ltr' id='par_1_1' title="bbox 508 270 664 335">
     <span class='ocr_line' id='line_1_1' title="bbox 508 270 664 335; baseline -0.006 1"><span class='ocrx_word' id='word_1_1' title='bbox 508 270 664 335; x_wconf 88' lang='grc'>·269</span> 
     </span>
    </p>
   </div>
   <div class='ocr_carea' id='block_1_2' title="bbox 21 457 1280 4487">
    <p class='ocr_par' dir='ltr' id='par_1_2' title="bbox 21 457 1280 4487">
     <span class='ocr_line' id='line_1_2' title="bbox 33 457 1227 548; baseline 0.002 -22"><span class='ocrx_word' id='word_1_2' title='bbox 33 462 67 527; x_wconf 89' lang='lat' dir='ltr'>in</span> <span class='ocrx_word' id='word_1_3' title='bbox 88 461 140 527; x_wconf 89' lang='lat' dir='ltr'>his</span> <span class='ocrx_word' id='word_1_4' title='bbox 163 462 276 545; x_wconf 91' lang='lat' dir='ltr'>primis</span> <span class='ocrx_word' id='word_1_5' title='bbox 299 463 388 527; x_wconf 89' lang='lat' dir='ltr'>libris</span> <span class='ocrx_word' id='word_1_6' title='bbox 411 464 629 545; x_wconf 78' lang='lat' dir='ltr'>principatum</span> <span class='ocrx_word' id='word_1_7' title='bbox 650 457 769 529; x_wconf 82' lang='lat' dir='ltr'>detulit</span> <span class='ocrx_word' id='word_1_8' title='bbox 781 464 880 546; x_wconf 79' lang='lat' dir='ltr'>priori</span> <span class='ocrx_word' id='word_1_9' title='bbox 898 484 939 529; x_wconf 85' lang='lat' dir='ltr'>ex</span> <span class='ocrx_word' id='word_1_10' title='bbox 955 463 1227 548; x_wconf 83' lang='lat' dir='ltr'>Guelferbytauis,</span> 
     </span>
     <span class='ocr_line' id='line_1_3' title="bbox 33 568 1228 653; baseline 0.002 -21"><span class='ocrx_word' id='word_1_11' title='bbox 33 586 133 653; x_wconf 86' lang='lat' dir='ltr'>quem</span> <span class='ocrx_word' id='word_1_12' title='bbox 156 568 318 650; x_wconf 83' lang='lat' dir='ltr'>equidem,</span> <span class='ocrx_word' id='word_1_13' title='bbox 354 569 414 634; x_wconf 89' lang='lat' dir='ltr'>etsi</span> <span class='ocrx_word' id='word_1_14' title='bbox 433 573 493 635; x_wconf 82' lang='lat' dir='ltr'>&#39;est</span> <span class='ocrx_word' id='word_1_15' title='bbox 516 571 618 636; x_wconf 86' lang='lat' dir='ltr'>altero</span> <span class='ocrx_word' id='word_1_16' title='bbox 641 572 740 653; x_wconf 89' lang='lat' dir='ltr'>paulo</span> <span class='ocrx_word' id='word_1_17' title='bbox 763 571 925 653; x_wconf 78' lang='lat' dir='ltr'>antiquior</span> <span class='ocrx_word' id='word_1_18' title='bbox 950 575 983 635; x_wconf 87' lang='lat' dir='ltr'>et</span> <span class='ocrx_word' id='word_1_19' title='bbox 1005 571 1113 635; x_wconf 89' lang='lat' dir='ltr'>minus</span> <span class='ocrx_word' id='word_1_20' title='bbox 1135 590 1228 635; x_wconf 91' lang='lat' dir='ltr'>men-</span> 
     </span>
     <span class='ocr_line' id='line_1_4' title="bbox 32 672 1228 761; baseline 0.001 -20"><span class='ocrx_word' id='word_1_21' title='bbox 32 672 111 741; x_wconf 87' lang='lat' dir='ltr'>dose</span> <span class='ocrx_word' id='word_1_22' title='bbox 135 677 169 739; x_wconf 88' lang='lat' dir='ltr'>et</span> <span class='ocrx_word' id='word_1_23' title='bbox 190 674 340 757; x_wconf 84' lang='lat' dir='ltr'>imperite</span> <span class='ocrx_word' id='word_1_24' title='bbox 363 676 555 759; x_wconf 84' lang='lat' dir='ltr'>descriptus,</span> <span class='ocrx_word' id='word_1_25' title='bbox 589 680 701 742; x_wconf 88' lang='lat' dir='ltr'>tamen</span> <span class='ocrx_word' id='word_1_26' title='bbox 730 677 763 741; x_wconf 90' lang='lat' dir='ltr'>in</span> <span class='ocrx_word' id='word_1_27' title='bbox 792 678 854 742; x_wconf 87' lang='lat' dir='ltr'>hac</span> <span class='ocrx_word' id='word_1_28' title='bbox 882 682 976 759; x_wconf 89' lang='lat' dir='ltr'>parte</span> <span class='ocrx_word' id='word_1_29' title='bbox 1005 678 1127 761; x_wconf 89' lang='lat' dir='ltr'>aliquot</span> <span class='ocrx_word' id='word_1_30' title='bbox 1150 677 1228 742; x_wconf 86' lang='lat' dir='ltr'>locis</span> 
     </span>
     <span class='ocr_line' id='line_1_5' title="bbox 30 781 1229 866; baseline 0 -20"><span class='ocrx_word' id='word_1_31' title='bbox 30 781 229 863; x_wconf 80' lang='lat' dir='ltr'>exemplaris</span> <span class='ocrx_word' id='word_1_32' title='bbox 251 781 317 847; x_wconf 90' lang='lat' dir='ltr'>iam</span> <span class='ocrx_word' id='word_1_33' title='bbox 341 783 527 866; x_wconf 89' lang='lat' dir='ltr'>interpolati</span> <span class='ocrx_word' id='word_1_34' title='bbox 551 787 583 849; x_wconf 88' lang='lat' dir='ltr'>et</span> <span class='ocrx_word' id='word_1_35' title='bbox 605 784 723 849; x_wconf 89' lang='lat' dir='ltr'>mutati</span> <span class='ocrx_word' id='word_1_36' title='bbox 752 784 868 849; x_wconf 90' lang='lat' dir='ltr'>eodem</span> <span class='ocrx_word' id='word_1_37' title='bbox 897 783 1005 859; x_wconf 87' lang='lat' dir='ltr'>modo,</span> <span class='ocrx_word' id='word_1_38' title='bbox 1040 803 1104 864; x_wconf 88' lang='lat' dir='ltr'>quo</span> <span class='ocrx_word' id='word_1_39' title='bbox 1134 783 1229 865; x_wconf 81' lang='lat' dir='ltr'>longe</span> 
     </span>
     <span class='ocr_line' id='line_1_6' title="bbox 30 886 1228 972; baseline 0 -20"><span class='ocrx_word' id='word_1_40' title='bbox 30 886 234 972; x_wconf 71' lang='lat' dir='ltr'>frequentius</span> <span class='ocrx_word' id='word_1_41' title='bbox 258 890 291 954; x_wconf 90' lang='lat' dir='ltr'>in</span> <span class='ocrx_word' id='word_1_42' title='bbox 314 889 473 954; x_wconf 78' lang='lat' dir='ltr'>deteriore</span> <span class='ocrx_word' id='word_1_43' title='bbox 498 891 645 956; x_wconf 85' lang='lat' dir='ltr'>codicum</span> <span class='ocrx_word' id='word_1_44' title='bbox 670 891 793 956; x_wconf 80' lang='lat' dir='ltr'>familia</span> <span class='ocrx_word' id='word_1_45' title='bbox 817 890 940 955; x_wconf 86' lang='lat' dir='ltr'>lactum</span> <span class='ocrx_word' id='word_1_46' title='bbox 964 893 1023 967; x_wconf 91' lang='lat' dir='ltr'>est,</span> <span class='ocrx_word' id='word_1_47' title='bbox 1049 893 1105 953; x_wconf 89' lang='lat' dir='ltr'>aut</span> <span class='ocrx_word' id='word_1_48' title='bbox 1128 890 1228 953; x_wconf 90' lang='lat' dir='ltr'>inter·</span> 
     </span>
     <span class='ocr_line' id='line_1_7' title="bbox 29 994 1228 1079; baseline -0.002 -19"><span class='ocrx_word' id='word_1_49' title='bbox 29 994 173 1079; x_wconf 86' lang='lat' dir='ltr'>polantis</span> <span class='ocrx_word' id='word_1_50' title='bbox 197 1000 231 1061; x_wconf 91' lang='lat' dir='ltr'>et</span> <span class='ocrx_word' id='word_1_51' title='bbox 253 997 411 1060; x_wconf 88' lang='lat' dir='ltr'>mutantis</span> <span class='ocrx_word' id='word_1_52' title='bbox 434 996 555 1061; x_wconf 91' lang='lat' dir='ltr'>librarii</span> <span class='ocrx_word' id='word_1_53' title='bbox 584 997 702 1062; x_wconf 87' lang='lat' dir='ltr'>indicia</span> <span class='ocrx_word' id='word_1_54' title='bbox 733 1001 848 1079; x_wconf 86' lang='lat' dir='ltr'>aperta</span> <span class='ocrx_word' id='word_1_55' title='bbox 878 997 1003 1060; x_wconf 89' lang='lat' dir='ltr'>habere</span> <span class='ocrx_word' id='word_1_56' title='bbox 1032 995 1152 1071; x_wconf 86' lang='lat' dir='ltr'>iudieo;</span> <span class='ocrx_word' id='word_1_57' title='bbox 1189 1015 1228 1058; x_wconf 81' lang='lat' dir='ltr'>ex</span> 
     </span>
     <span class='ocr_line' id='line_1_8' title="bbox 29 1101 1228 1185; baseline -0.003 -18"><span class='ocrx_word' id='word_1_58' title='bbox 29 1120 97 1185; x_wconf 91' lang='lat' dir='ltr'>quo</span> <span class='ocrx_word' id='word_1_59' title='bbox 120 1102 244 1167; x_wconf 82' lang='lat' dir='ltr'>iactum</span> <span class='ocrx_word' id='word_1_60' title='bbox 269 1106 327 1179; x_wconf 89' lang='lat' dir='ltr'>est,</span> <span class='ocrx_word' id='word_1_61' title='bbox 363 1105 399 1166; x_wconf 93' lang='lat' dir='ltr'>ut</span> <span class='ocrx_word' id='word_1_62' title='bbox 422 1102 591 1185; x_wconf 90' lang='lat' dir='ltr'>Zumptius</span> <span class='ocrx_word' id='word_1_63' title='bbox 619 1123 680 1168; x_wconf 88' lang='lat' dir='ltr'>uee</span> <span class='ocrx_word' id='word_1_64' title='bbox 702 1104 773 1169; x_wconf 89' lang='lat' dir='ltr'>aliis</span> <span class='ocrx_word' id='word_1_65' title='bbox 802 1104 891 1168; x_wconf 92' lang='lat' dir='ltr'>libris</span> <span class='ocrx_word' id='word_1_66' title='bbox 915 1104 948 1167; x_wconf 92' lang='lat' dir='ltr'>in</span> <span class='ocrx_word' id='word_1_67' title='bbox 972 1101 1228 1184; x_wconf 89' lang='lat' dir='ltr'>interpolationi-</span> 
     </span>
     <span class='ocr_line' id='line_1_9' title="bbox 29 1206 1228 1294; baseline -0.003 -21"><span class='ocrx_word' id='word_1_68' title='bbox 29 1206 93 1273; x_wconf 85' lang='lat' dir='ltr'>bus</span> <span class='ocrx_word' id='word_1_69' title='bbox 117 1209 241 1291; x_wconf 85' lang='lat' dir='ltr'>aliquot</span> <span class='ocrx_word' id='word_1_70' title='bbox 263 1209 413 1275; x_wconf 91' lang='lat' dir='ltr'>tollendis</span> <span class='ocrx_word' id='word_1_71' title='bbox 442 1210 677 1294; x_wconf 75' lang='lat' dir='ltr'>obsequeretur</span> <span class='ocrx_word' id='word_1_72' title='bbox 705 1216 738 1276; x_wconf 91' lang='lat' dir='ltr'>et</span> <span class='ocrx_word' id='word_1_73' title='bbox 771 1209 927 1276; x_wconf 89' lang='lat' dir='ltr'>nonnulla</span> <span class='ocrx_word' id='word_1_74' title='bbox 962 1229 1002 1273; x_wconf 83' lang='lat' dir='ltr'>ex</span> <span class='ocrx_word' id='word_1_75' title='bbox 1036 1208 1090 1272; x_wconf 92' lang='lat' dir='ltr'>illo</span> <span class='ocrx_word' id='word_1_76' title='bbox 1120 1206 1228 1272; x_wconf 85' lang='lat' dir='ltr'>codice</span> 
     </span>
     <span class='ocr_line' id='line_1_10' title="bbox 29 1312 1228 1401; baseline -0.003 -22"><span class='ocrx_word' id='word_1_77' title='bbox 29 1312 148 1380; x_wconf 88' lang='lat' dir='ltr'>iniuria</span> <span class='ocrx_word' id='word_1_78' title='bbox 172 1316 205 1379; x_wconf 90' lang='lat' dir='ltr'>in</span> <span class='ocrx_word' id='word_1_79' title='bbox 228 1319 355 1380; x_wconf 82' lang='lat' dir='ltr'>textum</span> <span class='ocrx_word' id='word_1_80' title='bbox 378 1316 522 1382; x_wconf 82' lang='lat' dir='ltr'>inferret.</span> <span class='ocrx_word' id='word_1_81' title='bbox 568 1318 681 1401; x_wconf 88' lang='lat' dir='ltr'>Neque</span> <span class='ocrx_word' id='word_1_82' title='bbox 704 1318 791 1382; x_wconf 91' lang='lat' dir='ltr'>enim</span> <span class='ocrx_word' id='word_1_83' title='bbox 815 1318 842 1381; x_wconf 93' lang='lat' dir='ltr'>is</span> <span class='ocrx_word' id='word_1_84' title='bbox 867 1317 895 1381; x_wconf 93' lang='lat' dir='ltr'>ei</span> <span class='ocrx_word' id='word_1_85' title='bbox 925 1317 1014 1380; x_wconf 84' lang='lat' dir='ltr'>risus</span> <span class='ocrx_word' id='word_1_86' title='bbox 1043 1318 1093 1378; x_wconf 91' lang='lat' dir='ltr'>est</span> <span class='ocrx_word' id='word_1_87' title='bbox 1116 1313 1228 1391; x_wconf 82' lang='lat' dir='ltr'>codex,</span> 
     </span>
     <span class='ocr_line' id='line_1_11' title="bbox 28 1417 1229 1506; baseline -0.004 -19"><span class='ocrx_word' id='word_1_88' title='bbox 28 1420 63 1487; x_wconf 88' lang='lat' dir='ltr'>in</span> <span class='ocrx_word' id='word_1_89' title='bbox 86 1441 186 1503; x_wconf 91' lang='lat' dir='ltr'>quem</span> <span class='ocrx_word' id='word_1_90' title='bbox 212 1421 468 1505; x_wconf 86' lang='lat' dir='ltr'>interpolationis</span> <span class='ocrx_word' id='word_1_91' title='bbox 492 1424 632 1506; x_wconf 86' lang='lat' dir='ltr'>suspicio</span> <span class='ocrx_word' id='word_1_92' title='bbox 656 1424 787 1489; x_wconf 85' lang='lat' dir='ltr'>caderet</span> <span class='ocrx_word' id='word_1_93' title='bbox 810 1421 867 1505; x_wconf 88' lang='lat' dir='ltr'>(ad</span> <span class='ocrx_word' id='word_1_94' title='bbox 889 1422 963 1487; x_wconf 80' lang='lat' dir='ltr'>Act.</span> <span class='ocrx_word' id='word_1_95' title='bbox 987 1421 1010 1499; x_wconf 94' lang='grc'>1,</span> <span class='ocrx_word' id='word_1_96' title='bbox 1040 1421 1070 1498; x_wconf 93' lang='grc'>2,</span> <span class='ocrx_word' id='word_1_97' title='bbox 1101 1417 1145 1501; x_wconf 83' lang='grc'>5).</span> <span class='ocrx_word' id='word_1_98' title='bbox 1192 1419 1229 1482; x_wconf 90' lang='lat' dir='ltr'>ln</span> 
     </span>
     <span class='ocr_line' id='line_1_12' title="bbox 29 1511 1227 1611; baseline -0.003 -19"><span class='ocrx_word' id='word_1_99' title='bbox 29 1544 107 1593; x_wconf 87' lang='lat' dir='ltr'>eum</span> <span class='ocrx_word' id='word_1_100' title='bbox 132 1546 274 1593; x_wconf 88' lang='lat' dir='ltr'>errorem</span> <span class='ocrx_word' id='word_1_101' title='bbox 300 1528 409 1610; x_wconf 88' lang='lat' dir='ltr'>aliqua</span> <span class='ocrx_word' id='word_1_102' title='bbox 432 1549 472 1594; x_wconf 84' lang='lat' dir='ltr'>ex</span> <span class='ocrx_word' id='word_1_103' title='bbox 495 1535 589 1611; x_wconf 87' lang='lat' dir='ltr'>parte</span> <span class='ocrx_word' id='word_1_104' title='bbox 616 1531 766 1595; x_wconf 84' lang='lat' dir='ltr'>incidisse</span> <span class='ocrx_word' id='word_1_105' title='bbox 795 1530 933 1605; x_wconf 85' lang='lat' dir='ltr'>videtur,</span> <span class='ocrx_word' id='word_1_106' title='bbox 969 1526 1057 1610; x_wconf 91' lang='lat' dir='ltr'>quod</span> <span class='ocrx_word' id='word_1_107' title='bbox 1086 1511 1227 1608; x_wconf 88' lang='lat' dir='ltr'>antiqui·</span> 
     </span>
     <span class='ocr_line' id='line_1_13' title="bbox 29 1632 1227 1719; baseline -0.003 -21"><span class='ocrx_word' id='word_1_108' title='bbox 29 1635 108 1699; x_wconf 79' lang='lat' dir='ltr'>talis</span> <span class='ocrx_word' id='word_1_109' title='bbox 132 1637 266 1699; x_wconf 85' lang='lat' dir='ltr'>externa</span> <span class='ocrx_word' id='word_1_110' title='bbox 289 1637 398 1717; x_wconf 89' lang='lat' dir='ltr'>speeie</span> <span class='ocrx_word' id='word_1_111' title='bbox 422 1639 536 1717; x_wconf 85' lang='lat' dir='ltr'>eaptus</span> <span class='ocrx_word' id='word_1_112' title='bbox 559 1637 601 1700; x_wconf 86' lang='lat' dir='ltr'>ab</span> <span class='ocrx_word' id='word_1_113' title='bbox 631 1637 721 1702; x_wconf 90' lang='lat' dir='ltr'>initio</span> <span class='ocrx_word' id='word_1_114' title='bbox 751 1636 933 1719; x_wconf 83' lang='lat' dir='ltr'>diligentius</span> <span class='ocrx_word' id='word_1_115' title='bbox 962 1633 1104 1717; x_wconf 89' lang='lat' dir='ltr'>priorem</span> <span class='ocrx_word' id='word_1_116' title='bbox 1134 1632 1227 1696; x_wconf 87' lang='lat' dir='ltr'>adhi-</span> 
     </span>
     <span class='ocr_line' id='line_1_14' title="bbox 29 1738 1228 1824; baseline -0.003 -20"><span class='ocrx_word' id='word_1_117' title='bbox 29 1738 149 1817; x_wconf 82' lang='lat' dir='ltr'>buerit,</span> <span class='ocrx_word' id='word_1_118' title='bbox 184 1742 230 1806; x_wconf 85' lang='lat' dir='ltr'>ita</span> <span class='ocrx_word' id='word_1_119' title='bbox 261 1747 297 1806; x_wconf 92' lang='lat' dir='ltr'>ut</span> <span class='ocrx_word' id='word_1_120' title='bbox 328 1742 451 1824; x_wconf 87' lang='lat' dir='ltr'>aliquot</span> <span class='ocrx_word' id='word_1_121' title='bbox 483 1743 626 1808; x_wconf 84' lang='lat' dir='ltr'>locorum</span> <span class='ocrx_word' id='word_1_122' title='bbox 658 1763 677 1807; x_wconf 90' lang='lat' dir='ltr'>a</span> <span class='ocrx_word' id='word_1_123' title='bbox 710 1763 745 1807; x_wconf 90' lang='lat' dir='ltr'>se</span> <span class='ocrx_word' id='word_1_124' title='bbox 776 1743 932 1824; x_wconf 87' lang='lat' dir='ltr'>probatas</span> <span class='ocrx_word' id='word_1_125' title='bbox 961 1739 1139 1820; x_wconf 84' lang='lat' dir='ltr'>scripturas</span> <span class='ocrx_word' id='word_1_126' title='bbox 1162 1757 1228 1802; x_wconf 91' lang='lat' dir='ltr'>non</span> 
     </span>
     <span class='ocr_line' id='line_1_15' title="bbox 28 1843 1280 1932; baseline -0.006 -21"><span class='ocrx_word' id='word_1_127' title='bbox 28 1847 138 1912; x_wconf 88' lang='lat' dir='ltr'>minus</span> <span class='ocrx_word' id='word_1_128' title='bbox 173 1846 205 1911; x_wconf 92' lang='lat' dir='ltr'>in</span> <span class='ocrx_word' id='word_1_129' title='bbox 240 1848 343 1913; x_wconf 86' lang='lat' dir='ltr'>altero</span> <span class='ocrx_word' id='word_1_130' title='bbox 378 1852 505 1914; x_wconf 84' lang='lat' dir='ltr'>exstare</span> <span class='ocrx_word' id='word_1_131' title='bbox 539 1853 654 1932; x_wconf 89' lang='lat' dir='ltr'>postea</span> <span class='ocrx_word' id='word_1_132' title='bbox 690 1849 821 1913; x_wconf 90' lang='lat' dir='ltr'>demum</span> <span class='ocrx_word' id='word_1_133' title='bbox 851 1846 1125 1912; x_wconf 87' lang='lat' dir='ltr'>animadverteret</span> <span class='ocrx_word' id='word_1_134' title='bbox 1148 1843 1226 1927; x_wconf 86' lang='lat' dir='ltr'>(vid.</span> <span class='ocrx_word' id='word_1_135' title='bbox 1242 1862 1280 1903; x_wconf 79' lang='lat' dir='ltr'>aa</span> 
     </span>
     <span class='ocr_line' id='line_1_16' title="bbox 27 1951 1227 2035; baseline -0.003 -18"><span class='ocrx_word' id='word_1_136' title='bbox 27 1952 117 2035; x_wconf 77' lang='lat' dir='ltr'>App.</span> <span class='ocrx_word' id='word_1_137' title='bbox 140 1953 184 2017; x_wconf 92' lang='lat' dir='ltr'>ad</span> <span class='ocrx_word' id='word_1_138' title='bbox 207 1953 277 2019; x_wconf 73' lang='lat' dir='ltr'>Diu</span> <span class='ocrx_word' id='word_1_139' title='bbox 300 1957 328 2032; x_wconf 92' lang='grc'>1,</span> <span class='ocrx_word' id='word_1_140' title='bbox 355 1958 388 2032; x_wconf 81' lang='lat'>13</span> <span class='ocrx_word' id='word_1_141' title='bbox 413 1957 443 2030; x_wconf 90' lang='grc'>2,</span> <span class='ocrx_word' id='word_1_142' title='bbox 467 1956 504 2033; x_wconf 89' lang='grc'>4;</span> <span class='ocrx_word' id='word_1_143' title='bbox 531 1955 581 2034; x_wconf 89' lang='grc'>13,</span> <span class='ocrx_word' id='word_1_144' title='bbox 605 1956 665 2031; x_wconf 87' lang='grc'>41;</span> <span class='ocrx_word' id='word_1_145' title='bbox 689 1955 761 2018; x_wconf 87' lang='grc' dir='ltr'>Α11.</span> <span class='ocrx_word' id='word_1_146' title='bbox 786 1954 809 2032; x_wconf 91' lang='lat' dir='ltr'>I,</span> <span class='ocrx_word' id='word_1_147' title='bbox 836 1951 1144 2030; x_wconf 79' lang='lat' dir='ltr'>10,32;1ib.1,6,</span> <span class='ocrx_word' id='word_1_148' title='bbox 1171 1951 1227 2027; x_wconf 88' lang='grc'>15;</span> 
     </span>
     <span class='ocr_line' id='line_1_17' title="bbox 27 2058 1228 2144; baseline -0.002 -21"><span class='ocrx_word' id='word_1_149' title='bbox 27 2058 84 2136; x_wconf 79' lang='lat'>38,</span> <span class='ocrx_word' id='word_1_150' title='bbox 108 2059 167 2136; x_wconf 85' lang='lat'>98;</span> <span class='ocrx_word' id='word_1_151' title='bbox 191 2064 304 2125; x_wconf 87' lang='lat' dir='ltr'>contra</span> <span class='ocrx_word' id='word_1_152' title='bbox 327 2062 457 2138; x_wconf 89' lang='lat' dir='ltr'>menda,</span> <span class='ocrx_word' id='word_1_153' title='bbox 482 2081 555 2144; x_wconf 83' lang='lat' dir='ltr'>quae</span> <span class='ocrx_word' id='word_1_154' title='bbox 579 2081 644 2126; x_wconf 91' lang='lat' dir='ltr'>uon</span> <span class='ocrx_word' id='word_1_155' title='bbox 667 2064 810 2143; x_wconf 86' lang='lat' dir='ltr'>putarat,</span> <span class='ocrx_word' id='word_1_156' title='bbox 834 2060 990 2141; x_wconf 88' lang='lat' dir='ltr'>inpriore</span> <span class='ocrx_word' id='word_1_157' title='bbox 1008 2078 1137 2141; x_wconf 91' lang='lat' dir='ltr'>quoque</span> <span class='ocrx_word' id='word_1_158' title='bbox 1156 2075 1228 2121; x_wconf 92' lang='lat' dir='ltr'>esse</span> 
     </span>
     <span class='ocr_line' id='line_1_18' title="bbox 27 2165 1228 2248; baseline -0.002 -18"><span class='ocrx_word' id='word_1_159' title='bbox 27 2165 251 2248; x_wconf 85' lang='lat' dir='ltr'>deprehendit</span> <span class='ocrx_word' id='word_1_160' title='bbox 273 2166 344 2231; x_wconf 69' lang='lat' dir='ltr'>Diu</span> <span class='ocrx_word' id='word_1_161' title='bbox 371 2166 421 2244; x_wconf 87' lang='lat'>13,</span> <span class='ocrx_word' id='word_1_162' title='bbox 445 2167 498 2246; x_wconf 86' lang='grc'>42,</span> <span class='ocrx_word' id='word_1_163' title='bbox 522 2166 578 2233; x_wconf 85' lang='grc'>111).</span> <span class='ocrx_word' id='word_1_164' title='bbox 602 2168 624 2245; x_wconf 95' lang='lat' dir='ltr'>l,</span> <span class='ocrx_word' id='word_1_165' title='bbox 649 2168 702 2244; x_wconf 89' lang='grc'>25,</span> <span class='ocrx_word' id='word_1_166' title='bbox 726 2165 793 2248; x_wconf 82' lang='grc'>65).</span> <span class='ocrx_word' id='word_1_167' title='bbox 834 2165 899 2230; x_wconf 86' lang='lat' dir='ltr'>Sed</span> <span class='ocrx_word' id='word_1_168' title='bbox 922 2166 993 2247; x_wconf 92' lang='lat' dir='ltr'>ipsa</span> <span class='ocrx_word' id='word_1_169' title='bbox 1017 2185 1068 2229; x_wconf 91' lang='lat' dir='ltr'>res</span> <span class='ocrx_word' id='word_1_170' title='bbox 1092 2165 1228 2228; x_wconf 88' lang='lat' dir='ltr'>demon·</span> 
     </span>
     <span class='ocr_line' id='line_1_19' title="bbox 26 2270 1227 2355; baseline -0.003 -18"><span class='ocrx_word' id='word_1_171' title='bbox 26 2272 166 2337; x_wconf 87' lang='lat' dir='ltr'>stranda</span> <span class='ocrx_word' id='word_1_172' title='bbox 190 2280 239 2337; x_wconf 89' lang='lat' dir='ltr'>est</span> <span class='ocrx_word' id='word_1_173' title='bbox 263 2274 506 2355; x_wconf 90' lang='lat' dir='ltr'>comparatione</span> <span class='ocrx_word' id='word_1_174' title='bbox 531 2274 628 2351; x_wconf 82' lang='lat' dir='ltr'>taeta,</span> <span class='ocrx_word' id='word_1_175' title='bbox 663 2275 697 2338; x_wconf 92' lang='lat' dir='ltr'>in</span> <span class='ocrx_word' id='word_1_176' title='bbox 729 2292 794 2355; x_wconf 90' lang='lat' dir='ltr'>qua</span> <span class='ocrx_word' id='word_1_177' title='bbox 817 2272 965 2337; x_wconf 85' lang='lat' dir='ltr'>Vaticani</span> <span class='ocrx_word' id='word_1_178' title='bbox 988 2271 1107 2337; x_wconf 81' lang='lat' dir='ltr'>codicis</span> <span class='ocrx_word' id='word_1_179' title='bbox 1130 2270 1227 2335; x_wconf 83' lang='lat' dir='ltr'>nullae</span> 
     </span>
     <span class='ocr_line' id='line_1_20' title="bbox 26 2376 1227 2463; baseline -0.002 -20"><span class='ocrx_word' id='word_1_180' title='bbox 26 2381 105 2443; x_wconf 88' lang='lat' dir='ltr'>sunt</span> <span class='ocrx_word' id='word_1_181' title='bbox 128 2382 249 2462; x_wconf 73' lang='lat' dir='ltr'>partes</span> <span class='ocrx_word' id='word_1_182' title='bbox 278 2383 316 2444; x_wconf 88' lang='lat' dir='ltr'>ut</span> <span class='ocrx_word' id='word_1_183' title='bbox 339 2381 428 2445; x_wconf 88' lang='lat' dir='ltr'>cuius</span> <span class='ocrx_word' id='word_1_184' title='bbox 452 2380 636 2463; x_wconf 81' lang='lat' dir='ltr'>fragmenta</span> <span class='ocrx_word' id='word_1_185' title='bbox 659 2382 701 2445; x_wconf 89' lang='lat' dir='ltr'>ab</span> <span class='ocrx_word' id='word_1_186' title='bbox 726 2399 765 2444; x_wconf 93' lang='lat' dir='ltr'>eo</span> <span class='ocrx_word' id='word_1_187' title='bbox 789 2380 859 2462; x_wconf 92' lang='lat' dir='ltr'>ipso</span> <span class='ocrx_word' id='word_1_188' title='bbox 883 2379 953 2444; x_wconf 85' lang='lat' dir='ltr'>loco</span> <span class='ocrx_word' id='word_1_189' title='bbox 977 2378 1142 2461; x_wconf 87' lang='lat' dir='ltr'>incipiant,</span> <span class='ocrx_word' id='word_1_190' title='bbox 1171 2376 1227 2441; x_wconf 92' lang='lat' dir='ltr'>ubi</span> 
     </span>
     <span class='ocr_line' id='line_1_21' title="bbox 26 2484 1228 2570; baseline -0.002 -20"><span class='ocrx_word' id='word_1_191' title='bbox 26 2484 138 2550; x_wconf 88' lang='lat' dir='ltr'>deficit</span> <span class='ocrx_word' id='word_1_192' title='bbox 162 2485 435 2570; x_wconf 82' lang='lat' dir='ltr'>Guelferbytanus</span> <span class='ocrx_word' id='word_1_193' title='bbox 458 2489 556 2569; x_wconf 92' lang='lat' dir='ltr'>prior.</span> <span class='ocrx_word' id='word_1_194' title='bbox 603 2486 687 2551; x_wconf 92' lang='lat' dir='ltr'>Nihil</span> <span class='ocrx_word' id='word_1_195' title='bbox 720 2486 826 2550; x_wconf 85' lang='lat' dir='ltr'>dicam</span> <span class='ocrx_word' id='word_1_196' title='bbox 859 2486 899 2550; x_wconf 91' lang='lat' dir='ltr'>de</span> <span class='ocrx_word' id='word_1_197' title='bbox 930 2485 1063 2549; x_wconf 90' lang='lat' dir='ltr'>minutis</span> <span class='ocrx_word' id='word_1_198' title='bbox 1092 2485 1228 2566; x_wconf 61' lang='lat' dir='ltr'>quibus·⁴</span> 
     </span>
     <span class='ocr_line' id='line_1_22' title="bbox 26 2590 1227 2676; baseline 0 -21"><span class='ocrx_word' id='word_1_199' title='bbox 26 2590 107 2656; x_wconf 87' lang='lat' dir='ltr'>dam</span> <span class='ocrx_word' id='word_1_200' title='bbox 131 2592 201 2656; x_wconf 91' lang='lat' dir='ltr'>eius</span> <span class='ocrx_word' id='word_1_201' title='bbox 226 2593 363 2670; x_wconf 90' lang='lat' dir='ltr'>mendis,</span> <span class='ocrx_word' id='word_1_202' title='bbox 399 2613 472 2676; x_wconf 83' lang='lat' dir='ltr'>quae</span> <span class='ocrx_word' id='word_1_203' title='bbox 502 2613 519 2658; x_wconf 94' lang='lat' dir='ltr'>e</span> <span class='ocrx_word' id='word_1_204' title='bbox 548 2592 728 2675; x_wconf 80' lang='lat' dir='ltr'>corrigendi</span> <span class='ocrx_word' id='word_1_205' title='bbox 758 2596 791 2657; x_wconf 91' lang='lat' dir='ltr'>et</span> <span class='ocrx_word' id='word_1_206' title='bbox 821 2591 1003 2674; x_wconf 81' lang='lat' dir='ltr'>explicandi</span> <span class='ocrx_word' id='word_1_207' title='bbox 1026 2591 1133 2656; x_wconf 89' lang='lat' dir='ltr'>studio</span> <span class='ocrx_word' id='word_1_208' title='bbox 1156 2594 1227 2655; x_wconf 87' lang='lat' dir='ltr'>orta</span> 
     </span>
     <span class='ocr_line' id='line_1_23' title="bbox 26 2696 1228 2781; baseline -0.003 -19"><span class='ocrx_word' id='word_1_209' title='bbox 26 2698 190 2775; x_wconf 85' lang='lat' dir='ltr'>ridentur,</span> <span class='ocrx_word' id='word_1_210' title='bbox 216 2698 313 2780; x_wconf 89' lang='lat' dir='ltr'>quale</span> <span class='ocrx_word' id='word_1_211' title='bbox 337 2703 395 2777; x_wconf 89' lang='lat' dir='ltr'>est,</span> <span class='ocrx_word' id='word_1_212' title='bbox 420 2700 509 2781; x_wconf 93' lang='lat' dir='ltr'>quod</span> <span class='ocrx_word' id='word_1_213' title='bbox 526 2700 599 2764; x_wconf 88' lang='lat' dir='ltr'>Act.</span> <span class='ocrx_word' id='word_1_214' title='bbox 616 2699 639 2776; x_wconf 94' lang='lat' dir='ltr'>l,</span> <span class='ocrx_word' id='word_1_215' title='bbox 664 2700 694 2776; x_wconf 87' lang='lat'>5,</span> <span class='ocrx_word' id='word_1_216' title='bbox 722 2700 761 2764; x_wconf 87' lang='lat'>13</span> <span class='ocrx_word' id='word_1_217' title='bbox 785 2719 845 2781; x_wconf 91' lang='lat' dir='ltr'>pro</span> <span class='ocrx_word' id='word_1_218' title='bbox 868 2698 988 2762; x_wconf 75' lang='lat' dir='ltr'>indicto</span> <span class='ocrx_word' id='word_1_219' title='bbox 1006 2716 1103 2761; x_wconf 81' lang='lat' dir='ltr'>causa</span> <span class='ocrx_word' id='word_1_220' title='bbox 1126 2696 1228 2760; x_wconf 90' lang='lat' dir='ltr'>habet</span> 
     </span>
     <span class='ocr_line' id='line_1_24' title="bbox 26 2802 1225 2889; baseline -0.002 -22"><span class='ocrx_word' id='word_1_221' title='bbox 26 2805 179 2869; x_wconf 78' lang='lat' dir='ltr'>inaudito</span> <span class='ocrx_word' id='word_1_222' title='bbox 202 2827 310 2883; x_wconf 82' lang='lat' dir='ltr'>causo,</span> <span class='ocrx_word' id='word_1_223' title='bbox 335 2809 369 2870; x_wconf 89' lang='lat' dir='ltr'>et</span> <span class='ocrx_word' id='word_1_224' title='bbox 390 2806 446 2869; x_wconf 92' lang='lat' dir='ltr'>lib.</span> <span class='ocrx_word' id='word_1_225' title='bbox 471 2806 493 2884; x_wconf 95' lang='grc'>1,</span> <span class='ocrx_word' id='word_1_226' title='bbox 519 2805 571 2881; x_wconf 88' lang='grc'>36,</span> <span class='ocrx_word' id='word_1_227' title='bbox 596 2805 636 2870; x_wconf 89' lang='grc'>91</span> <span class='ocrx_word' id='word_1_228' title='bbox 662 2805 843 2889; x_wconf 84' lang='lat' dir='ltr'>asyndeton</span> <span class='ocrx_word' id='word_1_229' title='bbox 867 2807 900 2870; x_wconf 93' lang='lat' dir='ltr'>iu</span> <span class='ocrx_word' id='word_1_230' title='bbox 923 2804 1118 2870; x_wconf 85' lang='lat' dir='ltr'>narrationis</span> <span class='ocrx_word' id='word_1_231' title='bbox 1142 2802 1225 2866; x_wconf 88' lang='lat' dir='ltr'>cele-</span> 
     </span>
     <span class='ocr_line' id='line_1_25' title="bbox 25 2909 1228 2997; baseline -0.006 -21"><span class='ocrx_word' id='word_1_232' title='bbox 25 2913 124 2976; x_wconf 81' lang='lat' dir='ltr'>ritate</span> <span class='ocrx_word' id='word_1_233' title='bbox 149 2910 354 2994; x_wconf 84' lang='lat' dir='ltr'>aptissimum</span> <span class='ocrx_word' id='word_1_234' title='bbox 384 2910 520 2997; x_wconf 83' lang='lat' dir='ltr'>(reliqua</span> <span class='ocrx_word' id='word_1_235' title='bbox 549 2911 700 2993; x_wconf 79' lang='lat' dir='ltr'>uendidit,</span> <span class='ocrx_word' id='word_1_236' title='bbox 733 2914 903 2996; x_wconf 81' lang='lat' dir='ltr'>pecuniam</span> <span class='ocrx_word' id='word_1_237' title='bbox 932 2909 1044 2997; x_wconf 72' lang='grc'>111911)</span> <span class='ocrx_word' id='word_1_238' title='bbox 1072 2909 1164 2986; x_wconf 88' lang='lat' dir='ltr'>tollit,</span> <span class='ocrx_word' id='word_1_239' title='bbox 1200 2915 1228 2970; x_wconf 84' lang='lat' dir='ltr'>et</span> 
     </span>
     <span class='ocr_line' id='line_1_26' title="bbox 25 3018 1227 3101; baseline -0.006 -18"><span class='ocrx_word' id='word_1_240' title='bbox 25 3018 230 3100; x_wconf 87' lang='lat' dir='ltr'>interposito.</span> <span class='ocrx_word' id='word_1_241' title='bbox 266 3018 368 3101; x_wconf 76' lang='lat' dir='ltr'>Magis</span> <span class='ocrx_word' id='word_1_242' title='bbox 390 3023 483 3101; x_wconf 90' lang='lat' dir='ltr'>patet</span> <span class='ocrx_word' id='word_1_243' title='bbox 505 3038 557 3083; x_wconf 90' lang='lat' dir='ltr'>res</span> <span class='ocrx_word' id='word_1_244' title='bbox 581 3020 614 3082; x_wconf 92' lang='lat' dir='ltr'>iu</span> <span class='ocrx_word' id='word_1_245' title='bbox 637 3019 779 3084; x_wconf 87' lang='lat' dir='ltr'>Divinat.</span> <span class='ocrx_word' id='word_1_246' title='bbox 797 3021 850 3098; x_wconf 89' lang='grc'>21,</span> <span class='ocrx_word' id='word_1_247' title='bbox 876 3019 928 3097; x_wconf 81' lang='grc'>70,</span> <span class='ocrx_word' id='word_1_248' title='bbox 952 3018 1008 3083; x_wconf 90' lang='lat' dir='ltr'>ubi</span> <span class='ocrx_word' id='word_1_249' title='bbox 1025 3036 1085 3099; x_wconf 93' lang='lat' dir='ltr'>pro</span> <span class='ocrx_word' id='word_1_250' title='bbox 1103 3021 1227 3098; x_wconf 78' lang='lat' dir='ltr'>oeqrotce</span> 
     </span>
     <span class='ocr_line' id='line_1_27' title="bbox 26 3123 1226 3209; baseline -0.003 -21"><span class='ocrx_word' id='word_1_251' title='bbox 26 3146 65 3195; x_wconf 75' lang='lat' dir='ltr'>ac</span> <span class='ocrx_word' id='word_1_252' title='bbox 82 3145 185 3209; x_wconf 83' lang='lat' dir='ltr'>prope</span> <span class='ocrx_word' id='word_1_253' title='bbox 216 3124 390 3208; x_wconf 70' lang='lat' dir='ltr'>desperate</span> <span class='ocrx_word' id='word_1_254' title='bbox 419 3124 630 3209; x_wconf 63' lang='lat' dir='ltr'>reipublicae,</span> <span class='ocrx_word' id='word_1_255' title='bbox 663 3126 750 3207; x_wconf 91' lang='lat' dir='ltr'>quod</span> <span class='ocrx_word' id='word_1_256' title='bbox 779 3146 799 3191; x_wconf 91' lang='lat' dir='ltr'>a</span> <span class='ocrx_word' id='word_1_257' title='bbox 828 3126 932 3191; x_wconf 85' lang='lat' dir='ltr'>Guels.</span> <span class='ocrx_word' id='word_1_258' title='bbox 959 3127 974 3189; x_wconf 90' lang='lat'>1</span> <span class='ocrx_word' id='word_1_259' title='bbox 1006 3123 1226 3196; x_wconf 85' lang='lat' dir='ltr'>confirmatur,</span> 
     </span>
     <span class='ocr_line' id='line_1_28' title="bbox 26 3230 1227 3315; baseline -0.004 -20"><span class='ocrx_word' id='word_1_260' title='bbox 26 3230 123 3297; x_wconf 85' lang='lat' dir='ltr'>codd.</span> <span class='ocrx_word' id='word_1_261' title='bbox 148 3231 236 3296; x_wconf 91' lang='lat' dir='ltr'>Leid.</span> <span class='ocrx_word' id='word_1_262' title='bbox 261 3234 294 3295; x_wconf 91' lang='lat' dir='ltr'>et</span> <span class='ocrx_word' id='word_1_263' title='bbox 317 3230 422 3295; x_wconf 88' lang='lat' dir='ltr'>Guels.</span> <span class='ocrx_word' id='word_1_264' title='bbox 447 3232 467 3295; x_wconf 99' lang='grc'>2</span> <span class='ocrx_word' id='word_1_265' title='bbox 491 3232 658 3315; x_wconf 76' lang='lat' dir='ltr'>oeprotauti</span> <span class='ocrx_word' id='word_1_266' title='bbox 687 3232 811 3296; x_wconf 88' lang='lat' dir='ltr'>habent</span> <span class='ocrx_word' id='word_1_267' title='bbox 843 3231 939 3314; x_wconf 87' lang='lat' dir='ltr'>(alter</span> <span class='ocrx_word' id='word_1_268' title='bbox 972 3230 1103 3313; x_wconf 90' lang='lat' dir='ltr'>quidem</span> <span class='ocrx_word' id='word_1_269' title='bbox 1135 3246 1227 3293; x_wconf 92' lang='lat' dir='ltr'>meu·</span> 
     </span>
     <span class='ocr_line' id='line_1_29' title="bbox 26 3334 1227 3421; baseline -0.004 -19"><span class='ocrx_word' id='word_1_270' title='bbox 26 3337 107 3402; x_wconf 91' lang='lat' dir='ltr'>dose</span> <span class='ocrx_word' id='word_1_271' title='bbox 131 3334 325 3421; x_wconf 76' lang='lat' dir='ltr'>oeprotonte),</span> <span class='ocrx_word' id='word_1_272' title='bbox 354 3358 492 3420; x_wconf 90' lang='lat' dir='ltr'>quorum</span> <span class='ocrx_word' id='word_1_273' title='bbox 522 3338 754 3403; x_wconf 87' lang='lat' dir='ltr'>vocabulorum</span> <span class='ocrx_word' id='word_1_274' title='bbox 780 3342 888 3403; x_wconf 88' lang='lat' dir='ltr'>utrum</span> <span class='ocrx_word' id='word_1_275' title='bbox 913 3336 1075 3420; x_wconf 84' lang='lat' dir='ltr'>vulgarius</span> <span class='ocrx_word' id='word_1_276' title='bbox 1100 3338 1132 3399; x_wconf 91' lang='lat' dir='ltr'>et</span> <span class='ocrx_word' id='word_1_277' title='bbox 1155 3354 1227 3399; x_wconf 84' lang='lat' dir='ltr'>eor-</span> 
     </span>
     <span class='ocr_line' id='line_1_30' title="bbox 24 3439 1226 3529; baseline -0.003 -22"><span class='ocrx_word' id='word_1_278' title='bbox 24 3443 163 3509; x_wconf 89' lang='lat' dir='ltr'>rectioni</span> <span class='ocrx_word' id='word_1_279' title='bbox 192 3447 327 3526; x_wconf 89' lang='lat' dir='ltr'>propter</span> <span class='ocrx_word' id='word_1_280' title='bbox 357 3463 497 3526; x_wconf 87' lang='lat' dir='ltr'>sequens</span> <span class='ocrx_word' id='word_1_281' title='bbox 532 3446 706 3529; x_wconf 76' lang='lat' dir='ltr'>desperato</span> <span class='ocrx_word' id='word_1_282' title='bbox 740 3444 875 3509; x_wconf 88' lang='lat' dir='ltr'>similius</span> <span class='ocrx_word' id='word_1_283' title='bbox 910 3445 962 3521; x_wconf 89' lang='lat' dir='ltr'>sit,</span> <span class='ocrx_word' id='word_1_284' title='bbox 998 3443 1050 3507; x_wconf 79' lang='lat' dir='ltr'>vix</span> <span class='ocrx_word' id='word_1_285' title='bbox 1085 3439 1226 3505; x_wconf 87' lang='lat' dir='ltr'>dubitari</span> 
     </span>
     <span class='ocr_line' id='line_1_31' title="bbox 24 3546 1227 3633; baseline -0.004 -19"><span class='ocrx_word' id='word_1_286' title='bbox 24 3553 147 3632; x_wconf 82' lang='lat' dir='ltr'>potest</span> <span class='ocrx_word' id='word_1_287' title='bbox 193 3549 258 3614; x_wconf 90' lang='lat' dir='ltr'>Sed</span> <span class='ocrx_word' id='word_1_288' title='bbox 282 3553 359 3615; x_wconf 92' lang='lat' dir='ltr'>sunt</span> <span class='ocrx_word' id='word_1_289' title='bbox 382 3550 436 3615; x_wconf 87' lang='lat' dir='ltr'>alii</span> <span class='ocrx_word' id='word_1_290' title='bbox 459 3551 521 3616; x_wconf 87' lang='lat' dir='ltr'>loci</span> <span class='ocrx_word' id='word_1_291' title='bbox 544 3552 734 3633; x_wconf 88' lang='lat' dir='ltr'>apertiores.</span> <span class='ocrx_word' id='word_1_292' title='bbox 781 3552 866 3615; x_wconf 90' lang='lat' dir='ltr'>Nam</span> <span class='ocrx_word' id='word_1_293' title='bbox 889 3550 978 3633; x_wconf 92' lang='lat' dir='ltr'>quod</span> <span class='ocrx_word' id='word_1_294' title='bbox 1000 3549 1073 3613; x_wconf 87' lang='lat' dir='ltr'>Aet.</span> <span class='ocrx_word' id='word_1_295' title='bbox 1096 3548 1120 3624; x_wconf 95' lang='grc' dir='ltr'>Ι,</span> <span class='ocrx_word' id='word_1_296' title='bbox 1145 3549 1175 3624; x_wconf 91' lang='grc'>2,</span> <span class='ocrx_word' id='word_1_297' title='bbox 1206 3546 1227 3609; x_wconf 88' lang='lat'>5</span> 
     </span>
     <span class='ocr_line' id='line_1_32' title="bbox 24 3651 1228 3742; baseline -0.004 -22"><span class='ocrx_word' id='word_1_298' title='bbox 24 3655 198 3739; x_wconf 89' lang='lat' dir='ltr'>Zumptius</span> <span class='ocrx_word' id='word_1_299' title='bbox 222 3675 262 3720; x_wconf 87' lang='lat' dir='ltr'>ex</span> <span class='ocrx_word' id='word_1_300' title='bbox 285 3656 339 3722; x_wconf 95' lang='lat' dir='ltr'>illo</span> <span class='ocrx_word' id='word_1_301' title='bbox 363 3658 473 3722; x_wconf 85' lang='lat' dir='ltr'>codiee</span> <span class='ocrx_word' id='word_1_302' title='bbox 497 3657 612 3722; x_wconf 91' lang='lat' dir='ltr'>edidit:</span> <span class='ocrx_word' id='word_1_303' title='bbox 650 3657 739 3738; x_wconf 72' lang='lat' dir='ltr'>Qrtod</span> <span class='ocrx_word' id='word_1_304' title='bbox 768 3659 806 3739; x_wconf 82' lang='lat' dir='ltr'>si,</span> <span class='ocrx_word' id='word_1_305' title='bbox 841 3678 937 3742; x_wconf 79' lang='lat' dir='ltr'>quom</span> <span class='ocrx_word' id='word_1_306' title='bbox 968 3655 1079 3720; x_wconf 74' lang='lat' dir='ltr'>audax</span> <span class='ocrx_word' id='word_1_307' title='bbox 1109 3660 1152 3718; x_wconf 76' lang='lat' dir='ltr'>est</span> <span class='ocrx_word' id='word_1_308' title='bbox 1184 3651 1228 3715; x_wconf 86' lang='lat' dir='ltr'>od</span> 
     </span>
     <span class='ocr_line' id='line_1_33' title="bbox 23 3759 1228 3849; baseline -0.005 -22"><span class='ocrx_word' id='word_1_309' title='bbox 23 3761 216 3844; x_wconf 63' lang='lat' dir='ltr'>donandum,</span> <span class='ocrx_word' id='word_1_310' title='bbox 251 3770 318 3827; x_wconf 84' lang='lat' dir='ltr'>tam</span> <span class='ocrx_word' id='word_1_311' title='bbox 349 3772 424 3828; x_wconf 78' lang='lat' dir='ltr'>esset</span> <span class='ocrx_word' id='word_1_312' title='bbox 456 3771 578 3829; x_wconf 73' lang='grc'>1111111</span> <span class='ocrx_word' id='word_1_313' title='bbox 609 3766 644 3828; x_wconf 81' lang='lat' dir='ltr'>iu</span> <span class='ocrx_word' id='word_1_314' title='bbox 675 3763 805 3849; x_wconf 67' lang='lat' dir='ltr'>aurudo,</span> <span class='ocrx_word' id='word_1_315' title='bbox 842 3784 942 3847; x_wconf 91' lang='lat' dir='ltr'>quum</span> <span class='ocrx_word' id='word_1_316' title='bbox 972 3764 1005 3826; x_wconf 93' lang='lat' dir='ltr'>in</span> <span class='ocrx_word' id='word_1_317' title='bbox 1032 3759 1164 3842; x_wconf 86' lang='lat' dir='ltr'>reliquis</span> <span class='ocrx_word' id='word_1_318' title='bbox 1195 3761 1228 3822; x_wconf 91' lang='lat' dir='ltr'>et</span> 
     </span>
     <span class='ocr_line' id='line_1_34' title="bbox 24 3867 1226 3956; baseline -0.006 -21"><span class='ocrx_word' id='word_1_319' title='bbox 24 3869 123 3935; x_wconf 90' lang='lat' dir='ltr'>bonis</span> <span class='ocrx_word' id='word_1_320' title='bbox 148 3874 181 3934; x_wconf 90' lang='lat' dir='ltr'>et</span> <span class='ocrx_word' id='word_1_321' title='bbox 203 3870 421 3936; x_wconf 84' lang='lat' dir='ltr'>deterioribus</span> <span class='ocrx_word' id='word_1_322' title='bbox 446 3875 548 3936; x_wconf 88' lang='lat' dir='ltr'>esset:</span> <span class='ocrx_word' id='word_1_323' title='bbox 583 3871 732 3935; x_wconf 78' lang='lat' dir='ltr'>obscurus</span> <span class='ocrx_word' id='word_1_324' title='bbox 755 3872 790 3935; x_wconf 83' lang='lat' dir='ltr'>in</span> <span class='ocrx_word' id='word_1_325' title='bbox 813 3870 944 3956; x_wconf 66' lang='lat' dir='ltr'>aurudo,</span> <span class='ocrx_word' id='word_1_326' title='bbox 972 3868 1000 3934; x_wconf 91' lang='lat' dir='ltr'>si</span> <span class='ocrx_word' id='word_1_327' title='bbox 1023 3867 1226 3942; x_wconf 90' lang='lat' dir='ltr'>auctoritate,</span> 
     </span>
     <span class='ocr_line' id='line_1_35' title="bbox 23 3974 1230 4061; baseline -0.006 -20"><span class='ocrx_word' id='word_1_328' title='bbox 23 3976 67 4041; x_wconf 93' lang='lat' dir='ltr'>de</span> <span class='ocrx_word' id='word_1_329' title='bbox 93 3995 159 4058; x_wconf 90' lang='lat' dir='ltr'>qua</span> <span class='ocrx_word' id='word_1_330' title='bbox 182 3978 352 4058; x_wconf 84' lang='lat' dir='ltr'>quaeritur,</span> <span class='ocrx_word' id='word_1_331' title='bbox 376 3979 519 4061; x_wconf 89' lang='lat' dir='ltr'>seposita</span> <span class='ocrx_word' id='word_1_332' title='bbox 536 3980 643 4060; x_wconf 90' lang='lat' dir='ltr'>ipsam</span> <span class='ocrx_word' id='word_1_333' title='bbox 658 3998 728 4043; x_wconf 89' lang='lat' dir='ltr'>rem</span> <span class='ocrx_word' id='word_1_334' title='bbox 746 3975 1015 4058; x_wconf 83' lang='lat' dir='ltr'>contemplamur,</span> <span class='ocrx_word' id='word_1_335' title='bbox 1038 3993 1104 4038; x_wconf 87' lang='lat' dir='ltr'>nou</span> <span class='ocrx_word' id='word_1_336' title='bbox 1121 3974 1230 4055; x_wconf 90' lang='lat' dir='ltr'>potest</span> 
     </span>
     <span class='ocr_line' id='line_1_36' title="bbox 23 4078 1229 4166; baseline -0.005 -18"><span class='ocrx_word' id='word_1_337' title='bbox 23 4083 166 4148; x_wconf 89' lang='lat' dir='ltr'>dubium</span> <span class='ocrx_word' id='word_1_338' title='bbox 189 4080 289 4161; x_wconf 86' lang='lat' dir='ltr'>esse,&#39;</span> <span class='ocrx_word' id='word_1_339' title='bbox 311 4085 399 4166; x_wconf 88' lang='lat' dir='ltr'>quin,</span> <span class='ocrx_word' id='word_1_340' title='bbox 434 4086 462 4149; x_wconf 90' lang='lat' dir='ltr'>si</span> <span class='ocrx_word' id='word_1_341' title='bbox 491 4092 612 4149; x_wconf 76' lang='grc'>1111111</span> <span class='ocrx_word' id='word_1_342' title='bbox 634 4082 757 4149; x_wconf 87' lang='lat' dir='ltr'>librarii</span> <span class='ocrx_word' id='word_1_343' title='bbox 779 4082 1010 4166; x_wconf 89' lang='lat' dir='ltr'>repperissent,</span> <span class='ocrx_word' id='word_1_344' title='bbox 1044 4078 1229 4163; x_wconf 77' lang='lat' dir='ltr'>vulgatissi-</span> 
     </span>
     <span class='ocr_line' id='line_1_37' title="bbox 21 4184 1229 4271; baseline -0.006 -16"><span class='ocrx_word' id='word_1_345' title='bbox 21 4209 119 4255; x_wconf 88' lang='lat' dir='ltr'>mum</span> <span class='ocrx_word' id='word_1_346' title='bbox 142 4189 351 4268; x_wconf 85' lang='lat' dir='ltr'>vocabulum,</span> <span class='ocrx_word' id='word_1_347' title='bbox 375 4210 441 4256; x_wconf 90' lang='lat' dir='ltr'>uon</span> <span class='ocrx_word' id='word_1_348' title='bbox 463 4193 623 4256; x_wconf 87' lang='lat' dir='ltr'>mutaturi</span> <span class='ocrx_word' id='word_1_349' title='bbox 646 4191 767 4256; x_wconf 85' lang='lat' dir='ltr'>fuerint</span> <span class='ocrx_word' id='word_1_350' title='bbox 789 4190 823 4254; x_wconf 92' lang='lat' dir='ltr'>in</span> <span class='ocrx_word' id='word_1_351' title='bbox 845 4190 889 4267; x_wconf 86' lang='lat' dir='ltr'>id,</span> <span class='ocrx_word' id='word_1_352' title='bbox 921 4187 1010 4271; x_wconf 92' lang='lat' dir='ltr'>quod</span> <span class='ocrx_word' id='word_1_353' title='bbox 1033 4187 1074 4251; x_wconf 94' lang='lat' dir='ltr'>de</span> <span class='ocrx_word' id='word_1_354' title='bbox 1097 4184 1229 4251; x_wconf 86' lang='lat' dir='ltr'>homine</span> 
     </span>
     <span class='ocr_line' id='line_1_38' title="bbox 21 4292 1229 4378; baseline -0.007 -15"><span class='ocrx_word' id='word_1_355' title='bbox 21 4300 114 4363; x_wconf 81' lang='lat' dir='ltr'>lecto</span> <span class='ocrx_word' id='word_1_356' title='bbox 137 4316 212 4362; x_wconf 89' lang='lat' dir='ltr'>raro</span> <span class='ocrx_word' id='word_1_357' title='bbox 236 4314 297 4361; x_wconf 90' lang='lat' dir='ltr'>nec</span> <span class='ocrx_word' id='word_1_358' title='bbox 321 4299 433 4361; x_wconf 86' lang='lat' dir='ltr'>tamen</span> <span class='ocrx_word' id='word_1_359' title='bbox 462 4316 528 4362; x_wconf 92' lang='lat' dir='ltr'>non</span> <span class='ocrx_word' id='word_1_360' title='bbox 555 4301 643 4362; x_wconf 87' lang='lat' dir='ltr'>reete</span> <span class='ocrx_word' id='word_1_361' title='bbox 671 4297 788 4362; x_wconf 91' lang='lat' dir='ltr'>dieitur</span> <span class='ocrx_word' id='word_1_362' title='bbox 816 4294 871 4378; x_wconf 88' lang='lat' dir='ltr'>(de</span> <span class='ocrx_word' id='word_1_363' title='bbox 893 4295 988 4360; x_wconf 83' lang='lat' dir='ltr'>Ollio.</span> <span class='ocrx_word' id='word_1_364' title='bbox 1012 4293 1063 4369; x_wconf 87' lang='lat' dir='ltr'>III,</span> <span class='ocrx_word' id='word_1_365' title='bbox 1096 4292 1147 4369; x_wconf 80' lang='lat'>13,</span> <span class='ocrx_word' id='word_1_366' title='bbox 1177 4292 1229 4364; x_wconf 76' lang='lat' dir='ltr'>dl,</span> 
     </span>
     <span class='ocr_line' id='line_1_39' title="bbox 22 4398 1230 4487; baseline -0.006 -19"><span class='ocrx_word' id='word_1_367' title='bbox 22 4422 66 4468; x_wconf 83' lang='lat' dir='ltr'>ex</span> <span class='ocrx_word' id='word_1_368' title='bbox 91 4422 157 4485; x_wconf 91' lang='lat' dir='ltr'>quo</span> <span class='ocrx_word' id='word_1_369' title='bbox 179 4402 250 4469; x_wconf 90' lang='lat' dir='ltr'>looo</span> <span class='ocrx_word' id='word_1_370' title='bbox 274 4403 367 4469; x_wconf 79' lang='lat' dir='ltr'>facile</span> <span class='ocrx_word' id='word_1_371' title='bbox 390 4408 483 4487; x_wconf 89' lang='lat' dir='ltr'>patet</span> <span class='ocrx_word' id='word_1_372' title='bbox 506 4404 547 4469; x_wconf 91' lang='lat' dir='ltr'>de</span> <span class='ocrx_word' id='word_1_373' title='bbox 570 4403 703 4470; x_wconf 88' lang='lat' dir='ltr'>occultis</span> <span class='ocrx_word' id='word_1_374' title='bbox 728 4402 862 4468; x_wconf 74' lang='lat' dir='ltr'>malitiae</span> <span class='ocrx_word' id='word_1_375' title='bbox 885 4402 1011 4467; x_wconf 87' lang='lat' dir='ltr'>artibus</span> <span class='ocrx_word' id='word_1_376' title='bbox 1036 4398 1128 4481; x_wconf 86' lang='lat' dir='ltr'>dici);</span> <span class='ocrx_word' id='word_1_377' title='bbox 1153 4416 1230 4463; x_wconf 86' lang='lat' dir='ltr'>eou-</span> 
     </span>
    </p>
   </div>
   <div class='ocr_carea' id='block_1_3' title="bbox 21 4506 1230 4594">
    <p class='ocr_par' dir='ltr' id='par_1_3' title="bbox 21 4506 1230 4594">
     <span class='ocr_line' id='line_1_40' title="bbox 21 4506 1230 4594; baseline -0.007 -18"><span class='ocrx_word' id='word_1_378' title='bbox 21 4515 79 4577; x_wconf 86' lang='lat' dir='ltr'>tra</span> <span class='ocrx_word' id='word_1_379' title='bbox 102 4509 196 4575; x_wconf 87' lang='lat' dir='ltr'>alteri</span> <span class='ocrx_word' id='word_1_380' title='bbox 224 4511 287 4576; x_wconf 86' lang='grc'>1111</span> <span class='ocrx_word' id='word_1_381' title='bbox 315 4509 410 4575; x_wconf 84' lang='lat' dir='ltr'>lacile</span> <span class='ocrx_word' id='word_1_382' title='bbox 441 4510 556 4594; x_wconf 87' lang='lat' dir='ltr'>aliquis</span> <span class='ocrx_word' id='word_1_383' title='bbox 587 4510 788 4575; x_wconf 88' lang='lat' dir='ltr'>substituere</span> <span class='ocrx_word' id='word_1_384' title='bbox 820 4508 936 4592; x_wconf 78' lang='lat' dir='ltr'>potuit,</span> <span class='ocrx_word' id='word_1_385' title='bbox 983 4506 1087 4586; x_wconf 89' lang='lat' dir='ltr'>Quem</span> <span class='ocrx_word' id='word_1_386' title='bbox 1119 4508 1230 4570; x_wconf 85' lang='lat' dir='ltr'>autem</span> 
     </span>
    </p>
   </div>
   <div class='ocr_carea' id='block_1_4' title="bbox 0 0 1482 5190">
    <p class='ocr_par' dir='ltr' id='par_1_4' title="bbox 0 0 1482 5190">
     <span class='ocr_line' id='line_1_41' title="bbox 0 0 1482 5190; baseline 0 3"><span class='ocrx_word' id='word_1_387' title='bbox 0 0 1482 5190; x_wconf 95' lang='lat' dir='ltr'> </span> 
     </span>
    </p>
   </div>
  </div>
 </body>
</html>
