2956 5190
626 337 691 402 559

56 532 204 621 Offendit
236 532 356 597 multos
391 534 424 597 in
455 532 590 597 muliere
619 533 660 596 de
688 532 795 614 vulgo,
831 552 904 614 quae
934 536 1074 615 apoeta
1097 532 1256 612 divitibus,

56 660 140 723 quas
174 660 203 704 v.
228 640 292 704 585
315 639 505 715 nominavit,
542 640 704 703 contraria
735 639 876 720 ponitur,
912 641 998 724 lonpi
1028 642 1104 705 auri
1134 641 1257 706 mentio

56 748 274 824 alienissima3
309 766 385 810 nam
422 749 458 809 ut
492 746 647 809 meretrix
681 744 878 827 intelligatur
913 745 1000 828 (quae
1028 747 1161 828 intelligi
1192 767 1257 812 non

56 853 167 930 debet,
199 873 300 934 quum
324 855 423 934 poeta
446 852 526 916 satis
550 851 738 932 significarit
762 851 918 916 feminam
943 856 1080 934 nuptam
1104 853 1144 917 de
1168 855 1257 918 tenui

55 959 164 1042 plebe,
190 960 347 1040 cauponis
371 978 516 1036 uxorem,
541 958 609 1033 sed,
635 960 672 1021 ut
694 961 763 1021 tum
788 961 882 1022 erant
905 979 1025 1038 moreS,
1055 961 1095 1023 de
1120 960 1257 1047 divortio

57 1063 278 1147 cogitantem).
312 1084 426 1128 verum
456 1068 492 1128 ut
519 1064 726 1146 intelligatur,
762 1057 862 1129 nihilo
886 1066 992 1147 aptior
1014 1067 1076 1130 erit
1098 1066 1169 1130 haec
1191 1085 1257 1131 non

56 1171 164 1235 frivoli
176 1175 321 1249 umatus
338 1171 397 1236 sed
412 1171 589 1236 solidarum
607 1170 793 1235 divitiarum
809 1171 1009 1252 significatio.
1044 1173 1117 1236 Non
1134 1173 1257 1255 urgebo

56 1263 155 1361 igit'ur
190 1297 229 1342 ea
264 1278 411 1353 dicendo,
447 1298 521 1360 quae
556 1278 597 1342 de
631 1277 702 1360 ipsa
731 1278 817 1362 longi
844 1280 920 1340 ouri
947 1278 1166 1360 appellatione
1195 1279 1257 1343 dici

56 1386 128 1449 iure
151 1389 300 1466 possunt.
347 1386 461 1467 ltaque
485 1384 665 1449 Salmasius
689 1387 723 1447 et
746 1384 800 1447 alii
823 1384 928 1461 aradis,
953 1385 1042 1465 quod
1064 1389 1141 1467 apte
1163 1386 1257 1467 poni·

57 1492 175 1557 turdo
199 1492 385 1556 huiusmodi
410 1492 531 1555 femina
555 1491 680 1555 decoris
713 1495 746 1554 et
774 1490 944 1554 modestiae
971 1511 1089 1572 parum
1119 1493 1257 1570 curiosa,

56 1604 188 1664 mutant
211 1600 245 1662 in
268 1600 374 1674 trullis,
403 1618 464 1663 nec
487 1602 598 1662 tamen
622 1601 875 1678 consequuntur,
907 1597 994 1678 quod
1018 1599 1145 1676 volunt3
1180 1619 1257 1664 nam

56 1726 211 1789 perverse
235 1706 352 1770 dicitur
375 1705 473 1769 nullis
496 1704 674 1784 cervicibus,
709 1705 795 1767 nullo
823 1703 899 1766 collo
928 1723 1043 1767 aurum
1074 1705 1256 1782 ostendere,
1336 1706 1339 1711 ’

57 1812 151 1894 quasi
176 1832 242 1877 una
266 1812 389 1876 semina
412 1812 506 1893 plura
530 1810 610 1875 colla
633 1810 766 1874 habeat.
813 1811 884 1875 Hoc
906 1810 1084 1893 Rupertius
1108 1811 1258 1876 animad-

57 1938 153 1983 verso
182 1918 309 1983 mavult
332 1919 438 2000 legere
462 1918 585 1981 utillum
607 1917 718 2000 leogis,
748 1919 930 1981 mutatione
953 1917 1201 1993 violentissima3
1226 1922 1259 1982 et

57 2029 219 2108 praeterea
242 2027 368 2109 longum
391 2026 503 2088 collum
531 2026 618 2088 recte
649 2023 775 2101 dicitur,
811 2025 843 2087 in
879 2023 1057 2088 cervicibus
1092 2023 1258 2105 longitudo

59 2132 203 2197 eminere
235 2136 268 2195 et
299 2132 441 2213 conspici
474 2151 540 2195 non
570 2131 662 2194 solet.
713 2130 787 2194 Non
817 2131 850 2194 in
881 2132 932 2194 his
963 2130 1071 2194 verbis
1102 2130 1258 2194 mendum

58 2238 149 2314 latet,
184 2239 243 2302 sed
274 2238 307 2301 in
338 2239 410 2320 ipso
438 2237 508 2301 auri
532 2237 673 2313 nomine,
709 2236 796 2317 quod
820 2256 879 2318 pro
909 2237 1044 2318 aptiore,
1069 2237 1128 2300 sed
1151 2239 1258 2301 minus

58 2350 137 2410 noto
162 2344 320 2409 vocabulo
344 2344 473 2408 duabus
496 2343 612 2408 litteris
637 2342 771 2407 mutatis
794 2343 1005 2407 substitutum
1025 2363 1107 2420 esse,
1132 2348 1257 2408 certum

58 2452 139 2516 mihi
163 2452 302 2516 ridetur.
350 2451 485 2533 Scripsit
509 2449 594 2514 onim
619 2449 689 2513 sine
713 2449 812 2513 dubio
835 2450 1011 2514 luvenalis:

264 2610 344 2689 Quae
368 2610 464 2674 nudis
487 2609 619 2692 longum
643 2608 787 2673 ostendit
809 2609 988 2672 cervicibus
1012 2631 1147 2674 arantem.

59 2771 243 2835 Robustam
279 2771 319 2834 de
354 2769 450 2851 plebe
485 2768 654 2833 mulierem
685 2767 840 2832 describit
872 2771 905 2831 et
932 2767 1127 2843 inornatam,
1162 2769 1258 2833 nudis

61 2878 239 2941 cervicibus
261 2877 393 2958 longum
422 2876 596 2939 humerum
626 2875 868 2949 ostendentem
903 2893 990 2950 eum,
1025 2895 1095 2939 rem
1124 2895 1257 2958 augeria,

60 2983 205 3065 appellat
228 2982 387 3046 vocabulo
417 3001 436 3044 a
465 2981 577 3046 bestiis
606 2980 767 3057 traducto,
803 2980 1080 3061 quemadmodum
1109 2982 1258 3063 Virgilius

60 3087 198 3172 (AEneid.
222 3090 276 3165 Xl,
302 3085 380 3168 644)
409 3088 442 3151 in
466 3087 598 3151 homine
622 3087 765 3168 corporis
789 3086 938 3168 ingentis.
985 3087 1134 3152 Lucanus
1159 3088 1258 3152 etiam

60 3195 129 3259 sine
164 3196 226 3260 hac
259 3196 495 3278 significatione
526 3194 634 3276 posuit
664 3193 812 3258 Pharsal.
836 3193 895 3268 IX,
928 3194 1007 3269 831,
1042 3194 1099 3257 ubi
1134 3194 1257 3258 Murius

60 3322 194 3366 manum
224 3321 350 3367 veneno
379 3308 565 3388 corruptam
594 3299 656 3364 sibi
680 3303 830 3381 amputat
854 3298 986 3385 (totoque
1008 3301 1103 3364 sirnul
1125 3300 1260 3365 demittit

60 3408 100 3471 ob
124 3406 237 3489 ormo).
283 3409 341 3472 Est
364 3409 416 3473 bic
443 3407 604 3471 luvenalis
633 3406 723 3470 locus
754 3407 838 3470 inter
868 3426 990 3488 paucos
1021 3407 1102 3484 illos,
1139 3407 1195 3470 ubi
1226 3408 1259 3470 in

60 3515 211 3579 omnibus
235 3515 400 3579 codicibus
423 3534 489 3578 non
512 3513 617 3577 solum
641 3513 810 3594 paululum
837 3512 956 3577 inflexa
978 3513 1088 3595 aliqua
1111 3533 1174 3577 vox
1198 3517 1257 3592 est,

60 3621 119 3685 sed
149 3641 263 3685 rerum
294 3621 432 3684 verbum
463 3639 595 3702 prorsus
626 3620 861 3684 oblitteratum.
916 3619 953 3682 ld
982 3638 1022 3683 ex
1049 3619 1178 3684 scholiis
1201 3638 1258 3683 no·
1273 3633 1313 3675 1⁹⁹

61 3729 166 3792 rimus
199 3728 356 3792 accidisse
387 3727 419 3790 in
448 3727 548 3791 satira
572 3727 613 3790 lV
641 3748 672 3790 r.
695 3728 748 3802 43,
784 3727 839 3791 ubi
875 3747 935 3808 pro
969 3728 1117 3790 torrentia
1150 3727 1260 3807 inepte

60 3834 274 3898 substitutum
305 3837 354 3898 est
383 3835 533 3916 torpentis
568 3832 675 3916 (palus
705 3834 790 3898 enirn
820 3833 968 3897 Maeotica
996 3834 1158 3914 torpebat,
1194 3852 1259 3896 non

60 3941 156 4005 Ponti
187 3940 280 4020 ostia,
316 3960 354 4006 ac
384 3959 425 4003 ne
455 3939 549 4021 palus
578 3940 710 4021 quidem
738 3959 834 4018 nunc,
870 3947 966 4023 rupto
992 3939 1108 4003 solibus
1134 3937 1258 4023 plocio),

62 4051 94 4110 et
118 4047 235 4111 insat.
260 4048 330 4111 Vlll
354 4067 383 4110 V.
411 4046 482 4124 155,
519 4045 575 4110 ubi
608 4065 707 4129 quum
741 4052 838 4127 poeta
869 4045 1030 4110 vocabulo
1061 4065 1078 4109 e
1106 4065 1142 4110 re
1164 4064 1259 4109 sacra

60 4153 162 4235 petito
185 4153 295 4216 robam
327 4155 498 4217 iuvencum
531 4156 830 4229 commemorasset,
865 4160 972 4216 torvus
1001 4152 1167 4215 subiectus
1198 4154 1258 4215 est.

60 4259 207 4342 Utroque
239 4260 310 4323 loco
342 4279 456 4323 verum
486 4257 624 4322 Orellius
656 4259 796 4323 restituit
823 4257 870 4341 (in
899 4258 1016 4340 eclogis
1045 4262 1132 4340 poet.
1164 4255 1259 4338 Lat).

61 4366 169 4448 Atque
192 4367 254 4431 hoc
277 4367 348 4430 loco
377 4366 572 4430 vocabulum
604 4365 827 4429 oblitteratum
859 4365 963 4446 longe,
999 4369 1035 4427 ut
1065 4365 1110 4428 ita
1142 4364 1259 4440 dicam,

61 4472 292 4537 arcessendum
319 4475 405 4547 erat,
441 4471 583 4535 faciliore
614 4471 744 4551 negotio
775 4470 966 4551 expedietur
998 4473 1123 4534 octavae
1150 4471 1260 4533 satirae

60 4578 161 4658 locus,
197 4579 254 4642 ubi
284 4578 455 4657 luvenalis,
492 4577 688 4659 comparatis
717 4577 845 4641 Nerone
875 4581 908 4640 et
931 4576 1048 4641 Oresta
1071 4576 1259 4655 matricidis,
