2956 5190
749 305 815 370 214

184 503 257 569 tatis
285 502 529 586 perveniebant,
563 501 708 567 subactis
742 499 870 583 populis
904 519 1004 565 onera
1032 499 1167 583 publica
1194 519 1318 583 magna
1338 521 1371 567 ex

183 613 277 693 parte
305 608 540 675 sustinentibus
574 626 728 691 agroque,
762 606 818 691 qui
851 605 891 671 iis
924 606 1133 672 adimebatur
1167 625 1233 672 nec
1267 606 1373 673 colouis

184 716 423 800 assigmabatur,
458 714 600 797 primum
629 713 761 796 quidem
790 732 994 800 possessores
1017 713 1154 791 ditante,
1189 711 1256 779 sed
1276 716 1375 781 mar

184 823 239 901 ita,
269 827 306 888 ut
329 842 377 887 eae
400 821 520 886 divitia
543 841 603 904 per
624 823 730 886 totum
753 821 911 903 populum
934 820 1044 902 aIIqua
1067 839 1107 885 ex
1129 824 1232 903 parte
1255 840 1376 904 sparge·

185 934 311 1007 rentur3
336 928 521 1011 licebatque
544 927 678 1010 siugulis
702 927 826 992 civibus
849 931 920 991 tuto
943 927 1027 991 inter
1049 926 1226 993 universos
1250 927 1376 1011 populos

185 1036 338 1101 subactos
362 1035 485 1100 versari
509 1033 837 1115 commodissimeque
865 1033 1054 1099 condicione
1082 1036 1254 1116 quaestum
1281 1054 1377 1117 perse

185 1143 250 1226 qui.
296 1142 466 1207 Postremo
499 1140 695 1223 permissmn
731 1142 801 1204 erat
829 1139 1028 1222 pauperibus
1055 1140 1221 1206 Romanis
1250 1140 1379 1207 ciritatis

185 1249 342 1314 honorem
367 1249 471 1312 etius
495 1267 569 1312 cum
593 1247 729 1330 privatis
753 1247 931 1312 commodis
955 1247 1089 1312 colonia
1106 1247 1239 1312 Latinae
1255 1259 1378 1330 permu-

185 1359 266 1434 tare,
291 1355 379 1437 quod
402 1374 467 1420 non
485 1374 608 1437 paucos
625 1353 751 1432 fecisse,
775 1353 943 1418 miuuente
959 1353 1142 1436 praesertim
1160 1355 1380 1438 magnitudine
1425 1440 1427 1445 Ι

185 1462 232 1527 rei
255 1461 395 1544 publicae
418 1462 618 1545 siugulorum
642 1461 760 1525 civium
783 1463 997 1539 momentum,
1026 1459 1201 1542 probabile
1231 1465 1285 1527 est
1311 1459 1381 1544 (Cir.

186 1588 246 1651 pro
269 1569 352 1633 Ceec.
378 1568 430 1647 33,
455 1566 522 1650 98).
569 1567 687 1632 Ardeae
711 1568 820 1632 Livtus
843 1565 907 1649 (IV,
934 1563 989 1648 11)
1019 1587 1050 1632 a.
1073 1567 1140 1631 442
1170 1567 1277 1633 etiam
1303 1569 1381 1651 ipsos

186 1676 373 1741 triumviros
395 1674 592 1740 remansisse
615 1677 743 1751 narrat;
772 1678 843 1739 erat
865 1677 977 1738 autem
1000 1672 1127 1738 Latina.
1175 1674 1296 1757 Itaque
1316 1679 1382 1758 post

132 1797 173 1839 m
186 1782 429 1863 antiquissimas
459 1780 531 1846 illas
562 1781 624 1845 sub
654 1780 785 1862 regibus
816 1779 974 1844 deductas
1006 1783 1162 1862 quattuor
1186 1780 1324 1847 omnino
1343 1781 1382 1846 ci·

186 1890 276 1953 vium
300 1888 434 1954 coloniae
458 1889 491 1952 in
514 1889 585 1953 loca
609 1907 628 1952 a
651 1887 734 1952 mari
757 1890 884 1952 remota
907 1887 1058 1952 deductae
1075 1892 1381 1965 commemorantur,

186 1996 219 2060 in
243 2015 338 2078 agros
361 2015 427 2061 non
451 1996 546 2060 valde
569 1996 612 2059 ab
637 1997 717 2060 urbe
741 1998 893 2072 remotos,
918 1994 1027 2059 Lavici
1048 1992 1092 2075 (a.
1109 1991 1201 2075 418),
1226 1993 1383 2059 Satrium

187 2101 231 2184 (a.
256 2100 344 2184 384),
380 2103 486 2181 tertia,
524 2101 614 2167 cuius
644 2121 763 2166 nomen
791 2102 968 2184 ignoratur,
1003 2100 1063 2166 scd
1094 2101 1236 2166 tortasse
1261 2100 1382 2166 Vitellia

189 2208 249 2272 luit
271 2207 315 2290 (a.
339 2207 428 2290 395),
452 2208 600 2273 AEsulum
623 2207 667 2290 (a.
684 2208 748 2273 246
773 2211 856 2272 teste
871 2205 976 2289 Veli).
986 2203 1013 2289 ¹)
1048 2207 1249 2272 Colonorum
1272 2225 1382 2272 nume·

187 2334 243 2379 rus
267 2316 300 2379 in
323 2314 374 2380 his
397 2318 509 2379 tantus
533 2320 817 2391 commemoratur,
847 2317 884 2378 ut
912 2313 1015 2378 videri
1043 2315 1169 2396 possint
1190 2333 1260 2378 non
1284 2313 1382 2379 solum

187 2421 340 2503 praesidia
364 2420 516 2502 imposita
540 2420 704 2485 veteribus
727 2420 839 2486 Incolis
862 2419 990 2496 relictis,
1020 2420 1081 2485 sed
1107 2422 1179 2485 tota
1201 2419 1328 2502 oppida
1348 2438 1384 2485 ex

189 2526 309 2591 colonis
343 2526 502 2593 Romanis
537 2527 723 2593 constituta.
777 2526 912 2591 Lavicos
947 2528 1035 2591 erum
1069 2526 1157 2590 mille
1191 2526 1384 2609 clangentes

188 2632 319 2697 colonos
342 2632 479 2715 scriptos
501 2633 610 2698 Livius
633 2635 743 2712 tradit,
772 2633 944 2713 Vitelliam,
973 2635 1000 2698 si
1024 2633 1058 2697 id
1080 2652 1201 2698 nomen
1225 2631 1299 2709 fuit,
1327 2632 1385 2697 tria

187 2738 298 2818 millia,
333 2739 495 2804 Satricum
527 2740 592 2806 duo
623 2720 733 2805 millia.
779 2740 927 2823 Reliquae
958 2759 1072 2804 omnes
1104 2738 1223 2804 civium
1254 2739 1385 2805 colonia

188 2865 247 2928 per
280 2846 351 2910 haec
385 2847 506 2911 saecula
532 2847 704 2911 maritimae
734 2847 875 2923 fuerunt,
910 2845 1072 2928 impositae
1106 2865 1174 2910 orae
1209 2846 1315 2911 ltaliae
1347 2844 1386 2911 ad

189 2955 363 3034 utrumque
391 2972 492 3017 mare.
539 2953 611 3018 Hoc
645 2974 746 3036 genus
782 2953 980 3019 coloniarum
1012 2952 1121 3016 Livius
1150 2952 1281 3017 duobus
1313 2952 1387 3018 locis

189 3062 434 3137 commemorat,
458 3059 513 3123 lib.
537 3059 663 3138 XXVII,
687 3061 740 3139 38,
764 3061 821 3124 ubi
844 3058 920 3124 belli
943 3059 1057 3125 Punici
1080 3058 1215 3123 secundi
1240 3062 1386 3142 tempore

189 3165 315 3244 11207,
340 3185 441 3248 quum
464 3170 597 3249 propter
619 3167 763 3250 inopiam
786 3166 962 3231 iuventutis
985 3165 1104 3230 milites
1128 3165 1208 3229 dare
1233 3184 1387 3248 cogeren-

189 3274 252 3349 tur,
287 3275 414 3354 septem
443 3292 485 3337 ex
514 3273 552 3337 iis
581 3277 731 3339 senatum
756 3273 862 3339 adisse
887 3274 1048 3349 dicuntur,
1083 3276 1330 3337 sacrosanctam
1353 3291 1387 3337 se

190 3378 394 3443 vacationem
417 3379 541 3444 habere
564 3380 776 3459 affirmantes,
800 3401 900 3464 quam
924 3386 1036 3443 tamen
1059 3378 1120 3442 nisi
1137 3379 1170 3442 In
1189 3378 1334 3444 Ostiensi
1357 3381 1388 3443 et

219 3678 240 3747 ¹)
259 3682 299 3735 De
317 3679 423 3735 bavicis
446 3685 541 3734 auctor
564 3687 605 3735 est
630 3681 723 3737 Livius
742 3683 786 3748 IV,
809 3680 843 3734 47
862 3682 933 3750 (coll.
953 3681 1030 3736 Diod.
1050 3681 1102 3735 Sic.
1121 3680 1192 3744 XIII,
1218 3678 1259 3745 0);
1287 3679 1389 3734 civium

262 3786 324 3824 eam
342 3769 434 3832 fuisse,
458 3785 515 3823 non
533 3771 622 3824 solum
641 3787 675 3824 ex
693 3771 762 3825 Livii
782 3771 871 3826 verbis
895 3769 992 3838 (coloni
1010 3771 1044 3823 ab
1063 3771 1128 3822 urbe
1146 3769 1236 3835 missi)
1255 3768 1388 3823 concludo

261 3857 332 3925 (coll.
351 3856 500 3912 Niebuhrio
518 3858 551 3923 11,
570 3857 643 3924 489),
662 3862 710 3915 ssd
729 3860 849 3915 maxime
867 3877 901 3915 cx
919 3876 960 3920 eo,
985 3860 1059 3929 quod
1077 3857 1142 3912 belli
1160 3856 1257 3911 Punici
1276 3856 1390 3912 secundi

243 3942 385 4016 'tempore
403 3952 477 4001 certe
495 3947 567 4002 iuter
584 3948 696 4002 Latiuas
714 3964 770 4003 non
789 3948 852 4013 luit;
880 3949 915 4003 de
933 3949 1038 4003 Satrico
1056 3948 1149 4002 Livius
1168 3946 1280 4012 VI,16;
1309 3948 1389 4011 hanc,

261 4052 279 4089 a
296 4034 470 4090 Praenestinis
488 4041 517 4089 et
534 4036 638 4091 Volscis
657 4043 841 4108 expugnatam
860 4035 913 4104 (Vl,
933 4036 987 4105 22),
1006 4055 1031 4092 a.
1050 4036 1103 4090 348
1121 4036 1278 4091 restitutam
1297 4036 1392 4092 livius

262 4124 363 4191 scribit,
382 4123 485 4179 colonis
503 4124 538 4178 ab
556 4125 722 4192 Antiatibus,
746 4127 773 4180 id
792 4133 842 4192 est,
860 4127 952 4192 Antio,
976 4144 1031 4196 quo
1050 4126 1237 4195 confugerant,
1266 4125 1392 4181 deductis

262 4214 319 4267 sive
337 4214 428 4283 potius
447 4213 565 4268 reductis
584 4211 652 4280 (VII,
675 4213 728 4282 27).
765 4216 805 4270 Dc
828 4215 887 4271 eius
911 4216 1062 4270 delectione
1081 4215 1116 4268 ad
1136 4214 1274 4268 Samnites
1293 4230 1318 4269 a
1337 4212 1392 4268 820

263 4301 396 4367 (1111111,
421 4300 463 4368 12,
487 4301 534 4361 16;
563 4303 656 4368 XXVI,
679 4302 727 4370 83)
749 4304 797 4358 clr.
816 4321 899 4373 supra
918 4321 944 4373 p.
963 4302 1024 4358 227.
1060 4303 1182 4357 Tertiam
1201 4303 1277 4358 illam
1296 4302 1392 4358 Livius

262 4391 292 4455 V,
312 4389 346 4442 24
365 4396 575 4457 commemorer
595 4391 731 4446 Vitelliam
752 4392 834 4446 luisse
853 4392 1017 4447 Niebuhrius
1036 4389 1080 4459 (II,
1099 4391 1164 4459 550)
1183 4409 1216 4446 ex
1232 4392 1290 4446 Liv.
1305 4392 1337 4455 V,
1356 4390 1394 4444 29

261 4479 422 4548 suspicatur.
459 4479 583 4535 AEsulum
601 4478 691 4547 (Veli.)
714 4480 786 4535 iuter
803 4480 915 4535 Latium
938 4481 966 4534 in
990 4481 1062 4535 bello
1085 4481 1189 4536 PunIco
1214 4497 1270 4536 non
1292 4496 1391 4535 nume

260 4573 346 4622 retur.
