2948 5206
700 237 764 332 sei

132 467 203 529 lraec
237 464 335 546 igilur
369 461 476 545 prima
510 461 621 527 mendi
656 462 751 527 sedes
781 465 840 537 est,
876 461 926 526 cui
956 461 1073 526 deinde
1102 462 1167 526 iam
1196 463 1230 526 in
1260 462 1331 544 ipso
1345 483 1384 524 sn

131 569 244 635 codice
266 570 447 653 archetypo
470 569 560 635 aliud
583 568 773 634 adiunctum
798 571 885 644 ernt;
908 586 985 633 nam
1010 567 1123 634 Cicero
1140 567 1330 650 scripserat:

131 675 171 738 ab
204 675 285 759 ipsis
317 676 450 760 capsis
482 665 814 740 iureconsulorum
843 675 1033 759 sapientiam
1061 674 1249 758 compilarit.
1294 674 1332 739 ln

130 781 239 864 capsis
259 781 469 847 iureconsulti
485 800 724 864 causarumque
739 783 868 865 patroni
884 781 1022 851 libellos.
1045 781 1185 858 tabulas
1209 783 1330 846 instru-

128 890 243 953 menta
265 887 470 970 negotiorum
495 891 527 953 et
551 906 724 953 causarum
748 887 879 954 condita
902 888 1093 965 servabant3
1117 888 1160 952 ab
1184 886 1234 951 his
1251 887 1330 970 ipsis

127 993 434 1059 iurisconsultorum
458 995 565 1076 capsis
587 1012 654 1060 non
677 994 757 1059 salis
786 995 956 1061 custoditis
987 997 1132 1060 astutum
1165 993 1330 1058 hominem

128 1099 325 1183 sapientiam
342 1119 456 1165 eorum
473 1099 675 1183 compilasse,
699 1100 812 1167 Cicero
827 1102 915 1180 dicit,
939 1101 1047 1185 lepida
1063 1104 1158 1165 utens
1178 1100 1329 1183 imagine.

128 1205 210 1290 (Cic.
233 1207 340 1272 Diviu.
363 1207 398 1272 iu
421 1208 505 1274 Casa.
532 1209 583 1286 16,
607 1207 666 1272 51:
695 1206 780 1272 Mihi
807 1229 902 1294 quom
925 1208 1033 1273 moitis
1055 1205 1232 1271 custodibus
1254 1225 1331 1290 opus

127 1315 200 1397 erit,
224 1315 254 1378 ci
275 1320 305 1378 te
326 1315 420 1378 seruet
443 1313 488 1379 od
510 1335 596 1379 meos
618 1335 732 1399 capsas
755 1309 985 1396 admisero?)¹)

219 1419 255 1486 G.
282 1420 333 1498 14,
357 1420 411 1485 31.
458 1419 603 1485 Asiatica
626 1420 713 1486 bella
734 1440 801 1487 non
825 1419 1079 1487 comtemnenda
1102 1438 1184 1497 esse,
1215 1418 1329 1485 Cicero

126 1526 290 1592 maiorum
314 1526 441 1592 iudiciis
465 1526 668 1609 comprobat,
692 1528 836 1592 maxime
860 1526 1010 1609 exemplo
1034 1525 1109 1591 belli
1129 1525 1328 1592 Antiochioi:

126 1634 220 1698 cuius
242 1633 315 1698 belli
330 1635 428 1698 oiotor
446 1631 485 1697 L.
503 1631 619 1717 Scipio,
636 1640 738 1718 parta
760 1655 830 1698 oum
848 1634 959 1698 [tellio
972 1632 1079 1716 fratrc
1093 1633 1210 1718 plotio,
1234 1654 1329 1719 qnam

126 1738 257 1804 laudem
291 1740 355 1822 ille,
390 1739 509 1823 Africo
542 1760 701 1825 oppresso,
735 1742 915 1825 copnomine
943 1741 1010 1825 ipso
1037 1760 1107 1824 proe
1134 1760 1167 1804 so
1194 1738 1327 1822 serebat,

126 1845 262 1910 eandm
284 1846 336 1910 iric
358 1846 420 1912 sibi
443 1867 480 1911 en
502 1846 591 1910 Asioe
613 1847 738 1911 nominc
764 1849 907 1931 sompait.
952 1847 1066 1928 Neque
1095 1849 1225 1928 partam
1256 1864 1328 1911 esse

126 1950 266 2035 gloriam
288 1972 371 2036 opus
395 1956 467 2018 erat
488 1952 596 2018 dicere
618 1971 734 2036 neque,
770 1972 910 2036 quocum
939 1972 1013 2019 eam
1036 1953 1072 2016 L.
1096 1951 1203 2034 Scipio
1226 1969 1328 2034 pepe·

125 2059 237 2136 risset,
271 2059 447 2142 quicquam
478 2060 521 2125 ad
552 2078 621 2123 rem
654 2059 916 2143 sententiamque
945 2058 1141 2143 pertinebat.
1187 2056 1253 2122 Sed
1274 2057 1328 2123 hic

127 2185 259 2249 quoque
283 2165 411 2231 oodices
433 2165 522 2231 aliud
546 2165 681 2232 subesse
704 2170 905 2243 monstrant3
927 2185 1005 2231 nam
1029 2166 1063 2231 in
1080 2165 1232 2230 omnibus
1249 2163 1327 2247 (Pa-

126 2271 248 2348 latinis,
272 2271 365 2350 Oxx,
389 2272 491 2352 Parr,
515 2272 727 2355 Steinmetzii)
750 2275 991 2358 scriptumest:
1016 2271 1055 2336 L.
1073 2270 1188 2356 Scipio,
1211 2272 1241 2336 si
1263 2292 1327 2357 quo

124 2384 226 2462 porto
248 2399 318 2442 eum
341 2379 378 2467 R
400 2378 508 2461 fratre
528 2380 643 2464 ploria.
678 2379 893 2447 Scribendum
918 2384 982 2445 est:
1007 2379 1047 2444 L.
1073 2377 1187 2463 Scipio,
1212 2380 1326 2464 aequi·

120 2491 275 2569 parato
309 2506 379 2550 cum
413 2485 450 2550 P.
472 2485 580 2568 fratre
611 2485 727 2570 plotio,
762 2508 857 2572 quom
891 2487 1017 2551 laudem
1051 2487 1105 2550 iile
1138 2488 1199 2549 cet.
1256 2485 1325 2550 Iam

127 2592 240 2657 omnia
274 2595 352 2674 apta
386 2594 463 2657 sunt
495 2593 722 2675 sententiaque
756 2594 908 2658 cohaeret.
960 2594 996 2658 L.
1020 2592 1129 2675 Scipio
1160 2610 1254 2656 suam
1274 2574 1325 2656 'ex

127 2697 215 2763 bello
238 2698 381 2764 Asiatico
404 2699 541 2782 gloriam
564 2699 673 2765 fratris
697 2719 737 2764 ex
753 2699 908 2765 Africano
931 2700 1032 2783 gloria
1056 2719 1122 2765 non
1139 2699 1325 2764 inferiorem

127 2807 249 2888 putans
272 2805 386 2870 eodem
412 2807 610 2889 cognominis
629 2804 803 2888 splendore
820 2807 928 2872 ornari
947 2807 1056 2872 voluit.
1092 2805 1325 2890 AEquiparaudi

127 2909 266 2975 verbum
291 2911 406 2977 eodem
429 2913 528 2978 modo
551 2912 663 2978 Cicero
686 2912 739 2977 hic
761 2914 880 2994 posuit,
908 2914 1029 2996 quoin
1053 2913 1222 2978 Verr.lib.
1246 2913 1269 2992 l,
1293 2914 1325 2991 8,

128 3018 169 3081 21
201 3018 369 3100 sequendi:
404 3021 458 3083 oia
492 3040 562 3083 eum
595 3019 690 3083 iuius
711 3039 820 3103 parvo
842 3027 939 3104 porte
973 3022 1096 3104 equari
1128 3020 1326 3106 conferrique
1339 3034 1379 3074 ³⁷²

122 3144 226 3208 posse.
261 3124 408 3190 Brevitas
431 3125 486 3191 illa
509 3125 664 3191 orationis
687 3125 720 3189 in
744 3125 954 3208 comparandi
977 3126 1086 3191 verbis
1110 3124 1326 3213 (opiparam

126 3231 265 3316 ploriam
288 3253 358 3296 cum
381 3233 419 3297 P.
441 3232 548 3315 fratrc
570 3250 630 3314 pro
654 3251 702 3308 eo,
727 3232 814 3314 quod
838 3235 902 3296 est:
926 3253 995 3296 eum
1012 3232 1049 3297 P.
1066 3232 1186 3315 fratris
1206 3232 1324 3319 plotio)

127 3337 236 3403 notior
258 3342 308 3403 est
331 3358 429 3421 quam
454 3342 490 3404 ut
514 3338 762 3403 commemorari
786 3339 914 3403 debeat.
950 3336 1107 3420 (Klotzius
1123 3341 1176 3405 hic
1195 3359 1325 3423 quoque

128 3443 236 3526 ipsum
260 3444 410 3510 codicum
432 3444 587 3510 mendum
611 3441 788 3527 probarit.)

218 3549 331 3628 (1.40,
354 3551 409 3617 86.
456 3551 533 3630 Qum
555 3570 650 3635 quum
673 3552 720 3615 ita
749 3551 823 3631 not,
858 3550 987 3634 iudices,
1016 3555 1160 3637 primum
1188 3555 1237 3617 rei
1259 3574 1323 3637 pu·

128 3655 217 3721 otico
240 3676 338 3721 causa
361 3691 404 3703 —
427 3676 480 3721 ooo
503 3691 542 3701 -
568 3677 675 3720 moneo
699 3692 738 3702 —
763 3657 871 3720 hortor
894 3693 936 3703 -
959 3658 1099 3742 obtestor,
1128 3666 1163 3723 ut
1190 3662 1261 3742 otio,
1291 3668 1324 3724 nt

123 3763 211 3846 poci,
246 3770 281 3826 ut
308 3764 416 3845 smmi,
450 3771 485 3827 ut
513 3764 585 3827 vitoe
613 3770 722 3827 vestrm
751 3771 778 3826 ct
806 3770 977 3828 canorum
1000 3768 1114 3830 ciuium
1137 3767 1324 3848 consulatis

128 3868 243 3932 deinde
266 3889 320 3954 epo
340 3869 436 3952 fidem
459 3877 605 3951 vestram,
634 3869 681 3932 vel
709 3868 885 3951 defensoris
908 3879 936 3935 et
959 3874 1055 3936 amici
1077 3872 1181 3956 officio
1204 3873 1323 3938 adduc·

156 4078 180 4147 ¹)
197 4081 285 4135 Paulo
309 4088 374 4137 ante
396 4081 571 4136 scribendum
596 4097 656 4135 esse
679 4097 743 4135 cum
766 4087 844 4150 parte
867 4083 991 4138 codicum
1014 4087 1131 4154 stipulis
1153 4086 1247 4139 dicim
1269 4089 1323 4140 odi·

200 4173 313 4235 scendis,
332 4171 587 4226 manifestissimum
606 4175 654 4223 est.
683 4170 792 4224 Flavius
811 4187 866 4225 non
885 4174 971 4227 semel
990 4174 1164 4243 descripsisse
1183 4173 1267 4228 fastos
1286 4174 1323 4227 di·

200 4258 278 4323 citnr,
297 4260 345 4313 sed
363 4259 484 4328 singulos
497 4259 554 4312 dies
567 4257 651 4311 fastos
664 4259 847 4328 nefastosque,
866 4260 914 4329 qni
927 4262 1081 4327 ederentur,
1100 4263 1200 4316 sensim
1214 4268 1324 4317 notasse

176 4347 411 4417 ·edidicisseque;
439 4347 478 4401 sic
496 4362 583 4416 quum
601 4363 698 4401 omnes
721 4352 851 4412 notasset,
879 4348 963 4403 fastos
986 4351 1168 4419 proposuisse,
1195 4367 1251 4405 non
1269 4351 1323 4405 edi·

199 4437 314 4490 scandos
338 4436 447 4506 populo,
475 4435 522 4490 sed
541 4451 556 4488 e
575 4435 682 4504 quibus,
710 4435 817 4503 quoties
840 4438 901 4505 quis
924 4439 1014 4507 vellet,
1042 4440 1147 4494 dierum
1166 4439 1323 4493 discrimina

199 4530 381 4594 cognosceret.
