2956 5190
707 318 769 382 267

100 538 118 553 ·
139 513 324 576 necessario
355 510 541 594 frequenter
572 512 604 575 in
636 531 674 576 ea
706 514 879 588 incurram,
914 532 988 594 quae
1019 513 1204 594 singulatim
1237 516 1333 577 antea

138 617 214 695 dixi,
250 637 416 700 unamque
446 621 480 682 41
506 618 644 683 alteram
673 622 833 700 praeterea
857 619 1117 684 emendationem
1141 639 1334 701 proponere.

134 722 284 791 Primum
307 726 405 808 igitur
427 726 595 807 Zumptius
620 725 848 790 auctoritatem
878 725 1024 790 codicum
1049 725 1332 790 Ciceronianorum

100 840 108 849 '
135 831 324 897 auctoritati
347 836 494 896 veterum
517 831 803 915 grammaticorum
828 832 1014 912 anteposuit
1037 830 1107 913 (cfr.
1133 832 1174 896 ad
1192 832 1332 897 Divinat.

137 937 189 1016 19,
214 937 282 1019 62),
306 939 376 1003 iure
399 937 541 1020 quidem,
566 942 726 1019 quatenus
747 938 787 1002 de
804 938 881 1019 ipsis
899 939 1015 1002 horum
1035 938 1199 1002 codicibus
1216 957 1333 1019 parum

133 1045 301 1110 interdum
326 1048 453 1110 constat
475 1049 508 1109 et
531 1044 572 1108 de
596 1044 716 1108 citandi
740 1044 920 1126 diligentia3
955 1043 1014 1108 sed
1042 1046 1075 1108 in
1104 1064 1143 1108 ea
1171 1064 1207 1108 re
1235 1044 1333 1126 paulo

133 1149 263 1233 longius
291 1171 490 1233 progressus,
525 1151 621 1215 nimis
656 1151 689 1214 in
724 1150 846 1231 aliquot
881 1150 959 1214 locis
987 1150 1075 1214 illam
1105 1150 1332 1215 auctoritatem

132 1256 270 1340 sprevit.
316 1255 452 1322 Ostendi
488 1257 564 1335 iam,
600 1258 794 1338 scripturam
831 1257 1016 1321 coniectura
1051 1258 1266 1339 excogitatam
1296 1256 1333 1336 (l,

136 1362 190 1441 15,
216 1362 272 1444 39)
295 1362 425 1429 Asconii
455 1362 523 1446 (qui
552 1360 681 1444 dicitur)
711 1367 743 1427 et
770 1363 944 1444 Augustini
971 1365 1164 1427 auctoritate
1193 1363 1332 1438 firmari;

132 1468 215 1535 alibi
239 1467 324 1551 (Act.
349 1470 372 1546 l,
396 1470 426 1546 6,
454 1471 504 1547 16,
529 1469 598 1534 Lib.
622 1469 645 1547 l,
671 1470 723 1547 33,
748 1470 801 1545 83,
825 1468 881 1551 al.)
911 1471 979 1551 ipse
1003 1471 1171 1551 Zumptius
1200 1469 1331 1534 Asconii

132 1575 365 1640 auctoritatem
390 1576 554 1641 codicibus
577 1575 765 1658 praeposuit.
811 1575 965 1640 Similiter
993 1576 1140 1640 codicum
1164 1576 1332 1657 scripturis

133 1685 294 1765 praestare
316 1683 511 1764 scripturam
536 1683 624 1764 apud
647 1683 877 1765 grammaticos
905 1687 1067 1764 repertam
1100 1683 1217 1746 evincit
1246 1702 1331 1746 nunc

133 1789 284 1853 cumbis
312 1788 435 1854 faciens
460 1789 566 1854 codex
589 1790 765 1853 Vaticanus
794 1790 827 1852 in
850 1789 922 1854 libr.
946 1789 969 1865 l,
997 1790 1051 1866 47,
1083 1789 1145 1853 123
1174 1787 1243 1870 (iste
1272 1808 1332 1869 pro

133 1893 175 1976 is)
201 1898 233 1959 et
255 1896 309 1972 48,
342 1895 404 1959 125
433 1893 480 1977 (iu
509 1915 562 1958 eas
589 1894 776 1960 hereditates
803 1915 863 1977 pro
888 1887 1019 1976 adeas)
1043 1894 1151 1971 4152,
1185 1895 1247 1958 138
1278 1892 1331 1976 (ex

132 2022 200 2085 quo
223 2003 293 2068 loco
316 2005 436 2084 praeter
458 2001 660 2066 Priscianum
690 2004 788 2066 etiam
819 2002 993 2083 Pompeius
1022 2002 1253 2083 grammaticus
1282 2002 1330 2063 iu-

131 2109 317 2172 humaniter
339 2106 447 2190 eitat);
482 2107 634 2190 idemque
657 2108 712 2173 lib.
737 2108 760 2185 l,
789 2108 936 2185 42109
965 2127 1098 2189 prorsus
1127 2126 1200 2171 eam
1229 2107 1331 2187 scrip·

132 2218 243 2280 turam
277 2215 462 2292 confirmat,
498 2234 597 2296 quam
631 2215 665 2278 in
700 2214 819 2295 disput.
849 2214 890 2278 de
918 2215 1036 2278 Ascon.
1065 2234 1097 2295 p.
1121 2215 1164 2277 46
1194 2217 1260 2278 not.
1292 2233 1330 2276 ex

132 2321 265 2386 Asconii
288 2321 429 2386 editione
453 2321 647 2386 sumendam
672 2320 747 2398 dixi,
783 2339 923 2402 quacum
953 2323 986 2384 in
1009 2321 1183 2385 verborum
1207 2319 1330 2400 ordine,

132 2427 224 2510 quod
254 2431 356 2509 caput
378 2428 441 2492 hoc
470 2428 541 2492 loco
571 2429 631 2504 est,
667 2426 873 2490 consentiunt
901 2427 1097 2503 Priscianus,
1133 2426 1328 2508 Stephanus,

132 2533 324 2609 Lambinus,
356 2523 558 2616 codicesque,
594 2533 627 2597 ni
651 2532 756 2608 fallor,
792 2532 956 2597 Guelferb.
980 2534 1069 2614 prior
1092 2537 1125 2596 et
1148 2531 1330 2607 Leidensis;

131 2659 192 2704 cur
215 2640 400 2704 necessaria
423 2641 473 2717 sit,
504 2641 549 2704 ibi
572 2639 653 2715 dixi3
688 2641 721 2703 in
744 2639 885 2721 Zumptii
908 2640 1078 2720 scriptura,
1108 2658 1207 2721 quam
1231 2637 1331 2702 miror

131 2746 233 2810 etiarn
257 2746 385 2827 cognita
412 2746 560 2810 Vaticani
588 2746 748 2828 scriptura
777 2765 852 2809 eum
881 2746 1050 2828 probasse,
1086 2744 1330 2827 languidissima

130 2855 183 2916 est
205 2851 366 2934 generalis
390 2852 565 2916 affirmatio
594 2854 627 2916 et
656 2851 756 2927 salsa3
791 2872 868 2916 nam
904 2853 1070 2917 debebant
1105 2871 1218 2916 omnes
1253 2855 1329 2914 ante

130 2961 207 3023 acta
241 2960 314 3022 rata
349 2976 421 3022 esse
455 2959 534 3040 pati,
569 2977 635 3022 non
662 2959 731 3039 pati
760 2978 884 3036 omnes
919 2959 1027 3023 Verris
1051 2958 1157 3023 scelus
1181 2957 1330 3038 exemplo

130 3068 214 3130 erat.
261 3063 374 3147 ltaque
406 3064 562 3141 nondum,
583 3064 699 3129 abiicio
731 3066 764 3129 in
795 3065 867 3129 libr.
891 3065 914 3141 l,
950 3066 1002 3141 56,
1041 3066 1101 3129 147
1134 3065 1329 3146 scripturam

129 3171 264 3236 Asconii
287 3171 482 3254 manupretii
505 3170 663 3248 maehina,
699 3171 759 3236 etsi
783 3192 802 3235 a
825 3172 982 3236 Vaticano
1005 3191 1070 3236 non
1094 3171 1330 3242 confirmatam,
1346 3183 1385 3223 ³2⁹

130 3297 233 3360 quam
269 3277 448 3359 Zumptius,
483 3285 520 3340 ut
555 3275 703 3350 Orellius,
739 3278 945 3359 improbavit,
981 3277 1069 3360 quod
1103 3279 1136 3341 in
1171 3277 1329 3358 corruptis

129 3385 264 3450 Asconii
289 3383 484 3449 editionibus
508 3383 664 3447 machinae
686 3384 748 3466 legi
766 3384 907 3460 videbat,
932 3386 1027 3449 unius
1044 3388 1155 3448 autern
1171 3383 1332 3448 machinae

129 3492 332 3556 mentionem
358 3490 420 3556 loci
443 3510 576 3555 sensum
600 3491 777 3572 postulare.
812 3491 890 3556 Mihi
913 3492 1044 3573 quidem
1062 3491 1221 3574 genitivus
1239 3509 1331 3571 pror-

128 3617 188 3663 sus
214 3596 420 3662 necessarius
443 3596 572 3660 videtur
595 3596 637 3660 ad
660 3600 857 3662 structuram
882 3600 957 3679 post
984 3598 1040 3662 illa
1069 3605 1191 3661 tautum
1219 3597 1332 3679 operis,

129 3710 285 3789 quantum
308 3723 412 3787 operae
434 3702 587 3767 mercedis
608 3704 757 3781 tuterunt,
781 3704 950 3768 interiecta
973 3704 1134 3785 particula
1158 3711 1194 3780 et,
1227 3703 1333 3767 nomi-

128 3810 262 3874 nativus
290 3813 404 3874 contra
427 3810 525 3891 plane
547 3829 614 3874 non
630 3809 821 3891 procedere,
845 3811 976 3892 genitivi
996 3830 1015 3875 a
1032 3811 1192 3875 vocabulo
1208 3810 1333 3891 regenti

129 3915 283 3981 disiunm
316 3916 419 3981 facilis
450 3920 521 3980 erat
553 3917 726 3998 corruptio.
735 3911 761 3997 ¹)
814 3916 850 3980 ln
881 3916 1020 3980 Divinat.
1054 3917 1193 3998 denique
1226 3935 1253 3980 c.
1280 3916 1331 3987 14,

203 4128 317 4198 figurate
336 4146 394 4183 ram
414 4129 535 4198 aliquam
554 4127 607 4181 illis
625 4129 690 4182 solis
709 4127 799 4182 verbis
824 4136 853 4181 ut
879 4156 910 4164 -
935 4132 1094 4197 cepnaeiate's
1117 4127 1281 4197 significasse
1306 4134 1334 4181 et

203 4222 272 4282 tum,
292 4218 369 4286 quasi
388 4234 604 4272 commemorare
623 4217 716 4281 nollet,
735 4216 867 4281 omisisse,
887 4233 938 4271 nec
950 4218 1007 4272 ulla
1019 4217 1157 4271 sufficiam
1172 4216 1333 4285 significatio

203 4304 291 4359 estin
311 4305 343 4360 iis
362 4306 452 4361 verbis
471 4312 498 4360 et
518 4307 576 4360 eius
594 4305 688 4376 fimum
706 4305 767 4360 aliea
789 4312 855 4360 sunt
874 4305 969 4360 formoe
987 4311 1015 4360 et
1039 4314 1221 4359 cumulamen
1243 4311 1334 4373 postu·

203 4392 250 4458 lat,
269 4398 301 4447 ut
319 4394 421 4464 aliquid
440 4395 552 4464 coeperit
571 4394 669 4460 dicere,
688 4394 723 4448 ad
742 4395 815 4463 quod
834 4395 936 4449 redeat.

160 4477 182 4547 ¹)
200 4481 286 4536 Paulo
305 4489 369 4538 ante
393 4485 560 4539 sententiam
584 4484 673 4538 illam:
702 4485 790 4553 Lapis
817 4485 905 4553 aliqui
931 4486 1072 4539 cauendus
1095 4492 1119 4538 et
1143 4484 1332 4553 apportandus

201 4573 256 4637 suit
275 4575 400 4626 machina
417 4591 478 4639 sua,
496 4573 640 4641 Zumptius
658 4588 713 4627 non
732 4578 805 4627 recte
824 4573 954 4628 adversus
967 4571 1122 4628 Ernestium
1141 4577 1242 4637 tuetur,
1262 4571 1334 4626 diffi-
