2956 5190
699 266 762 330 51?

129 460 175 525 de
199 480 263 542 qua
287 459 399 526 Cicero
422 461 573 543 loquitur,
597 460 629 524 in
655 480 693 525 eo
716 463 822 544 posita
846 465 926 537 erat,
957 462 1044 544 quod
1067 464 1159 527 extra
1183 482 1329 527 commu·

128 586 208 631 nem
244 567 408 632 civitatem
444 586 583 648 eamque
617 569 747 646 urbem,
789 566 862 650 quae
897 569 967 633 eius
1001 572 1100 651 caput
1134 573 1204 634 erat
1239 568 1329 652 (nam

130 672 299 738 civitatem
321 673 472 751 Romani,
502 674 638 756 antiqua
660 675 792 739 notione
815 677 953 751 retenta,
983 695 1018 739 re
1041 678 1178 754 mutata,
1209 676 1251 740 ad
1274 696 1329 741 ur·

129 780 219 856 bem,
254 799 320 845 non
351 782 480 845 tantum
504 780 546 844 ad
569 800 639 845 rem
663 780 828 862 publicam
851 781 1037 846 Romanam
1062 783 1254 865 cogitatione
1278 804 1329 849 re·

130 884 311 968 ferebant),
357 887 420 952 alia
461 891 554 952 erant
593 887 714 969 oppida
754 892 786 952 et
827 892 931 952 coetus
972 909 1099 966 eorum,
1149 891 1204 971 qui
1245 890 1330 955 illius

129 993 314 1057 communis
348 993 486 1058 civitatis
522 999 554 1058 et
587 993 678 1059 urbis
714 998 747 1058 et
780 995 826 1058 rei
855 995 994 1077 publicae
1023 997 1196 1080 participes
1226 1001 1329 1062 erant.

128 1098 240 1165 Huius
263 1099 401 1164 similem
425 1100 502 1165 dicit
524 1101 635 1176 fuisse,
658 1121 724 1166 non
749 1121 823 1165 eum
840 1106 972 1179 statum,
998 1102 1052 1184 qui
1074 1107 1148 1184 post
1163 1103 1330 1169 Theseum

129 1211 166 1270 et
188 1207 392 1271 Athenarum
416 1211 590 1283 συνοικισμόν
614 1207 712 1272 luerit
735 1207 825 1290 (narn
854 1228 954 1289 quum
979 1228 1019 1273 ex
1042 1209 1127 1291 agris
1151 1210 1331 1293 demigras-

128 1317 206 1377 sent
240 1317 272 1378 et
306 1314 339 1378 in
375 1318 448 1379 astu
482 1334 518 1378 se
553 1315 778 1390 contulissent,
814 1315 893 1378 nulli
928 1319 1022 1379 erant
1057 1320 1148 1381 extra
1183 1318 1330 1382 Athenas

129 1423 246 1497 coetus,
271 1420 326 1502 qui
350 1421 598 1503 municipiorum
621 1421 742 1485 similes
771 1419 893 1501 essent)
903 1416 939 1501 ¹),
972 1422 1031 1486 sed
1055 1442 1140 1501 eum,
1175 1424 1330 1505 quiante

130 1526 299 1591 Theseum
323 1527 445 1605 fuisset,
482 1547 582 1609 quum
611 1546 724 1591 omnes
753 1526 884 1609 quidem
912 1528 1030 1593 Atticae
1053 1528 1166 1594 incolae
1189 1531 1244 1594 uni
1268 1530 1330 1594 im·
1345 1547 1385 1587 1⁴⁷

128 1632 223 1714 perio
257 1637 411 1716 parerent
446 1654 610 1716 unamque
648 1653 718 1697 rem
754 1634 920 1716 publicam
954 1634 1114 1700 haberent
1149 1634 1209 1719 (sic
1244 1638 1330 1702 enim

129 1739 246 1805 Cicero
280 1759 348 1805 rem
385 1741 494 1805 animo
528 1740 734 1823 proponebat
772 1759 910 1822 eamque
951 1741 1110 1806 rationem
1150 1748 1331 1824 sequuntur

128 1846 336 1911 narrationes
360 1848 401 1912 de
416 1849 516 1930 AEgeo
540 1853 572 1912 et
595 1849 666 1929 ipso
684 1845 838 1929 Theseo),
863 1851 961 1929 caput
985 1846 1084 1912 etiam
1108 1849 1272 1930 quoddam
1298 1853 1330 1914 et

129 1951 246 2016 sedem
269 1954 395 2037 imperii
418 1955 576 2033 Athenas,
606 1955 664 2019 sed
688 1959 799 2019 tamen
822 1974 883 2019 sua
906 1954 1025 2036 quique
1049 1954 1180 2037 oppida,
1205 1955 1329 2020 duode-

131 2058 195 2122 cim
219 2058 274 2125 illa
298 2059 463 2143 Cecropia,
491 2081 568 2127 suos
597 2066 710 2138 coetus,
740 2081 817 2127 suas
842 2061 1002 2144 quasdam
1026 2060 1168 2124 minores
1191 2081 1244 2126 res
1267 2082 1329 2144 pu·

128 2164 235 2230 blicas
268 2171 418 2233 tenerent
451 2167 609 2251 (πρυτανεῖα
627 2175 673 2226 καὶ
690 2172 864 2245 βουλευτήρια
882 2175 927 2225 καὶ
946 2170 1048 2243 ἀρχάς,
1091 2186 1165 2248 quae
1199 2168 1329 2233 sublata

130 2271 210 2336 dicit
232 2272 427 2340 Plutarchus
451 2276 550 2341 Thes.
575 2275 641 2357 24).
688 2276 734 2340 Eo
757 2275 854 2357 igitur
882 2279 1030 2356 tempore
1058 2273 1156 2337 iidem
1180 2273 1329 2339 homines

130 2380 165 2442 et
189 2383 405 2446 communiter
426 2383 526 2447 Attici
550 2388 643 2447 erant
667 2380 745 2464 (non
768 2381 1002 2456 Athenienses;
1037 2400 1114 2444 nam
1144 2380 1205 2444 hoc
1234 2380 1329 2445 dissi·

129 2485 218 2561 mile,
248 2488 336 2568 quod
363 2489 502 2554 Athena
531 2509 596 2555 non
620 2510 735 2555 omnes
757 2508 816 2553 sua
841 2488 971 2552 civitate
995 2484 1329 2570 comprehendebant)

131 2596 165 2656 et
188 2596 366 2675 separatim
390 2616 485 2661 suam
509 2597 629 2679 quique
652 2597 812 2661 minorem
838 2594 979 2677 patriam
1003 2591 1181 2670 habebant,
1214 2612 1329 2675 quem·

130 2698 310 2765 admodum
334 2701 446 2767 Cicero
478 2706 511 2768 et
533 2703 703 2767 Romanus
735 2706 805 2767 erat
837 2706 870 2766 et
900 2701 1052 2782 Arpinas
1098 2699 1170 2764 Hoc
1195 2720 1214 2764 a
1237 2700 1328 2765 Cice·

129 2825 212 2870 rone
246 2807 368 2872 dictum
404 2828 475 2874 esse
509 2813 661 2892 apparet3
702 2813 734 2873 et
768 2808 875 2874 forma
908 2789 1040 2889 quidem
1074 2807 1229 2871 orationis
1262 2826 1328 2870 non

130 2912 271 2978 obscura
295 2917 345 2978 est
367 2915 401 2979 in
423 2915 474 2979 his
497 2915 593 2978 iidem
617 2921 645 2979 et
667 2914 780 2991 Attiou
804 2916 913 2996 priora
935 2915 1046 2978 insunt
1067 2913 1102 2976 in
1117 2913 1231 2978 litteris
1247 2935 1329 2998 eym-

125 3018 344 3103 piramidem,
379 3023 441 3085 nisi
470 3023 558 3104 quod
586 3022 683 3086 iidem
711 3023 777 3087 iam
800 3022 876 3086 inde
901 3019 1092 3085 dissolutum
1117 3022 1176 3083 est.
1223 3020 1328 3085 Facile

130 3129 244 3191 tamen
279 3128 450 3210 expeditur
483 3131 620 3193 verbum
655 3149 788 3212 prorsus
823 3128 1061 3205 necessarium,
1097 3128 1188 3191 cuius
1223 3127 1329 3209 prima

130 3236 260 3298 tantum
284 3233 391 3299 littera
415 3236 516 3313 deest,
546 3244 652 3312 crach
682 3237 714 3300 in
739 3234 848 3300 codice
872 3234 1004 3316 quidem
1028 3233 1208 3298 Hauniensi
1231 3233 1328 3315 plane

130 3340 348 3423 perscriptum
372 3347 432 3418 est,
457 3343 545 3423 quod
568 3342 663 3424 quale
687 3343 738 3418 sit,
771 3341 937 3424 intelliget,
972 3341 1027 3422 qui
1051 3340 1328 3419 animadverterit,

130 3445 164 3510 in
188 3447 258 3510 aliis
282 3448 376 3512 codd.
405 3448 501 3514 scribi
530 3449 786 3533 symfrontidcm,
823 3449 929 3513 littera
958 3448 997 3524 F3
1033 3466 1072 3511 ea
1106 3467 1207 3529 quum
1243 3452 1329 3512 esset

130 3556 204 3617 orta
233 3572 272 3617 ex
300 3554 336 3632 Ε,
371 3557 461 3637 prius
495 3555 574 3619 illud
608 3576 686 3639 sym,
722 3555 810 3636 quod
845 3555 956 3619 Graece
992 3573 1109 3618 sonare
1144 3554 1327 3633 videbatur,

131 3658 280 3724 Graecam
315 3661 457 3726 litteram
492 3666 525 3726 et
558 3666 741 3726 monstrum
776 3661 926 3725 vocabuli
960 3662 1080 3743 genuit.
1137 3661 1254 3725 Restat
1288 3680 1328 3726 ea

130 3766 317 3849 appellatio,
353 3789 426 3851 quae
457 3770 620 3834 contraria
651 3787 722 3833 esse
753 3767 852 3831 debet
876 3768 1040 3832 communi
1062 3768 1245 3832 Atticorum
1268 3787 1329 3832 no·

130 3872 220 3949 mini,
252 3894 311 3956 pro
335 3895 400 3957 qua
424 3876 550 3940 codices
573 3876 698 3940 habent
720 3895 799 3958 aym,
823 3875 883 3941 εἰη.
919 3875 993 3949 alia,
1029 3874 1226 3939 Hauniensis
1249 3876 1329 3938 siliis

131 3975 182 4059 (ut
205 3980 356 4063 videtur).
402 3983 450 4047 Ac
474 3981 619 4047 Turnebi
644 3981 776 4063 quidem
800 3981 995 4058 coniectura,
1025 3981 1080 4062 qui
1105 3979 1199 4043 Sunii
1227 3980 1329 4061 scrip·

159 4258 181 4329 ¹)
200 4264 293 4319 Cicero
312 4265 423 4335 quidem
442 4266 525 4321 etiam
544 4267 626 4335 paulo
645 4265 706 4334 plus
725 4265 790 4318 dicit
808 4281 891 4351 quam
915 4264 1016 4318 veritas
1039 4263 1099 4328 lert,
1124 4268 1256 4333 tanquam
1280 4265 1329 4317 ho·

201 4354 308 4408 minum
327 4356 416 4410 omnis
435 4355 583 4410 multitudo
601 4359 698 4424 postea
716 4354 744 4408 in
763 4353 832 4408 urbe
854 4358 988 4422 perpetuo
1010 4352 1121 4411 vixerit;
1149 4352 1231 4407 nimis
1254 4353 1328 4407 enirn

200 4444 299 4511 pressit
321 4445 461 4499 notionem
486 4448 533 4494 τοῦ
551 4445 727 4512 συνοικισμοῦ
751 4447 779 4497 et
806 4442 970 4496 narrationis
997 4442 1031 4494 de
1058 4441 1164 4496 Theseo
1187 4443 1329 4512 vulgarem

202 4533 320 4586 colorem
339 4533 465 4588 reddidit.
