2948 5206
629 337 694 404 705

57 534 224 600 sententia
247 532 365 610 dicam,
390 553 464 615 quae
486 551 640 615 perversa
665 540 724 609 est,
758 532 931 610 civitatem,
961 535 988 597 si
1012 554 1169 617 prospero
1192 555 1265 601 suc-

59 662 156 707 cessu
191 643 317 718 utatur,
358 639 519 704 infelicem
554 639 720 703 infirmum
754 638 902 703 reddere.
959 638 1073 722 ltaque
1108 645 1196 707 recle
1230 643 1264 708 in

59 749 173 814 codice
208 747 234 811 B
269 746 421 811 scribitur
455 753 635 822 σασιαχοῡσα.
693 747 762 810 lam
796 746 858 811 hoc
893 746 956 811 dici
991 751 1144 829 apparet,
1184 750 1263 814 certi

60 855 233 920 cuiusdam
257 858 316 918 aut
339 852 479 918 hominis
503 855 560 916 aul
582 851 753 917 hominurn
781 855 909 936 generis
938 851 1042 936 (cuius
1071 855 1264 939 significatio

60 962 146 1027 inest
168 962 203 1025 in
223 960 384 1026 vocabulo
402 962 450 1017 τὸν
468 956 643 1040 εὐτυχοῦντα)
666 978 745 1041 opes
769 979 790 1024 a
813 959 944 1024 fortuna
962 960 1101 1027 civitatis
1118 962 1165 1027 ita
1181 983 1263 1045 pen·

61 1069 151 1146 dere,
180 1071 227 1145 ut,
257 1086 296 1132 ea
319 1066 465 1142 florente,
501 1068 693 1148 augeantur,
728 1065 836 1130 minus
859 1086 1027 1148 prospera,
1063 1067 1262 1134 minuantur.

58 1176 162 1257 Atqui
185 1174 247 1240 hoc
271 1174 354 1239 falso
378 1173 419 1236 de
442 1181 497 1237 τοῖς
515 1176 658 1248 εὐτυχοῦσι
681 1172 754 1250 dici,
778 1173 986 1255 perspicuum
1010 1177 1106 1251 esset,
1135 1175 1263 1240 etiamsi

58 1282 216 1347 indicium
239 1300 305 1345 non
328 1281 452 1345 faceret
473 1282 661 1361 anapestus
690 1279 724 1343 in
746 1282 864 1360 quarta
886 1279 975 1344 sede.
1021 1280 1079 1345 1113
1107 1300 1185 1346 vera
1214 1286 1265 1348 est

59 1389 234 1466 sententia,
258 1387 292 1451 in
316 1407 401 1465 eum,
431 1386 486 1470 qui
510 1385 632 1450 civitati
655 1387 776 1467 praesit,
805 1387 851 1450 ita
873 1386 971 1469 vulgo
993 1387 1121 1452 animos
1145 1388 1263 1454 civium

62 1497 199 1561 affectos
231 1514 311 1572 esse,
347 1497 398 1572 ut,
434 1491 592 1576 quamdiu
625 1512 678 1556 res
713 1512 754 1556 ex
787 1496 864 1557 voto
898 1493 1089 1572 succedant,
1125 1495 1264 1560 libenter

60 1602 174 1667 omnia
197 1603 225 1666 ei
250 1600 451 1683 permittant,
475 1599 503 1664 si
526 1619 621 1665 secus
644 1599 724 1681 quid
746 1599 910 1678 acciderit,
942 1600 983 1664 de
1006 1603 1171 1682 potestate
1194 1603 1264 1667 eius

60 1709 248 1773 detrahant.
299 1708 413 1790 ltaque
441 1726 501 1788 pro
529 1705 701 1788 participio
729 1708 892 1781 εὐτυχοῦντα
920 1706 1185 1772 substituendum
1214 1712 1264 1773 est

58 1813 269 1897 participium
292 1815 367 1895 post
390 1812 557 1880 elisionem
581 1812 805 1895 dissyllabum,
830 1831 850 1876 a
874 1832 1017 1877 consona
1032 1812 1190 1896 incipiens
1214 1813 1265 1896 (ut

58 1926 106 1980 niv
128 1918 352 2004 producatur),
383 1923 442 1985 aut
464 1919 687 2002 trissyllabum
712 1938 732 1983 a
755 1920 859 1985 vocali
883 1920 974 1984 brevi
997 1921 1138 2000 ordiens,
1175 1922 1286 2004 quod,

60 2029 179 2094 ducem
203 2031 236 2092 et
258 2027 452 2110 praelectum
475 2025 615 2091 civitatis
638 2025 812 2108 significet:

275 2201 376 2271 Πατρὶς
394 2201 482 2259 καλαῖς
500 2199 653 2270 πράσσουσα
671 2197 717 2252 adr
734 2198 878 2269 κρατοῦντ’
895 2197 937 2252 ἀεὶ

273 2291 357 2359 μείζω
375 2297 474 2354 τίθησι,
495 2291 665 2362 decretoriae
684 2286 713 2341 δ’
730 2285 845 2353 ἀσθενῆ.

58 2454 134 2519 Non
161 2453 344 2517 litterarum
372 2450 582 2518 similitudine
616 2472 677 2517 nec
711 2452 879 2517 oculorum
914 2471 1033 2529 errore,
1068 2452 1129 2517 sed
1162 2453 1262 2517 animi

59 2559 223 2626 oblivione
251 2558 465 2623 substitutum
488 2561 650 2635 εστυχεῦνια
672 2560 772 2624 traxit
800 2558 847 2642 (in
875 2559 980 2625 altero
1009 2555 1133 2639 codice)
1162 2560 1264 2624 etiarn

61 2666 255 2734 δυστυχοῦντα.

148 2839 194 2925 m)
219 2841 373 2906 Eiusdem
397 2861 415 2906 e
437 2841 592 2907 Phoenice
616 2842 648 2926 (1
674 2844 815 2927 natta),
840 2845 929 2928 apud
953 2844 1138 2910 Stobaeum:

273 3014 427 3087 Μαχθηρόν
445 3016 519 3069 ἔστιν
536 3014 617 3085 ἀνδρὶ
635 3016 766 3089 πρεσβύτῃ
785 3023 865 3070 τέκνα

274 3107 389 3159 δίδωσιν
407 3104 478 3165 ὅστις
495 3103 590 3158 οὐκέθ’
608 3102 708 3174 cipeto:
726 3111 817 3178 γαμεῖ·

274 3196 405 3248 δέσποινα
423 3193 479 3265 γάρ
497 3198 608 3263 γέροντε
627 3201 738 3266 νυμφίῳ
756 3194 835 3265 γυνή.

59 3356 294 3439 Coniungenda
315 3356 387 3421 haec
405 3376 490 3421 esse:
514 3359 596 3432 ἀνδρὶ
614 3362 753 3436 πρεσβύτῃ,
771 3363 841 3423 ὅστις
860 3391 893 3403 -
912 3367 1003 3435 γαμεῖ.
1026 3361 1078 3425 vel
1095 3381 1261 3444 gramma·

58 3464 124 3528 tica
148 3463 231 3528 ratio
263 3462 409 3528 declarat
440 3468 473 3527 et
503 3465 704 3544 pronominis
730 3469 803 3530 aaa
829 3465 928 3530 locus.
974 3466 1022 3530 De
1053 3467 1261 3533 matrimonio

59 3569 157 3647 senis,
181 3589 247 3633 non
271 3569 311 3633 de
335 3569 444 3634 liberis
468 3570 537 3634 eius
561 3570 622 3652 agi,
647 3571 763 3636 tertius
781 3591 895 3636 versus
914 3573 1071 3650 ostendit3
1095 3594 1155 3639 nec
1173 3575 1261 3657 qnis-

60 3696 160 3758 quam
195 3686 272 3734 εεκνα
290 3682 405 3735 rtrum
422 3679 508 3752 εἰναρὶ
525 3680 669 3756 πρεσβύτῃ,
707 3678 768 3743 nisi
804 3678 887 3743 torte
922 3679 1107 3745 adullemm
1142 3681 1261 3746 scurri-

60 3783 134 3848 liter
165 3783 337 3865 signiticari
368 3784 529 3848 volumus.
575 3784 733 3866 Apparet,
767 3795 845 3844 ιεκνα
874 3787 1014 3851 vocativi
1049 3806 1120 3851 esse
1155 3806 1260 3861 casus,

60 3890 95 3953 in
118 3895 234 3947 δίδωσιν
263 3889 365 3955 latere
392 3891 645 3968 substantivum,
681 3891 769 3973 quod
797 3891 980 3959 subiectum
1010 3893 1052 3958 sit
1079 3895 1260 3972 sententia,

60 3996 159 4078 idque
186 3997 383 4061 matrimonii
410 3996 576 4061 notionem
611 3999 776 4063 continere
812 3998 943 4065 debere.
989 3999 1067 4064 Mihi
1101 4000 1167 4065 tale
1201 4021 1260 4065 no-

61 4122 137 4167 men
161 4102 432 4185 circumspicienti
455 4121 557 4167 unum
581 4123 617 4168 se
641 4103 769 4183 obtulit,
804 4109 842 4171 ut
865 4105 1054 4188 Euripidem
1082 4107 1128 4171 sic
1158 4106 1261 4188 scrip·

61 4209 143 4273 sisse
166 4210 366 4290 suspicarer:

275 4381 426 4455 Μσχθηρόν
444 4383 517 4436 ἐστιν
534 4383 618 4455 ἀνδρὶ
635 4383 773 4457 πρεσβύτῃ,
793 4391 900 4452 τέκνα,

276 4470 426 4543 ζῦγωσες,
445 4470 517 4533 ὅστις
535 4471 628 4527 ocaeca'
646 4472 745 4545 ὦραῒος
762 4478 854 4546 γαμεῖ,

1013 4581 1048 4637 45
