2948 5206
674 321 739 387 525

115 520 209 582 ertos
241 518 390 583 homines
419 519 612 600 perveniant
641 536 745 599 eaque
780 522 961 598 sequantur
995 518 1204 595 hereditates
1240 540 1306 585 non

115 641 168 687 um
193 624 278 688 civili
301 624 371 688 iure
395 628 428 688 et
449 623 655 688 testamentis
678 623 847 701 ordinatae,
871 624 931 687 sed
948 624 1137 705 pontificum
1156 623 1304 689 decretis.

115 727 252 796 leredes
287 730 435 813 pecuniae
471 730 571 794 etiam
606 750 700 795 sacra
735 731 900 812 suscipere
935 731 1112 812 pontifices¹
1141 731 1304 795 volebant.

115 834 281 903 Videamus
305 856 392 901 nunc
416 837 557 912 codices3
592 856 780 918 quanquam
811 856 923 901 eorum
954 837 1174 902 testimonium
1203 858 1306 920 prope

115 941 292 1009 obscuravit
315 963 382 1009 non
404 943 509 1009 solum
534 945 739 1025 superiorum
762 963 901 1025 pravum
925 944 1120 1019 institutum,
1147 944 1205 1008 sed
1228 944 1305 1009 Goe-

119 1052 205 1115 renzii
227 1049 390 1126 socordia;
425 1069 539 1114 ornnes
563 1049 649 1114 enirn
673 1053 797 1135 tacent;
832 1049 891 1113 sed
914 1050 1032 1114 Moseri
1057 1050 1193 1127 codices,
1216 1052 1305 1116 nullu

125 1161 251 1238 excepto,
275 1162 309 1222 et
333 1156 554 1221 vetustissima
577 1175 716 1237 quaeque
740 1156 838 1221 editio
862 1156 1002 1221 habent:
1027 1157 1110 1242 quod
1120 1144 1305 1241 povuifiiuru

128 1265 269 1343 puidam
293 1283 389 1327 sucro
412 1265 560 1347 coniunqi
582 1264 697 1340 «uolunt,
728 1282 768 1326 ex
798 1283 862 1344 quo
886 1263 1025 1327 efficitur
1048 1264 1136 1329 nullo
1159 1265 1304 1346 negotiu:

132 1368 195 1451 paud
210 1369 373 1453 pontificos
395 1391 465 1433 cum
483 1371 622 1452 pecunia
644 1391 739 1434 sucro
763 1372 911 1453 cantalupi
933 1371 1050 1434 uolunt.
1096 1370 1133 1434 ln
1149 1369 1305 1452 proximis

135 1474 216 1540 rerbis
237 1476 388 1555 editurae,
417 1476 547 1558 indigne
575 1476 723 1558 neglecta
753 1475 906 1540 facillima
935 1480 968 1541 et
990 1476 1161 1541 verissima
1183 1476 1305 1540 Davisii

136 1583 319 1649 surrectione:
344 1604 436 1668 quom
460 1591 503 1647 est
520 1584 656 1666 partitio
679 1603 738 1664 pro
762 1582 844 1667 quud
862 1604 887 1646 e.
901 1603 948 1666 p,
973 1583 1083 1648 mendi
1107 1588 1219 1649 notam
1243 1603 1303 1666 ap·

138 1704 229 1767 ponere
249 1689 454 1766 maluerunt3
479 1690 676 1754 contrarium
701 1709 777 1754 mox
800 1689 955 1753 refertur:
979 1691 1015 1753 iu
1037 1689 1215 1754 duratione.

202 1794 231 1860 C.
254 1796 306 1872 22,
330 1798 373 1862 56
407 1797 546 1861 Orellius
582 1796 632 1873 ,in
664 1796 734 1861 loco
766 1796 885 1877 alioqui
917 1797 1108 1878 desperato“
1143 1796 1304 1878 recepisse

139 1917 163 1961 se
181 1900 217 1965 ait
239 1903 418 1985 „egregiam
443 1904 561 1969 Moseri
586 1904 851 1980 correctionem,
880 1903 927 1966 sic
950 1902 1135 1967 scribentis:
1172 1903 1304 1968 Eudoru-

139 2024 180 2087 φο
196 2010 252 2073 rita
273 2012 306 2073 iu
331 2030 365 2073 eo
388 2011 538 2093 sepulcro,
563 2031 621 2094 quo
644 2008 733 2073 licead
750 2010 864 2093 procul
887 2031 908 2072 α
927 2008 1021 2072 Fumi
1039 2031 1100 2073 uro
1124 2031 1225 2094 rupem
1250 2033 1359 2074 rto-15⁷
1401 2014 1408 2024 “

139 2117 213 2176 urum
232 2116 369 2181 Numam
392 2116 770 2199 currditumuccepimus:
802 2122 982 2200 parilemque
1007 2115 1186 2180 Cornelium
1209 2139 1305 2202 usque

140 2215 348 2288 admemoriam
364 2232 504 2288 nostrum
520 2223 579 2287 truc
594 2223 757 2306 aeprulturu
778 2224 894 2287 scimus
914 2243 978 2287 ease
997 2243 1098 2287 usaria.
1133 2222 1301 2305 Egregium

140 2330 207 2390 uero!
230 2329 261 2393 in
288 2350 355 2412 qua
379 2332 484 2412 quivis
506 2330 754 2412 grammaticam
779 2330 934 2394 orationis
957 2332 1155 2394 structuram
1178 2334 1303 2412 pertur-

141 2425 223 2498 batam
244 2436 492 2513 animadvertat,
529 2437 683 2519 quoniam
714 2437 757 2501 ad
785 2437 855 2501 illa:
891 2435 1069 2520 bbdemque
1101 2436 1168 2499 ritu
1203 2437 1236 2499 iu
1271 2456 1304 2500 eo

140 2539 248 2616 &rubro
270 2548 345 2625 post
368 2544 538 2608 relatiuam
562 2545 759 2608 sententiam
784 2543 1008 2624 interpositam
1038 2540 1117 2606 nihil
1147 2541 1303 2615 redditur,

141 2635 220 2721 idque,
250 2651 337 2730 quod
361 2650 472 2715 Cicero
496 2650 603 2715 dicere
626 2650 767 2715 volebat.
804 2649 919 2714 eodem
943 2650 1004 2712 ritu
1029 2649 1172 2712 Numam
1195 2651 1303 2732 sepul-

140 2745 190 2811 lun
209 2772 281 2831 esse,
318 2759 398 2821 scite
426 2758 615 2822 occultetur.
662 2757 774 2837 ltaque
804 2756 891 2837 quod
915 2775 990 2818 rere
1015 2755 1179 2837 egregium
1203 2756 1303 2838 Wag-

140 2856 191 2918 nen'
209 2860 369 2929 inventum
393 2863 433 2928 de
457 2863 550 2929 Fonti
575 2883 632 2927 ara
661 2863 807 2928 Moserus
840 2862 882 2926 ad
914 2881 1026 2926 uocem
1055 2863 1167 2945 proceri
1197 2868 1230 2927 et
1261 2865 1302 2927 ael

140 2952 235 3033 uuas
257 2970 525 3045 accommodavit,
551 2991 571 3032 u
596 2969 690 3032 Fului
714 2991 775 3032 uro
798 2969 954 3045 scribens,
979 2969 1012 3032 id
1031 2970 1246 3051 accipiamus;
1270 2971 1302 3034 in

140 3071 225 3138 ueteris
246 3077 341 3142 aliam
366 3077 452 3141 uiam
476 3075 601 3158 ingredi
624 3077 781 3159 cogimur.¹
825 3077 861 3140 ln
885 3075 1050 3140 codicibus
1074 3075 1125 3157 (ut
1148 3097 1188 3140 ea
1206 3078 1302 3141 omit·

140 3166 196 3251 itm,
215 3202 280 3263 quae
304 3184 348 3248 ad
372 3182 472 3247 rerba
496 3204 516 3246 u
542 3182 635 3245 Fouti
659 3204 720 3245 aru
745 3185 919 3264 pertinent,
944 3188 1031 3247 recte
1049 3182 1212 3263 restituta)
1237 3189 1301 3248 est:

140 3270 281 3373 Eodemque
310 3292 375 3353 ritui
402 3291 437 3352 iu
465 3310 498 3352 eu
521 3290 661 3372 sepeliere
689 3289 772 3373 putuit
795 3292 909 3372 procul
939 3313 958 3354 u
990 3291 1086 3354 Foruti
1114 3312 1174 3353 uro
1199 3311 1299 3374 repam
1388 3372 1391 3377 ι

138 3392 245 3457 llurum
268 3395 409 3459 Numam
432 3395 587 3459 conditum
619 3397 803 3479 accepimus.
851 3398 936 3460 Tola
966 3397 1025 3461 loci
1054 3396 1299 3461 demonstrandi

139 3490 200 3558 milo
217 3503 356 3582 postulat
379 3501 483 3577 buud3
512 3502 683 3566 relativum
708 3503 814 3568 oratio
838 3503 926 3567 nullo
950 3503 1048 3568 modo
1072 3503 1202 3583 recipit;
1231 3503 1300 3582 ipsa

116 3596 201 3688 ‚eliu
220 3610 317 3673 verba
334 3630 435 3692 rupem
456 3616 605 3686 noenum,
630 3628 670 3671 ne
690 3610 754 3673 alia
773 3609 890 3685 dicam,
915 3610 1101 3687 ostendunt,
1126 3611 1210 3672 banc
1229 3628 1300 3672 esse

136 3700 291 3779 lunulam
315 3717 521 3791 sententiam,
558 3736 622 3796 qua
651 3715 684 3779 id
713 3717 927 3793 contineatur,
962 3715 1050 3796 quod
1078 3716 1124 3780 rei
1148 3735 1168 3779 a
1191 3716 1300 3779 Xeno·

135 3804 228 3884 uhonte
250 3821 290 3886 de
315 3822 399 3905 Cyro
423 3823 551 3887 traditae
574 3822 678 3886 simile
702 3822 753 3885 sit.
803 3822 892 3901 Quod
915 3822 1011 3904 igitur
1032 3822 1299 3887 commutandum

134 3917 171 3978 ⁹81
188 3942 247 3990 cum
272 3929 376 3993 altera
399 3928 559 4008 particula
583 3927 696 3992 litteris
720 3930 846 3993 nonita
868 3930 1005 3994 multum
1024 3929 1181 4003 distante,
1204 3948 1300 3993 voces

134 4029 215 4096 autem
238 4036 270 4098 iu
294 4054 328 4099 eu
351 4037 432 4099 ortae
455 4039 531 4098 sunt
554 4054 593 4098 ex
623 4036 792 4112 {adientium
829 4057 893 4118 quo
921 4037 1100 4119 significata
1129 4039 1199 4100 erat
1227 4056 1299 4099 rna·

132 4124 190 4202 illia
209 4142 357 4224 sepulcri,
388 4161 461 4222 quae
484 4141 544 4204 nisi
567 4143 736 4206 nominata
760 4148 855 4218 esset,
884 4163 1017 4224 prorsus
1042 4142 1226 4206 abundaret
1249 4143 1299 4224 ip-

130 4250 334 4332 subaemulari
358 4248 563 4312 vocabulum.
604 4249 639 4311 ld
663 4249 859 4313 adiectivum
882 4270 943 4313 nec
967 4253 1060 4313 velus
1086 4249 1195 4313 fabula
1219 4251 1298 4312 satie

125 4345 303 4419 demonstrat
320 4354 402 4436 (Liv.
418 4355 484 4429 XL,
510 4356 562 4427 29,
588 4353 670 4417 Plin.
696 4355 779 4418 Hist.
805 4357 878 4419 Nat.
903 4357 984 4431 Xlll,
1010 4357 1062 4432 27,
1087 4357 1171 4421 Plut.
1190 4357 1296 4420 Numa

117 4456 162 4541 22)
188 4479 246 4525 nec
276 4460 412 4542 vestigia
448 4461 605 4524 codicum.
652 4462 812 4543 Lapideus
848 4483 940 4528 arcas
978 4464 1085 4541 luisse,
1122 4464 1230 4528 Livius
1265 4470 1297 4528 el

115 4568 294 4639 Plutarchus
329 4566 451 4631 dicunt.
504 4564 664 4650 [Tuplu‘uo
699 4570 839 4652 sepulcro
874 4574 961 4634 recte
995 4570 1136 4635 restituit
1170 4568 1296 4651 Opper-
