2956 5190
10 114 112 189 est,
152 133 256 196 quum
290 117 468 195 quaeratur,
501 113 729 194 pertineantne'
763 112 824 194 ipsi
853 113 895 177 ad
924 113 1020 191 banc,
1056 135 1093 178 ee
1127 114 1257 197 diota),

10 218 149 285 'verbi
173 220 279 302 gratia
303 238 343 283 ex
367 219 601 297 Crustumeria,
626 240 728 303 quum
750 218 902 284 Aniensis
927 221 1055 285 citetur.
1090 221 1165 286 Imo
1183 242 1259 305 per-

15 325 283 392 versissimum
307 330 367 390 est.
413 326 498 391 Nam
522 345 630 409 neque
653 326 719 391 ulla
742 326 804 391 fuit
827 325 930 390 tribus
959 327 1036 403 ima,
1072 330 1133 392 etsi
1163 332 1259 411 quat-

24 432 129 498 tuor
153 433 292 497 urbanae
315 432 447 515 reliquis
477 432 645 499 inferiores
675 436 778 511 erant,
814 437 848 497 et
877 432 981 496 multo
1013 433 1121 498 minus
1152 415 1260 500 certus

35 538 136 607 ordo
160 539 333 604 hominum
356 540 390 603 in
412 539 547 622 singulis
577 526 740 619 tribubus,
775 544 811 605 ut
843 540 908 603 imo
938 538 1023 603 tribu
1054 539 1116 604 dici
1149 544 1260 622 posset
1273 557 1314 597 ⁴⁸2

44 639 340 730 uuemadmodum
364 649 430 710 imo
447 648 547 731 plebe.
594 647 635 711 Et
658 647 735 729 quid
758 647 791 711 id
816 647 858 711 ad
887 650 968 721 r'em,
1004 645 1182 712 dummodo
1211 648 1260 711 ius

48 752 208 836 suffragii
230 752 264 817 in
287 773 326 818 ea
349 753 437 818 tribu
460 754 643 819 baberent?
678 755 846 835 Sequitur:
883 752 933 816 lle
955 773 1014 832 me,
1038 773 1128 836 qoem
1151 760 1261 837 tyran·

52 880 133 925 aum
157 867 252 945 alque
275 867 446 945 ereptorem
463 861 618 926 libertatis
635 882 699 926 ease
720 861 852 941 (licebat,
873 861 907 922 in
932 859 990 922 illo
1011 860 1110 921 ruina
1132 861 1181 923 rei
1196 881 1261 943 prr·

56 966 157 1048 blieoe,
182 967 262 1032 dicit
283 989 316 1032 se
338 968 435 1052 leqem
455 968 573 1033 tulisse.
608 967 817 1032 Incommode
833 966 1016 1030 subiectum
1033 965 1135 1042 deest,
1159 986 1260 1047 quum

57 1075 211 1159 proxime
244 1075 413 1157 superiora
452 1074 603 1139 universe
638 1074 803 1150 dicantur,
839 1071 951 1137 Clodio
984 1091 1051 1135 non
1085 1072 1261 1154 appellato.

57 1179 146 1247 'lum
171 1199 290 1263 parum
314 1184 391 1263 apte
415 1181 518 1247 Clodii
541 1181 722 1246 orationem
747 1181 932 1262 exprimens
955 1177 1115 1243 admiscet
1138 1198 1178 1243 ex
1201 1199 1262 1244 sua

56 1306 203 1371 persona
225 1286 341 1351 inille
363 1289 472 1352 ruine.
519 1287 600 1351 Haec
623 1286 827 1369 corriguntur
855 1292 997 1366 recepta,
1033 1305 1132 1366 quam
1164 1305 1262 1351 nemo

56 1394 228 1459 mentione
251 1393 382 1476 dignam
407 1393 509 1471 duxit,
539 1393 688 1459 codicum
711 1393 882 1475 scriptura,
911 1411 977 1457 non
1001 1391 1106 1455 solum
1130 1391 1205 1456 Par.
1230 1395 1263 1457 et

56 1500 192 1578 Bernn,
205 1499 394 1577 sed50xx,
408 1503 444 1564 ut
454 1499 547 1564 facile
557 1503 726 1582 appareat,
740 1500 878 1564 eandem
891 1500 925 1564 in
937 1498 1138 1563 Gruterianis
1146 1497 1262 1564 fuisse:

58 1606 111 1673 De
134 1627 194 1690 me,
217 1627 308 1692 qreern
324 1614 497 1691 tyrannum
515 1613 607 1692 etque
625 1613 795 1690 ereptorem
812 1607 968 1670 libertatis
985 1624 1047 1669 esee
1064 1604 1187 1668 (licebat
1204 1605 1264 1669 illa

57 1715 161 1778 ricino
172 1714 222 1777 rei
227 1712 375 1797 publico,
387 1712 465 1777 dicit
475 1714 612 1797 seleyem
621 1714 738 1777 tulisse.
763 1713 905 1777 Ruinam
917 1711 1105 1795 reipublice
1114 1712 1262 1777 Clodium

57 1824 159 1886 vocat
170 1820 313 1902 imagine
324 1819 457 1897 rariore,
470 1838 568 1901 quem
582 1820 659 1884 alibi
665 1826 795 1903 pestem,
808 1820 1030 1899 aeternitatem,
1043 1817 1179 1900 famam.
1211 1818 1264 1884 Sic

58 1909 318 2010 depromitis.
338 1927 369 2005 6,
396 1926 437 1990 13
457 1925 610 1990 Pisonem
635 1929 668 2017 et
690 1926 865 1991 Gabinium
883 1925 1128 2009 publicanorum
1151 1926 1264 1991 ruinae

59 2022 219 2118 appellat.
253 2033 356 2098 Paulo
379 2035 454 2115 post
477 2030 495 2113 ἕ
521 2032 595 2110 110,
619 2032 675 2096 ubi
699 2032 820 2097 Gellius
843 2031 1028 2114 appellatur
1050 2032 1139 2095 bomo
1157 2031 1265 2114 fratre

59 2141 227 2226 ineliquata,
261 2142 331 2204 viro
353 2140 530 2204 clarissimo
561 2146 653 2224 alque
683 2140 797 2222 optimo
828 2138 961 2215 coraule,
996 2136 1134 2203 Orellius
1165 2139 1264 2220 paulo

59 2246 279 2331 negligentius
307 2266 348 2312 ex
375 2245 500 2311 maiore
533 2244 674 2310 editione
704 2245 923 2327 transcripsit,
959 2263 1032 2326 quae
1062 2245 1125 2321 ibi,
1161 2245 1264 2310 Gara-

60 2355 191 2421 tontum
214 2360 356 2430 secutus,
391 2372 457 2418 non
485 2370 566 2416 sane
595 2350 780 2434 probabilia
810 2351 1034 2432 disputaverat
1061 2355 1263 2431 contraeas,

61 2461 121 2544 qui
144 2479 211 2525 non
233 2459 393 2536 ferebant,
423 2461 458 2523 L.
483 2459 632 2535 Gellium,
661 2459 716 2540 qui
740 2477 770 2522 a.
794 2458 860 2523 682
883 2455 995 2522 consul
1019 2457 1142 2535 fuisset,
1178 2478 1265 2523 nunc

61 2567 109 2651 (a.
133 2565 214 2648 698)
238 2566 405 2632 consulem
428 2566 502 2644 dici,
537 2584 638 2647 quum
668 2564 737 2646 ipse
766 2565 877 2630 statim
893 2563 1059 2629 subiiciat
1081 2565 1264 2630 scholiasta.
1297 2601 1303 2611 ·

61 2675 215 2739 Vaticani
248 2672 493 2738 annotationem
529 2671 640 2737 omnia
674 2671 912 2753 expedientem.
958 2670 1072 2734 Frater
1101 2670 1187 2734 enim
1215 2670 1265 2734 in-

62 2772 221 2863 telligitur
248 2800 314 2845 non
342 2779 396 2844 ille
425 2780 461 2844 L.
486 2779 617 2856 Gellius,
651 2778 710 2843 sed
739 2779 890 2842 uterinus
926 2777 961 2841 L.
990 2776 1170 2858 Philippus,
1204 2777 1265 2842 hoc

63 2888 139 2971 ipso
162 2906 249 2951 anno
280 2886 403 2952 consul.
449 2886 503 2950 Ad
536 2886 622 2949 hanc
656 2884 852 2949 sententiam
883 2884 948 2948 iam
979 2884 1107 2965 pridem
1139 2884 1267 2949 adiecta

64 2994 172 3058 vitrici
194 2992 335 3076 Philippi
358 2992 481 3058 mentio
503 2993 697 3073 interpretes
722 2990 885 3055 adducere
909 2990 1078 3054 debuerat.
1114 2990 1268 3072 Sequitur

64 3101 157 3166 locus
179 3099 276 3165 valde
303 3100 433 3177 dubius,
468 3101 502 3163 in
532 3119 597 3182 quo
625 3099 745 3163 Bernn.
769 3101 802 3162 et
826 3097 896 3161 cod.
919 3096 987 3160 Vic.
1012 3096 1150 3160 habent:
1186 3096 1268 3159 nibil

63 3228 144 3273 eone
167 3213 241 3271 ottae
262 3205 415 3271 iuvabant
438 3212 620 3289 oooqreoatoe
648 3204 757 3287 (Bern.
781 3204 897 3269 saltem
926 3200 1143 3285 anorrpooatoe)
1172 3202 1268 3266 libelli

59 3335 126 3400 pro
148 3315 220 3378 virro
243 3315 339 3378 etiom
360 3332 443 3396 coepe
465 3311 771 3396 oppipaeroborrlur3
793 3309 985 3375 Parisiensis
1006 3313 1128 3386 autem,
1151 3307 1268 3373 mediis

64 3420 196 3487 omissis
218 3422 287 3485 sive
310 3439 429 3496 errore,
465 3420 534 3483 sive
557 3418 645 3500 quod
675 3417 760 3482 lectu
789 3416 932 3481 difficilia
961 3419 1070 3480 erant:
1105 3414 1187 3478 rillil
1217 3436 1268 3479 sa·

66 3535 158 3613 neate
190 3527 288 3592 libelli
314 3547 379 3611 pro
412 3528 484 3590 rino
519 3527 614 3590 etiam
647 3545 728 3608 coepe
762 3523 1063 3609 oppiqrrerabortlur.
1119 3522 1161 3585 Et
1195 3528 1268 3585 altre

66 3635 201 3720 quidem
223 3633 303 3698 nihil
333 3637 392 3711 est,
427 3651 487 3697 nec
515 3633 569 3697 hic
597 3631 698 3696 ullum
728 3651 858 3709 nomen,
893 3631 1013 3695 nedum
1049 3628 1175 3711 plurale
1211 3631 1269 3692 aut
1281 3647 1322 3687 oo

65 3747 175 3826 poetae
198 3739 315 3818 Lab'ni,
350 3739 427 3822 poni
456 3739 572 3821 potuit.
623 3738 838 3820 Transposita
866 3737 1026 3820 particula
1053 3737 1148 3799 etiam
1177 3733 1292 3816 (nam'

66 3851 101 3915 in
123 3847 314 3930 vulgaribus
337 3844 534 3910 editionibus
549 3848 625 3927 post
644 3845 742 3909 libelli
756 3842 964 3927 ponebatur),
988 3845 1089 3926 patet,
1114 3842 1268 3906 substan·

65 3955 136 4020 tiva
170 3953 250 4036 (non
284 3953 391 4018 solum
427 3958 624 4037 artoyrroctoe,
662 3956 699 4016 ut
731 3953 765 4016 in
799 3951 957 4016 Matthiaei
992 3945 1191 4030 coniectura)
1225 3949 1269 4012 ad

66 4061 211 4146 priorem
233 4063 361 4143 partem
385 4060 555 4124 sententiae
579 4060 753 4141 pertinere.
788 4057 976 4140 Corrigendi
1000 4057 1166 4121 lenissima
1189 4055 1269 4120 mibi

66 4169 153 4234 ratio
175 4167 365 4247 videbatur,
382 4169 421 4231 ut
442 4166 655 4233 scriberetur:
680 4164 772 4231 Nibil
794 4186 871 4230 sorte
894 4165 992 4229 Attici
1016 4163 1168 4227 iuooboirt
1190 4184 1269 4226 orio·
