2948 5206
671 293 736 357 643

115 509 144 553 rc
166 508 235 554 non
257 486 403 553 omnium
427 487 600 565 honorum,
625 508 764 570 quorurn
787 506 925 553 numero
949 488 1072 552 iudices
1090 487 1305 570 comprehen-

115 597 237 673 lantur,
261 596 329 659 vita
353 614 392 659 ac
415 595 506 660 salus
529 595 737 677 intelligatur.
747 590 773 677 ¹)
819 594 974 659 Similiter
997 592 1118 659 veritas
1141 595 1205 659 hoc
1222 599 1305 660 teste

115 703 252 769 itabilita
287 699 387 783 (Quid
416 702 517 786 ipitur
547 702 639 766 crat?
679 701 775 766 Mora
807 708 835 765 et
867 698 1098 785 terpioersotio)
1130 720 1150 765 a
1181 702 1306 768 Klotzio

115 814 220 894 rpreta
243 812 294 873 est
316 805 334 888 ἕ
358 806 411 885 54,
442 808 475 871 in
499 805 517 887 ἕ
540 808 583 871 49
608 812 717 873 autern
742 808 785 872 ab
808 827 874 872 uno
898 806 1062 871 intellecta
1076 814 1135 893 est
1158 808 1307 873 Emestio

115 921 140 983 et
162 916 291 981 lineolae
315 914 497 979 adiectione
521 912 663 996 (oausam
686 933 746 995 pro
769 911 881 995 causo)
904 912 1027 977 adiuta.
1075 912 1176 996 (Quid
1192 914 1307 997 affere-

115 1023 162 1087 tot
185 1043 315 1087 causam
337 1020 577 1104 festinationis?
610 1019 734 1098 Quaerit
758 1019 844 1083 enim
868 1019 990 1098 Cicero,
1015 1020 1094 1102 quid
1118 1020 1225 1097 fuerit,
1251 1041 1308 1088 cur

115 1130 334 1205 iestinaretur3
357 1147 410 1206 an,
437 1127 525 1209 quod
548 1126 680 1191 Clodius
703 1126 799 1190 heres
823 1124 944 1207 esset‘l)
991 1126 1142 1205 Omnino,
1167 1127 1194 1192 si
1219 1128 1307 1192 codi-

115 1256 179 1301 zem
204 1235 429 1301 coloniensem
457 1253 497 1298 eo
526 1233 634 1311 modo,
671 1253 735 1315 quo
766 1252 853 1297 nunc
884 1232 1118 1311 Erfurtensem,
1154 1233 1308 1299 collatum

115 1343 316 1419 raheremus,
340 1359 406 1404 non
430 1339 555 1417 dubito,
580 1340 658 1421 quin
681 1339 734 1403 ille
749 1340 836 1403 hunc
852 1340 952 1403 etiam
969 1344 1183 1422 superaturus
1200 1341 1307 1420 tuerit,

115 1450 170 1514 etsi
193 1467 235 1512 ne
258 1448 286 1511 is
309 1447 441 1528 quidem
468 1445 535 1510 suis
564 1450 598 1510 et
625 1445 763 1528 propriis
792 1446 919 1511 mendis
949 1450 1039 1511 caret
1068 1445 1117 1529 (ut
1140 1445 1158 1527 ἐ
1183 1448 1239 1512 79ε
1275 1455 1309 1511 ut

115 1577 148 1620 eo
182 1575 358 1635 carisomus,
395 1574 464 1638 quoe
498 1573 561 1617 non
594 1550 759 1633 videntur).
805 1552 913 1634 Atque
946 1554 1035 1616 hunc
1069 1553 1177 1618 locum
1207 1555 1309 1618 codex

115 1663 310 1729 Coloniensis
345 1661 445 1725 etiam
478 1661 512 1723 in
543 1661 715 1741 Ligariana
746 1663 870 1736 tuetur,
906 1659 965 1723 sed
998 1659 1032 1723 in
1066 1659 1129 1724 hac
1163 1662 1310 1726 oratione

115 1771 243 1834 omnino
265 1768 380 1832 melior
404 1766 549 1830 codicum
576 1765 708 1843 familia,
733 1785 833 1847 equa
847 1785 934 1830 nunc
949 1770 1069 1848 praeter
1085 1766 1309 1832 Erfurtensem

115 1875 281 1957 diligenter
304 1872 412 1945 collati
439 1876 515 1936 sunt
539 1872 704 1936 Leidensis
734 1873 824 1954 apud
856 1872 1022 1950 Orellium,
1059 1872 1227 1938 Gudianus
1257 1895 1309 1939 so-

115 1980 236 2046 cundus
266 1983 299 2043 et
321 1979 577 2061 Salisburgensis
609 1977 689 2062 (Ma)
721 1979 810 2061 apud
840 1979 1029 2047 Soldanum.
1065 1979 1131 2043 iam
1164 1980 1309 2044 nomiihil

115 2088 283 2153 deflectere
307 2086 418 2167 incipit
441 2106 461 2150 a
484 2087 674 2168 praestantia
697 2106 768 2165 sua,
793 2085 889 2150 credo
913 2085 1000 2166 quod
1024 2088 1057 2149 et
1080 2086 1113 2149 in
1133 2104 1171 2150 eo
1189 2086 1309 2164 codice,

115 2215 128 2260 e
156 2214 223 2277 quo
251 2192 350 2257 ducta
381 2198 440 2270 est,
476 2193 528 2256 hic
557 2193 623 2257 iam
652 2192 789 2257 deiicere
818 2192 941 2256 librarii
970 2191 1136 2274 diligentia
1166 2197 1311 2276 coeperat

115 2306 143 2368 et
166 2302 321 2384 frequens
337 2299 432 2363 lectio
448 2300 610 2376 effecerat,
635 2303 671 2364 ut
693 2299 985 2380 interpretamenta
1007 2299 1173 2381 adscripta
1195 2321 1310 2383 super-

115 2409 298 2491 scriptaque
322 2411 440 2485 essent,
466 2407 553 2489 quod
570 2425 672 2488 genus
688 2407 787 2470 etiarn
804 2406 941 2475 nuncin
960 2405 1069 2470 codice
1087 2406 1153 2471 Eri.
1172 2407 1311 2490 perspici

115 2518 231 2598 potest.
267 2513 332 2578 Sed
353 2516 466 2577 tamen
489 2513 609 2595 saepius
632 2532 732 2594 quam
754 2512 853 2577 ceteri
868 2512 1068 2578 colomensis
1092 2514 1311 2595 corruptelam

115 2621 265 2703 effugisse
290 2619 426 2683 videtur.
472 2619 593 2684 Omnes
618 2638 657 2683 ea
681 2620 824 2701 pervasit
847 2619 880 2683 in
903 2617 921 2700 ἕ
947 2620 998 2697 11,
1023 2619 1078 2684 ubi
1102 2619 1190 2704 quod
1213 2640 1310 2698 nunc,

115 2727 249 2810 expulsa
273 2726 420 2807 graviore
443 2726 702 2807 interpolatione,
727 2725 877 2791 editura
900 2726 1034 2804 Klotzio,
1064 2726 1216 2803 Soldano,
1249 2727 1311 2791 Be-

115 2833 242 2898 neckio:
279 2831 413 2896 Exierat
443 2834 496 2896 isti
525 2852 627 2895 mores
657 2853 751 2917 usqae
782 2832 827 2895 ad
853 2835 1039 2917 carreni-nem
1063 2835 1193 2897 incitari
1215 2834 1312 2898 solent

115 2941 195 3022 odio,
231 2946 287 3003 ont
315 2940 428 3002 levium
452 2937 636 3002 Groeoorum
659 2946 715 3002 (rut
737 2940 925 3003 immeritum
949 2939 1169 3017 barbarorum,
1205 2940 1311 3023 dupli·
1326 2960 1366 3000 sos

115 3048 194 3114 citer
218 3045 472 3128 deprehenditur
496 3047 529 3109 et
552 3044 761 3123 convincitur,
796 3045 939 3126 primurn
971 3046 1003 3109 in
1033 3026 1224 3127 pronomine
1248 3049 1311 3124 isti,

115 3175 178 3237 quo
215 3156 366 3217 externos
401 3171 508 3216 mores
543 3150 688 3215 nondum
724 3152 970 3216 commemorati
1001 3151 1218 3217 demonstrari
1247 3173 1312 3218 non

115 3263 262 3345 possunt,
299 3258 417 3323 deinde
451 3259 485 3322 in
520 3258 592 3340 ipsa
626 3257 780 3322 orationis
811 3261 844 3322 et
873 3259 1043 3322 sententiae
1073 3247 1188 3338 forma,
1224 3260 1312 3341 quod

115 3387 217 3431 morea
240 3366 365 3431 incitari
389 3365 432 3429 ad
455 3365 647 3446 sanguinem
671 3364 831 3442 dicuntur,
864 3365 1044 3445 praesertim
1074 3365 1228 3430 adiuncto
1251 3368 1311 3431 ho·

115 3474 242 3539 minum
265 3474 396 3537 nomine
417 3467 638 3553 (Graecorum),
663 3470 718 3552 qui
741 3475 828 3535 recte
852 3469 979 3534 incitari
1003 3470 1164 3535 dicuntur.
1199 3472 1312 3554 ltaque

115 3584 204 3645 recte
228 3580 293 3643 iarn
316 3578 453 3656 ltlodius,
478 3577 595 3642 deinde
616 3576 812 3655 Wunderus,
837 3596 936 3660 quum
954 3576 1014 3641 loci
1030 3577 1313 3659 interpolationem

115 3685 433 3761 animadvertissent,
469 3684 678 3748 scribendum
706 3684 856 3749 viderunt
886 3686 918 3747 et
946 3703 1005 3766 ego
1030 3683 1212 3748 edideram:
1249 3684 1313 3748 Er·

115 3793 201 3857 terni
222 3793 276 3855 isti
298 3811 408 3873 mores,
444 3812 539 3876 nsque
568 3791 611 3853 ad
638 3792 823 3874 sanquinem
852 3791 982 3854 incitari
1005 3790 1086 3871 odio,
1122 3798 1178 3854 out
1200 3792 1312 3855 levium

116 3897 303 3963 Graecorum
327 3902 388 3961 cet.
421 3896 564 3980 (Externi
588 3897 641 3961 isti
664 3901 740 3961 sunt
762 3916 880 3973 moreS,
916 3917 999 3978 quos
1022 3901 1058 3962 tu
1082 3895 1235 3961 inducere
1259 3916 1313 3962 co-

115 4005 216 4081 nariS,
241 4002 315 4083 cet.)
361 4003 428 4067 Nec
451 4003 677 4086 praestringere
701 4003 804 4068 aciem
829 4004 862 4067 in
884 4005 946 4068 hoc
969 4003 1040 4067 loco
1064 4003 1212 4068 codicum
1236 4024 1313 4069 auc-

144 4268 169 4334 ¹)
187 4268 281 4322 Potest
298 4267 397 4337 aliquis
415 4267 467 4321 dici
486 4267 606 4336 quodam
624 4268 706 4322 modo
725 4268 845 4321 iudicum
870 4269 945 4332 ordo,
970 4268 1094 4321 homines
1119 4269 1313 4322 communione

191 4357 313 4411 muueris
331 4357 473 4411 continens
492 4354 531 4422 (iu
549 4356 602 4409 Pis.
621 4356 638 4422 ἕ
656 4356 715 4421 etp
744 4372 839 4411 verum
858 4356 881 4409 is
900 4356 1033 4410 eiusmodi
1052 4372 1108 4409 non
1127 4361 1177 4421 est,
1206 4361 1236 4409 ut
1254 4357 1313 4410 eius

192 4445 252 4499 iura
269 4462 286 4499 a
304 4445 404 4500 Milone
422 4446 534 4498 defensa
553 4445 663 4513 cogitari
683 4444 795 4514 possint.

1055 4531 1105 4584 41*
