2948 5206
93 110 234 191 periculum
251 109 365 174 Cicero
381 110 459 188 vult,
481 110 540 175 sed
554 111 663 193 potius
679 130 810 194 augere.
845 111 910 176 Sed
926 110 1133 176 attendentes
1149 112 1191 177 ad
1209 113 1251 192 id,

93 216 153 297 quod
180 216 244 281 dixi
278 216 431 299 quodque
465 217 572 283 elucet
605 217 809 300 apertissime
844 237 884 282 ex
918 219 1047 281 callium
1081 220 1252 297 vocabulo,

10 340 13 345 ’
92 322 229 405 a'qnificari
263 322 408 387 locorum
448 326 677 388 montanorum
717 323 987 405 desertorumque
1026 308 1184 390 incertam
1221 334 1253 390 et
1267 342 1307 383 ⁴⁴⁵

92 427 241 494 moilen
264 430 519 512 percursionem,
556 448 621 511 qua
644 429 784 495 Catilina
811 429 955 494 latebras
983 439 1119 513 captans
1142 452 1254 515 perse·

92 539 258 617 ruentesque
282 535 422 600 eludens
441 536 488 601 uti
511 541 631 618 posset,
655 556 722 602 non
746 535 918 600 difficulter
942 556 981 600 ex
999 536 1054 601 illa
1071 540 1255 622 corruptela

92 658 171 705 reram
192 642 386 724 scripturam
412 661 575 719 eruemus,
605 626 772 724 qu'ae‘haec
795 646 860 707 est:
898 641 1004 707 Italic
1031 646 1126 709 culter
1148 652 1176 708 ct
1193 667 1255 730 pu·

91 754 178 810 durum
198 747 325 813 undula
341 768 523 833 pcruprurc
545 750 692 832 cupisset.
739 750 806 813 Nec
835 751 915 826 erat,
946 769 1003 814 cur
1025 751 1163 816 Orellius
1187 755 1255 816 hae-
1382 814 1386 822 ,

91 858 151 918 reret
167 854 200 919 in
222 854 331 919 Italic
354 855 526 919 vocabulo:
571 856 650 921 Late
674 862 707 920 et
730 856 800 920 sine
823 855 887 920 fine
916 860 1093 939 vagaturus
1116 857 1255 922 Catilina

87 963 145 1031 ‚crat
183 961 249 1025 Nec
272 961 316 1026 ad
340 961 400 1026 hos
423 960 587 1026 Ciceronis
610 961 769 1027 oratorios
797 963 922 1028 colores
951 963 1125 1045 quicquam
1154 965 1255 1046 perti·

91 1069 134 1142 bct
160 1067 324 1149 quodnam
359 1067 457 1132 luerit
490 1067 636 1132 Catilinae
666 1088 779 1132 verum
809 1069 977 1134 consilium
1007 1075 1064 1134 aut
1094 1071 1211 1135 saltem
1235 1091 1256 1136 a

91 1166 209 1238 Srllrstio
231 1173 400 1238 traditum.
446 1174 566 1255 Ipsum,
595 1174 683 1256 quod
711 1174 867 1258 sequitur,
896 1177 990 1240 totius
1014 1176 1121 1241 Itoliae
1148 1177 1255 1259 suspi-

91 1275 168 1344 ciones
189 1281 367 1362 reprimere
391 1280 544 1346 debebat.
1041 1326 1046 1335 ·

150 1386 181 1451 C.
203 1387 235 1463 6,
266 1386 308 1450 13
336 1385 457 1451 editur:
492 1386 547 1450 Ad
580 1386 786 1469 tribunatum,
820 1390 897 1473 quia
931 1389 997 1471 ipae
1027 1388 1071 1452 ud
1098 1409 1163 1453 acac
1189 1390 1257 1452 ium

88 1484 179 1555 Mum
202 1500 292 1557 cocat
314 1527 368 1570 -,
392 1501 530 1557 coutcmu
552 1493 658 1557 studio
680 1514 834 1579 cursuque
857 1496 1029 1558 ueniamus.
1065 1495 1130 1559 Sed
1153 1495 1256 1561 mole-

85 1595 233 1663 simmam
256 1599 451 1681 particulam
475 1601 562 1685 quia,
591 1619 657 1682 qua
679 1600 787 1682 posita
811 1600 923 1665 Cicero
946 1601 1043 1665 nimis
1065 1602 1178 1683 putide
1201 1621 1255 1666 ra-

83 1698 179 1769 tionem
197 1709 231 1770 et
247 1725 382 1770 causam
400 1706 517 1783 reddit,
530 1705 748 1771 'incommodo
766 1708 866 1771 etiarn
883 1709 1119 1772 sententiarum
1131 1707 1255 1785 ordine,

79 1804 147 1874 tollit
163 1811 323 1894 praclara
346 1811 465 1876 codicis
483 1812 676 1878 Parisiensis
699 1813 876 1895 scriptura:
901 1813 955 1876 Ad
972 1813 1179 1896 tribunatum,
1202 1815 1257 1898 qui

75 1908 132 1992 fruc
154 1917 288 1983 adsere
315 1920 377 1983 cet.
423 1918 576 2000 Sequitur
599 1939 627 1984 c.
651 1921 682 1998 6,
715 1921 756 1983 14
786 1920 876 1984 locus
902 1921 1045 2002 graviter
1074 1922 1255 2001 corruptus,

70 2031 159 2095 quem
179 2024 213 2088 in
234 2024 399 2090 nonnullis
423 2024 589 2089 codicibus
617 2025 751 2090 alterius
775 2026 906 2090 familiar
930 2026 1160 2109 interpolatum
1185 2044 1257 2090 esse

10 2152 12 2173 =
66 2136 161 2210 Supra
181 2130 328 2207 ostendi3
351 2130 378 2195 is
401 2132 435 2194 in
458 2132 590 2214 reliquis
606 2131 771 2197 codicibus
787 2132 888 2215 (quod
904 2133 1035 2215 quidem
1052 2132 1095 2197 ad
1110 2135 1258 2197 nostram
1368 2204 1373 2221 ι

63 2237 274 2307 quadorum
297 2236 428 2319 attinet)
456 2236 502 2302 ita
525 2238 691 2303 scribitur:
722 2238 772 2303 De
794 2260 854 2325 quo
876 2240 1002 2325 quidem
1025 2239 1190 2304 tribunatu
1213 2241 1258 2302 itu

61 2330 179 2405 didam
201 2350 246 2407 ert
268 2364 289 2407 u
315 2344 352 2422 Q.
371 2343 551 2427 Hortensio,
575 2352 610 2409 ut
633 2346 700 2408 ciue
722 2347 825 2421 oratio
847 2367 910 2409 unu
932 2346 1144 2433 defensionem
1168 2345 1259 2409 modo

61 2444 220 2513 videram
252 2451 425 2543 criminum
451 2453 618 2534 coruincrc,
653 2451 838 2527 ardutium
870 2454 1023 2515 rnemordu
1051 2453 1183 2536 (tiquam
1211 2453 1259 2515 uti

58 2544 128 2625 (sic
146 2556 214 2621 cod.
237 2556 312 2621 Par.
338 2552 380 2633 et,
403 2558 466 2622 hoc
489 2558 560 2623 loco
584 2577 689 2634 verus,
713 2557 839 2633 Ursini3
874 2557 969 2621 Bern.
994 2560 1083 2640 prior
1105 2560 1259 2621 memorio

58 2653 162 2743 diruo
182 2665 239 2741 tuti,
262 2665 325 2729 nisi
348 2663 428 2745 quid
451 2667 595 2729 erratum
619 2668 684 2740 est;
708 2683 786 2728 narn
809 2664 842 2727 in
860 2665 963 2729 altero
987 2669 1051 2729 est:
1075 2666 1261 2728 memorium
1316 2743 1323 2759 ⁵

60 2759 192 2849 dicrum
214 2772 250 2834 in
278 2791 313 2834 rc
329 2769 474 2854 publica)
504 2772 551 2833 rei
573 2771 710 2854 publico
738 2770 935 2853 cupccacudoe
965 2773 1183 2835 (cucuritateuc
1211 2771 1260 2833 cu·-

61 2873 286 2962 fflpliuomquc
302 2876 522 2960 proscribere.
568 2877 717 2958 Apparet
739 2877 891 2941 universa
920 2877 981 2940 loci
1005 2877 1111 2942 forma
1135 2876 1260 2960 (memo-

69 2978 128 3041 n'o
145 2981 268 3066 diruam
292 2984 340 3048 rei
359 2982 495 3066 publico
523 2983 721 3066 capeceeudoe
751 2985 969 3046 actuoritatem
999 2983 1261 3068 disciplinamque

67 3087 287 3172 praecidere),
312 3109 412 3172 quam
436 3090 564 3172 pridem
588 3089 763 3153 Turnebus
787 3090 882 3165 vidit;
907 3092 955 3153 uti
977 3089 1171 3154 mendosum
1190 3109 1262 3154 esse

10 3212 15 3241 ··
80 3195 170 3273 patet,
194 3216 252 3279 pro
280 3216 346 3278 quo
369 3178 518 3274 Orellius
554 3198 685 3260 secutus
710 3196 950 3277 apertissimum
975 3216 1118 3262 errorem
1143 3196 1261 3260 codicis
1309 3269 1312 3277 ¹

86 3291 236 3368 Remus
270 3303 415 3380 alterius,
450 3323 471 3367 a
505 3304 612 3384 priore
647 3303 865 3379 desciscentis
900 3303 1029 3385 scripsit
1064 3304 1098 3365 iu
1132 3299 1180 3382 (rc
1201 3299 1261 3384 p),

96 3399 191 3471 wicta
208 3405 399 3491 oratione.¹)
445 3410 511 3474 Sed
533 3409 750 3474 animadverti
780 3410 887 3485 debet,
923 3430 989 3474 non
1018 3408 1090 3485 dici,
1127 3407 1261 3489 quibus·
1276 3436 1315 3475 ru

103 3524 160 3571 mm
176 3514 229 3580 ista
249 3517 442 3600 praescripta
470 3516 543 3594 sint,
579 3516 666 3598 quod
689 3517 801 3609 'omitti
831 3536 896 3580 non
927 3519 1065 3597 poterat.
1112 3515 1158 3578 Eo
1187 3533 1262 3595 per-

113 3643 330 3669 κ.-

134 3710 149 3778 ¹)
160 3720 303 3872 mod
322 3729 481 3784 Ciceronem
500 3727 553 3797 legi
571 3732 759 3782 enumerem
779 3732 807 3781 in
826 3745 918 3794 cauea,
938 3730 966 3779 in
979 3728 1125 3789 suadenda
1145 3724 1210 3778 dicit
1223 3725 1264 3778 vir

164 3824 174 3859 ⁰
204 3815 209 3825 '
234 3818 240 3829 '
268 3834 315 3877 um
342 3833 439 3872 verum
467 3816 566 3871 dicitur
657 3836 721 3870 uam
746 3820 774 3869 iu
798 3818 838 3870 ul‘
854 3834 892 3869 uu
915 3833 944 3868 rc
963 3818 1150 3869 auctoritatem
1168 3816 1264 3867 habere

166 3902 300 3965 Μὶῐιῶίας
329 3911 516 3962 auctoritatem
543 3836 659 3971 (ἰᾶᾝ,
690 3906 811 3975 regulam
827 3834 997 3959 {actoritate
1021 3901 1221 3966 confirmatam)
1241 3910 1264 3954 ut

168 3984 308 4058 ‘Mutinam
320 3997 500 4064 proeecrdere
522 3998 552 4048 iu
574 3997 699 4061 faciendo
722 4011 771 4063 pro
795 4011 836 4058 eo,
865 3995 937 4062 quod
961 3998 1003 4047 est
1024 3993 1152 4058 faciendi,
1182 4007 1264 4044 nemo

170 4085 216 4130 ”le
229 4081 296 4166 dixit„
323 4084 456 4138 Similiter
474 4084 632 4152 paulopost
645 4100 667 4137 c.
681 4083 707 4147 6,
727 4083 761 4135 15
779 4084 806 4136 in
826 4084 920 4136 multis
940 4083 1016 4135 codd.
1035 4081 1134 4150 legitur
1153 4084 1182 4133 tu
1195 4098 1263 4147 rep.

172 4168 321 4238 ”durau
