2948 5206
630 343 670 408 81

39 540 184 613 habere,
217 541 252 603 in
287 538 411 603 Latinis
443 524 648 614 nonnullum,
684 538 813 619 scripsit
844 537 922 619 (vid.
952 537 1305 621 Sueton.l.c.),a101

42 646 206 712 Cicerone
229 645 353 709 Latinis
377 645 492 710 litteris
516 645 703 721 instmctus,
727 663 794 708 uon
818 643 938 708 Graecis
962 645 1171 727 significatur.
1181 641 1207 727 ι)

135 752 226 817 Satis
249 754 301 816 est
323 771 364 815 ex
386 751 449 816 hac
472 769 572 815 causa
595 749 751 815 sublatus?
767 750 883 814 Ateius
910 751 972 815 iste
996 755 1029 815 et
1052 755 1252 818 ornamentis

43 858 175 923 ficticiis
202 859 362 940 privatus,
397 857 666 940 patefactumque
695 856 802 932 simul,
838 861 961 938 quanta
993 859 1252 924 testimoniorum

45 966 222 1030 consensio
243 965 296 1041 sit,
325 964 425 1029 Attio.
444 967 551 1046 poetae
574 962 794 1027 didascalicon
817 962 917 1028 libros
940 965 1185 1043 vindicantium,
1216 969 1253 1030 ut

46 1071 117 1134 iarn
138 1069 318 1134 videndum
342 1069 394 1146 sit,
429 1070 540 1159 qualia¹
570 1070 645 1146 sint,
681 1088 754 1151 quae
785 1068 837 1134 his
852 1062 1119 1135 'auctoritatibus
1150 1091 1253 1154 oppo-

47 1180 184 1254 nuntur,
206 1180 412 1258 argumenta.
447 1176 496 1240 Ex
519 1178 638 1259 quibus
661 1176 741 1240 illud
763 1177 817 1239 vix
834 1176 1060 1258 attingendum
1082 1181 1141 1255 est,
1165 1178 1277 1269 quod·

48 1282 115 1347 nisi
136 1282 314 1347 honorifice
337 1289 370 1347 et
395 1282 522 1347 adiecto
549 1287 656 1366 poetae
685 1283 778 1347 titulo
802 1280 915 1347 Cicero
943 1283 1119 1361 hominem,
1155 1302 1253 1365 quem

52 1390 135 1453 tanti
158 1373 281 1465 iecerit,
305 1388 360 1454 illo
377 1389 469 1453 Bruti
492 1390 563 1454 loco
586 1408 651 1454 non
676 1392 990 1453 commemoraturus
1014 1389 1114 1454 fuisse
1137 1390 1255 1456 dicitur

54 1499 88 1558 et
111 1514 253 1560 errorem
277 1496 505 1577 castigaturus.
552 1496 637 1560 Nam
659 1514 776 1578 neque,
805 1514 863 1559 cur
890 1502 1002 1578 poetae
1021 1496 1197 1579 appellatio
1221 1498 1254 1561 in

56 1602 225 1666 notissimo
258 1603 392 1667 homine
432 1622 563 1685 unoque
597 1603 667 1667 eius
701 1603 842 1666 nominis
877 1603 1035 1684 scriptore
1068 1605 1254 1668 necessaria

59 1707 164 1784 tuerit,
192 1707 287 1773 video
311 1707 386 1791 (nec
409 1713 459 1774 est
482 1706 690 1792 1000064),
720 1726 837 1789 neque,
863 1727 921 1772 cur
943 1728 1009 1773 non
1032 1709 1158 1774 licuerit
1175 1712 1254 1775 sim·

61 1815 184 1896 pliciter
204 1816 275 1879 sine
297 1815 365 1880 ullo
389 1816 564 1881 verborum
587 1815 710 1880 honore
727 1817 785 1879 aut
801 1814 999 1879 contumelia
1015 1833 1147 1902 grarern
1164 1835 1254 1881 erro·

62 1939 128 1984 rem
149 1919 309 1986 refellere:
352 1923 426 2004 Ipse
455 1926 566 1987 autem
595 1940 686 1984 error
713 1918 804 2000 (nam
833 1920 867 1984 id
890 1918 993 1985 altero
1016 1921 1086 1987 loco
1110 1920 1254 2005 ponitur)

17 2000 25 2025 ⁶
65 2028 121 2092 etsi
142 2029 242 2092 mirus
265 2032 316 2094 est
338 2027 485 2110 protecto
507 2029 541 2093 in
564 2047 600 2092 re
631 2032 664 2092 et
693 2030 815 2092 testata
845 2046 905 2095 nec
936 2015 1253 2094 vetere’admodum

66 2139 188 2199 etcum
209 2135 336 2218 reliqua
358 2155 465 2200 scenae
482 2135 817 2212 historiaconiuncta,
842 2140 953 2198 tamen
970 2134 1059 2199 nulla
1076 2138 1127 2199 est
1144 2155 1253 2212 causa,
1311 2170 1316 2184 ·

70 2258 122 2304 cur
140 2241 182 2306 ab
204 2243 293 2307 Attio
316 2262 394 2306 eum
418 2242 576 2307 committi
603 2243 748 2325 potuisse
776 2260 943 2323 negemus,
979 2241 1022 2305 ab
1051 2241 1115 2306 alio
1143 2247 1254 2307 autern

72 2346 157 2412 docto
177 2348 330 2425 homine,¹
354 2351 410 2431 qui
438 2350 472 2413 in
500 2347 659 2413 eiusmodi
687 2347 786 2412 rebus
810 2348 994 2429 quaerendis
1019 2351 1052 2411 et
1075 2348 1255 2429 scribendis

73 2454 220 2535 singulare
241 2455 387 2554 studium
410 2456 583 2537 posuisset,
607 2474 672 2518 non
695 2454 789 2535 louge
807 2455 849 2518 ab
867 2453 983 2518 eodem
1000 2458 1148 2537 tempore
1166 2475 1255 2521 com·

54 2560 194 2624 missum
218 2561 375 2626 dicamus.
411 2562 524 2643 Neque
541 2562 627 2624 enim
645 2558 776 2642 tempus
794 2562 998 2625 interiectum
1016 2562 1101 2625 inter
1118 2562 1255 2639 Attium,

79 2668 124 2745 qui
143 2667 299 2733 Ciceronis
324 2673 456 2733 aetatem
481 2687 580 2732 senex
604 2668 718 2748 attigit,
755 2669 788 2729 et
816 2666 955 2730 alterum
979 2668 1080 2743 illum,
1117 2670 1171 2749 qui
1197 2670 1310 2733 ali-10⁸

80 2778 184 2852 quanto
204 2780 280 2839 ante
297 2776 461 2840 Ciceronis
484 2775 620 2838 Brutum
645 2773 863 2854 Varronisque
887 2774 1005 2837 librum
1030 2776 1071 2838 de
1089 2777 1256 2840 comoediis

80 2862 216 2945 Plautinis
238 2882 363 2946 editum
389 2883 556 2963 scripsisse
580 2880 759 2962 putabitur,
788 2883 920 2944 tantam
951 2882 996 2944 rei
1020 2883 1256 2963 ignorationem

83 2986 179 3050 afferre
200 2990 314 3070 potuit.
361 2988 445 3052 Rern
471 2987 608 3063 coniicit,
645 2986 731 3069 quod
761 3006 827 3050 non
856 2988 973 3079 alsolo
996 2988 1096 3064 Attio,
1132 2990 1190 3053 sed
1214 2992 1256 3054 ab

141 3272 200 3325 nihil
217 3273 343 3337 addatur,
372 3277 404 3326 ut
427 3272 462 3326 de
484 3270 595 3325 homine
620 3268 771 3335 notissimo)
795 3286 858 3323 curn
878 3270 1023 3324 Hortensio
1042 3271 1165 3325 tioruisse
1183 3278 1259 3341 patet

142 3361 215 3414 etiam
233 3378 267 3415 er
286 3362 382 3415 Senec.
401 3360 477 3429 praet.
495 3361 541 3414 lib.
558 3360 568 3412 1
588 3360 714 3413 Controv.
733 3377 759 3428 p.
780 3358 814 3410 66
834 3358 893 3427 Bip.
913 3356 941 3425 [ξ
960 3358 994 3410 19
1013 3359 1117 3424 Kiessl.,
1138 3366 1164 3413 el
1184 3378 1259 3429 aper-

143 3448 235 3504 tissime
254 3456 372 3504 testatur
390 3449 461 3504 Plut.
484 3446 645 3513 Lucull.1].
682 3448 832 3501 Praeturam
857 3447 1001 3501 Sisennam
1025 3449 1139 3517 gessisse
1163 3468 1188 3504 a.
1208 3451 1260 3502 676

143 3554 160 3590 s.
177 3538 208 3591 18
225 3539 334 3593 Emilio
354 3539 464 3608 Lepido,
489 3537 598 3591 Lutatio
617 3537 713 3590 Catulo
737 3534 804 3590 c'oss.
824 3542 852 3590 et
871 3542 1017 3605 utramque
1036 3539 1259 3604 iurisdictionem,

144 3628 266 3683 urbanam
287 3634 316 3682 et
334 3629 406 3681 inter
423 3626 589 3695 peregrinos,
608 3627 780 3679 coniunxisse
799 3631 906 3679 constat
925 3643 958 3678 ex
977 3626 1025 3679 SC.
1045 3627 1079 3679 de
1099 3628 1260 3696 Asclepiade

143 3715 303 3772 (lammenio
328 3717 366 3782 tC.
386 3717 406 3769 1.
425 3716 454 3769 L.
475 3716 495 3783 1,
519 3715 571 3767 110
589 3710 710 3780 n.'203);
735 3715 840 3768 urbana
863 3715 985 3768 Sisennae
1008 3715 1158 3768 iurisdictio
1181 3705 1260 3783 signi·

143 3804 229 3860 ficetur
253 3807 281 3859 in
305 3805 443 3858 Ciceronis
467 3805 618 3871 fragmento
642 3821 675 3858 ex
698 3809 765 3858 orat.
786 3804 796 3855 1
820 3820 869 3871 pro
888 3803 994 3857 Cornel.
1014 3801 1078 3869 (vol.
1099 3805 1133 3857 lV
1152 3822 1177 3872 p.
1197 3804 1213 3855 2
1234 3823 1259 3872 p.

142 3892 188 3947 450
204 3892 306 3961 Orell.),
326 3911 377 3948 nec
396 3894 503 3947 videtur
522 3893 712 3956 dubitandum,
732 3893 798 3961 quin
818 3892 891 3946 idem
911 3898 983 3946 recte
1002 3893 1168 3960 intelligatur
1187 3893 1260 3961 apud

144 3981 189 4036 Cic
207 3984 281 4038 Verr.
301 3984 334 4047 ll,
354 3982 389 4034 45
408 3988 436 4036 et
453 3982 497 4045 IV,
518 3981 559 4034 15.

114 4062 119 4091 ι
215 4073 220 4082 .
414 4071 419 4081 .
598 4070 604 4081 .
752 4070 757 4080 .
958 4069 963 4079 .
1039 4070 1044 4079 .

122 4069 1261 4226 ’11011011111111ὲο1101.1110111111

146 4251 252 4304 uernam
265 4251 329 4304 vitae
342 4255 450 4318 partem
469 4252 499 4301 in
517 4251 706 4303 consuetudine
724 4250 852 4314 degentia
866 4248 1028 4313 philosophi,
1050 4249 1123 4299 Ateii
1142 4250 1262 4300 Proetex-

147 4342 191 4390 tati
212 4339 388 4407 transegisse,
417 4343 445 4392 et
467 4337 553 4391 Vossii
579 4343 606 4391 et
629 4337 728 4390 Boelnii
753 4342 789 4404 (p.
809 4334 870 4398 285,
890 4352 915 4403 p,
935 4334 987 4385 388
1006 4334 1048 4387 ed.
1068 4333 1108 4399 2),
1136 4336 1262 4389 Asinium

147 4423 286 4480 Pollionem
313 4427 450 4480 breviario
474 4443 565 4479 rerum
590 4426 777 4479 Romanarum
803 4424 837 4476 ab
861 4423 940 4476 Ateio
964 4423 1128 4476 instructum
1152 4440 1262 4477 narran-

149 4512 221 4578 tium,
243 4532 276 4569 ex
299 4516 373 4569 male
398 4515 536 4568 intellecto
560 4514 683 4568 Suetonii
705 4514 778 4577 loeo,
807 4512 853 4565 ubi
873 4516 999 4578 apertum
1024 4516 1073 4574 est,
1102 4511 1128 4564 id
1153 4513 1187 4564 ad
1208 4513 1263 4565 Sal·

149 4600 250 4657 lustinrn
269 4605 415 4673 pertinere.

1035 4688 1051 4740 6
