2948 5206
665 327 725 392 141

154 537 193 584 um
208 519 294 584 littera
310 518 476 601 duplicata
492 519 666 603 verbisque
682 523 799 588 melius
816 519 975 586 distinctis
993 517 1035 600 (et
1051 514 1168 600 diones
1182 515 1296 579 scelere

149 624 261 722 lenimen
274 624 495 709 perditorem
524 628 627 691 sancit
656 626 742 711 cet).
787 627 900 693 Altera
929 625 982 691 hic
1005 621 1292 689 commemoranda

147 735 177 796 ed
192 730 356 797 emendatio
379 730 441 796 loci
463 731 497 796 in
518 730 659 816 Philipp.
682 735 816 801 secund.
833 734 886 812 38,
909 733 963 810 97,
987 749 1087 814 quam
1106 748 1206 811 quum
1224 728 1294 810 ipse

143 839 326 921 repperissem,
361 841 478 920 postea
505 838 721 905 animadverti
744 840 885 924 positam
909 857 981 904 esse
1005 837 1089 900 inter
1112 854 1169 899 eas
1192 834 1294 916 scrip·

140 947 208 1021 tum,
236 962 317 1026 quas
349 942 489 1008 Orellius
520 963 561 1009 ex
591 947 741 1030 exemplo
771 947 881 1027 aliquo
901 943 1057 1008 ‘editionis
1080 941 1295 1023 Naugerianae

138 1049 463 1133 edidittom.11p.2
490 1070 523 1133 p.
547 1052 610 1116 611
635 1072 707 1136 sqq.
736 1053 900 1136 Scriptum
931 1054 1018 1115 erat:
1056 1047 1141 1128 Quid
1172 1066 1226 1131 cyo
1256 1045 1296 1110 dc

135 1159 330 1223 nummariis
352 1155 498 1239 inficetis,
528 1158 606 1243 quid
635 1159 675 1224 de
700 1155 984 1224 innumerabilibus
1007 1152 1229 1238 cbiropropbis
1251 1152 1294 1215 lo·

133 1264 209 1350 por?
234 1284 368 1351 quorum
398 1264 493 1327 etiam
523 1264 697 1329 imitatores
725 1273 808 1348 sunt,
836 1265 891 1351 qui
914 1283 961 1344 ea,
992 1269 1146 1347 tunquam
1166 1258 1295 1343 plodio·

84 1380 87 1411 ¹
132 1378 206 1436 brem
225 1371 352 1449 libellos,
374 1370 490 1453 polum
512 1369 679 1436 venditent.
725 1371 790 1436 Sed
812 1391 886 1453 quae
909 1370 951 1435 sit
973 1369 1036 1434 ista
1058 1366 1206 1444 imitatio,
1230 1366 1294 1430 dici

132 1479 223 1560 nequit
265 1476 429 1542 Falsarios
451 1476 642 1559 intelligunt,
677 1479 732 1559 qui
760 1481 881 1560 praeter
903 1496 953 1554 ea,
989 1495 1063 1558 quae
1086 1475 1129 1539 ab
1153 1472 1296 1537 Antonio

132 1583 332 1665 proferrentur,
356 1581 422 1647 alia
444 1582 593 1648 fabricati
616 1583 697 1661 sint;
720 1586 775 1667 qui
798 1585 940 1668 primum
956 1601 1023 1648 non
1039 1584 1128 1646 recte
1144 1579 1295 1644 dicuntur
1310 1603 1350 1644 me

132 1709 159 1755 ea
175 1689 314 1769 rendere,
351 1709 424 1771 ques
452 1688 569 1754 imitati
597 1691 671 1769 sint,
706 1710 766 1773 pro
788 1691 838 1770 iis,
873 1709 948 1773 quoe
977 1686 1136 1753 imitando
1159 1703 1294 1767 expres·

131 1796 214 1861 serint
255 1795 322 1861 Sed
346 1795 419 1878 qrris
442 1799 571 1877 poterat
594 1798 627 1861 et
649 1796 803 1877 audebat,
827 1800 947 1881 praeter
969 1793 1160 1872 Antonium,
1184 1791 1295 1874 palam

131 1901 239 1968 moris
260 1901 513 1968 commentarios
537 1905 570 1966 et
586 1902 802 1987 chirographa
819 1903 997 1981 venditare,
1021 1900 1083 1965 nisi
1099 1918 1159 1982 per
1174 1898 1295 1963 irrisio·

130 2027 186 2074 bern
203 2009 355 2075 uoniam
378 2008 587 2091 reipublicae
609 2029 649 2077 ae
671 2014 816 2090 senatus,
840 2007 1078 2075 sedAntonii?
1112 2006 1185 2070 Non
1213 2003 1296 2081 dioo,

131 2113 246 2181 lutmnm
280 2115 392 2194 fuisse,
426 2119 464 2180 ut
497 2115 593 2181 huius
627 2116 752 2182 lucrum
783 2117 1045 2191 imminuereture
1078 2131 1176 2177 nemo
1210 2109 1298 2174 enim

132 2239 190 2286 sene
208 2223 247 2287 ab
269 2220 344 2288 aliis
367 2224 537 2304 empturus
560 2229 642 2289 erat.
687 2222 794 2302 Quam
818 2223 905 2288 enim
927 2221 993 2286 vim
1013 2218 1203 2285 habiturum
1226 2218 1299 2281 erat

133 2329 174 2391 ml
190 2347 282 2410 quam
298 2328 439 2410 emptori
457 2328 617 2394 utiliatem
634 2329 809 2395 allaturum
825 2329 891 2394 tale
908 2324 1180 2410 chirographum?
1213 2322 1298 2387 Nam

134 2450 188 2514 ms
205 2434 244 2500 ab
264 2434 412 2500 Antonio
435 2443 546 2518 empta
575 2440 678 2515 erant,
713 2436 773 2501 etsi
803 2438 846 2501 ab
878 2435 949 2518 ipso
981 2418 1076 2499 erant
1106 2426 1192 2509 fieta,
1228 2429 1299 2494 eius

136 2542 296 2607 sustentate
319 2545 395 2606 rata
417 2547 511 2608 erant
533 2550 566 2608 et
588 2541 677 2626 quod
699 2542 836 2607 Censoris
860 2545 944 2620 acta,
979 2542 1063 2605 inter
1093 2559 1167 2622 quae
1194 2537 1295 2603 fuisse

138 2643 304 2726 icebantur,
330 2667 352 2712 a
374 2652 492 2713 senatu
513 2668 580 2715 non
602 2649 860 2714 infirmabantur.
906 2649 973 2712 Nec
997 2646 1071 2724 alia,
1101 2664 1200 2727 quam
1224 2663 1297 2727 quae

139 2751 312 2820 abbntonio
335 2754 560 2837 proferrentur
582 2757 615 2820 et
638 2755 864 2834 venderentur,
888 2754 1122 2819 commentaria
1144 2753 1206 2816 hoe
1228 2751 1299 2816 loeo

86 2844 88 2917 ἦ
141 2856 248 2944 blelligi,
270 2862 351 2927 satis
371 2861 543 2927 declarant
565 2863 728 2944 proxima:
753 2861 865 2946 Itaque
881 2862 962 2925 tanti
979 2861 1084 2923 acerui
1100 2877 1298 2924 nummorum

142 2967 202 3047 ped
221 2971 311 3032 mum
336 2975 562 3032 commntantur
584 2972 645 3033 cet.
690 2968 776 3033 Nihil
799 2970 874 3033 ante
897 2967 968 3031 haec
990 2968 1093 3031 verba
1123 2964 1185 3029 dici
1208 2962 1297 3028 aliud

143 3074 224 3150 vobit
246 3095 346 3157 qnam
368 3074 435 3139 iam
458 3093 524 3139 non
546 3093 621 3139 raro
644 3078 677 3139 et
699 3078 834 3152 secreto,
858 3073 917 3138 sed
939 3073 1050 3156 palam
1074 3071 1226 3137 omnibus
1245 3069 1300 3133 illa

145 3181 297 3246 rumdam
328 3168 380 3247 'Ea
403 3180 565 3245 sententia
587 3200 653 3245 non
675 3183 804 3263 poterat
826 3181 933 3262 aptius
957 3179 1128 3262 graviusve
1151 3175 1300 3260 exprimi,
1342 3170 1346 3178 ⁴

147 3300 216 3363 llam
243 3288 427 3354 institorum
461 3306 585 3352 merces
620 3287 810 3368 libellosque
844 3286 1029 3378 singulatim
1063 3284 1300 3349 venditantium

149 3394 351 3472 umpamnone
374 3393 508 3459 inducta
524 3393 720 3475 nomineque
739 3393 854 3475 posito,
878 3394 968 3457 euius
985 3392 1034 3457 vis
1051 3391 1173 3474 optime
1190 3389 1302 3475 sentiri

152 3498 235 3577 lutat,
265 3499 446 3565 substitutis
473 3520 532 3583 pro
555 3499 755 3565 institoribus
779 3499 946 3576 Romanis,
976 3518 1058 3580 quos
1082 3496 1164 3562 Galli
1187 3496 1300 3578 appel·

154 3595 201 3665 lent
216 3605 402 3688 eolportcurs.
447 3606 515 3671 Nec
541 3605 608 3671 ulla
638 3626 701 3671 vox
731 3606 863 3687 propius
894 3606 937 3670 ad
967 3604 1159 3669 mendosam
1190 3602 1302 3668 simili-

157 3704 236 3773 ndns
255 3713 382 3778 aceedit.

162 3858 377 3881 κ-

212 3951 273 4010 Ρῐθῐ.
293 3960 351 4014 edit
370 3960 455 4015 Oratt.
479 3962 560 4015 duod.
584 3978 609 4029 p.
633 3959 725 4025 (huius
748 3957 905 4019 voluminis)
929 3956 988 4010 134.
1026 3955 1091 4024 [cn.
1111 3957 1182 4010 infra
1204 3973 1229 4024 p.
1249 3953 1302 4007 333

216 4056 260 4110 “lq-
274 4047 310 4101 ed
326 4050 427 4118 pr.,⁸ad
445 4050 498 4103 Cic.
518 4050 552 4103 de
570 4049 627 4103 Fin.
646 4050 682 4101 111
701 4066 722 4102 c.
741 4047 784 4113 20,
803 4047 838 4099 56
856 4064 881 4115 p.
901 4045 953 4098 562
972 4063 1030 4114 sqq.
1049 4046 1092 4099 ed.
1111 4042 1184 4111 tert]
