2956 5190
628 290 692 356 577

60 484 153 563 dant,
184 503 251 550 non
272 503 379 567 pauca
402 485 545 566 reperias
569 485 612 550 ad
634 485 720 550 hanc
742 485 882 550 formam
906 484 1037 566 scripta.
1083 483 1125 548 Et
1145 486 1258 548 tamen
1271 502 1310 541 en
1352 534 1355 539 .

59 590 135 657 hoec
165 590 230 657 duo
261 589 350 672 apud
380 592 531 673 antiquos
558 594 592 656 et
619 595 737 657 natura
761 594 794 657 et
816 610 878 656 usu
901 590 984 655 adeo
1007 596 1083 655 sunt
1107 588 1256 666 discreta,

60 699 100 761 ut
122 714 290 778 nunquam
315 704 391 761 ante
415 696 586 762 cadentem
602 697 757 762 orationis
773 699 892 762 veteris
909 696 1093 761 castitatem
1110 714 1257 760 commu-

60 806 174 868 tentur
195 802 257 867 nisi
279 802 399 867 mendo
426 802 595 885 scripturae
624 806 681 868 aut
708 802 944 885 interpretandi
966 801 1102 866 inscitia.
1148 800 1257 880 Quum

60 909 150 974 enirn
174 909 289 974 Latine
312 909 459 989 dicimus,
494 910 586 975 verbi
609 929 718 988 causa,
751 909 851 992 ficum
874 916 927 986 ert,
961 912 1137 989 utrumque
1159 908 1258 990 signi·

59 1016 154 1081 ficari
176 1019 294 1097 potest,
319 1022 351 1080 et
374 1016 482 1081 fixisse
505 1016 657 1098 aliquem,
681 1014 850 1098 participio
874 1018 906 1079 et
928 1014 1029 1080 verbo
1052 1013 1257 1080 substantivo

59 1122 96 1189 in
119 1141 220 1186 unam
243 1122 409 1186 notionem
432 1121 567 1204 perlecti
590 1121 710 1203 passivi
734 1121 1001 1197 coalescentibus,
1026 1122 1058 1185 et
1075 1139 1161 1184 nunc
1178 1120 1257 1184 illud

58 1229 165 1294 flxurn
193 1246 337 1304 manere,
371 1230 409 1292 ut
441 1227 647 1310 participium
681 1230 803 1291 statum
837 1227 978 1308 aliquem
1012 1225 1060 1290 rei
1090 1225 1256 1309 significet,

58 1333 211 1412 verbum,
247 1354 323 1399 eum
357 1337 478 1399 statum
514 1352 601 1399 nunc
634 1353 716 1399 esse.
762 1333 830 1417 Nec
864 1333 950 1398 enim
985 1333 1119 1398 Latinus
1150 1353 1257 1400 sermo

58 1443 266 1526 praeteritum
289 1445 418 1523 tempus
440 1441 488 1505 rei
510 1444 610 1522 gestae
634 1444 667 1504 et
688 1460 833 1522 praesens
856 1440 903 1504 rei
927 1440 1053 1522 agendo
1077 1440 1201 1506 effectae
1224 1444 1257 1505 et

58 1549 226 1614 manentis
248 1551 328 1612 nota
349 1547 417 1612 ulla
440 1530 616 1629 distinguit.
656 1545 763 1625 Quum
788 1550 899 1612 autem
919 1545 1019 1629 ficum
1040 1545 1106 1629 feeit
1129 1546 1255 1625 dicitur,

59 1674 166 1721 unum
189 1655 397 1738 significatur,
431 1653 631 1734 praeteritum
662 1657 792 1735 tempus
823 1654 869 1718 rei
901 1654 1025 1718 effectae
1055 1653 1143 1718 etin
1166 1639 1255 1718 statu

59 1762 173 1846 aliquo
196 1759 369 1838 manentis,
393 1762 430 1823 ut
451 1759 623 1841 participio
645 1763 761 1838 status,
785 1759 896 1837 verbo,
921 1778 996 1824 eum
1013 1760 1123 1839 fuisse,
1148 1760 1257 1826 decla·

59 1873 164 1934 retur.
209 1868 322 1949 ltaque
345 1866 458 1932 Cicero
480 1885 541 1947 pro
564 1865 669 1931 Sestio
692 1867 745 1945 25,
770 1867 813 1930 55
836 1886 934 1948 quum
952 1865 1044 1931 dicit:
1068 1867 1148 1952 tepea
1162 1887 1257 1952 quum

60 1996 134 2061 qma
156 1975 230 2039 tatoe
252 1980 334 2055 eunt,
358 1979 424 2035 tum
446 1991 529 2053 vero,
553 1993 622 2057 quae
639 1973 850 2056 promutpatoe
870 1971 1012 2055 fuerunt,
1041 1972 1122 2038 alias
1145 1976 1258 2038 namot

60 2081 148 2146 latas
171 2099 253 2157 esse,
278 2079 358 2145 alias
383 2079 583 2161 aliquamdiu
605 2079 827 2161 promulgatas
850 2079 1053 2160 pependisse,
1078 2079 1257 2162 eodemque

59 2187 162 2252 modo
191 2185 365 2268 pro·Sulla
387 2185 440 2264 23,
464 2185 617 2250 dedicit:
642 2187 692 2249 lex
713 2184 781 2249 dies
801 2184 868 2267 fuit
887 2186 1048 2268 proposita
1066 2206 1195 2269 paucos,
1225 2189 1258 2251 et

61 2294 97 2358 in
127 2293 275 2358 oratione
306 2291 412 2374 prima
441 2292 474 2355 in
497 2291 568 2357 Cat.
593 2292 627 2367 7,
660 2293 698 2356 16
728 2289 795 2377 (qm‘
822 2289 879 2354 tibi
900 2311 1044 2375 persepe
1071 2292 1115 2355 od
1143 2292 1258 2357 codem

60 2400 221 2464 constituti
241 2397 387 2481 fuerumt)
416 2397 560 2463 babuisse
588 2397 761 2462 Catilinam
784 2400 951 2462 senatores
975 2398 1019 2462 ad
1042 2397 1165 2463 caedem
1188 2420 1258 2463 eon·

60 2506 185 2570 rtitretoa
208 2503 287 2587 (non
310 2507 501 2569 consuluisae
528 2501 671 2585 tantum)
703 2503 871 2586 significat,
907 2507 939 2568 et
970 2505 1003 2568 in
1035 2505 1151 2569 eadem
1182 2525 1257 2572 ora·

60 2612 152 2679 tione
174 2610 482 2694 §memoratarum
504 2608 583 2692 ferit)
606 2630 672 2675 non
695 2611 799 2675 solum
824 2612 1034 2675 constitutum
1058 2630 1130 2676 esse
1147 2630 1257 2677 sacra·

60 2720 148 2784 rium
183 2719 270 2796 dicit,
304 2718 373 2796 sed,
409 2737 509 2799 quum
545 2721 631 2781 esset
664 2717 765 2781 semel
800 2718 1020 2796 constitutum,
1056 2717 1257 2800 aliquamdiu

63 2827 234 2890 mansisse.
280 2825 352 2889 Non
383 2825 490 2889 minus
513 2823 609 2888 huius
632 2823 746 2888 tonna
768 2825 950 2907 proprietas
974 2825 1095 2888 eminet
1117 2825 1151 2889 in
1174 2834 1256 2889 orat.

63 2953 124 3016 pro
147 2932 251 2997 Balbo
273 2930 292 3012 ἕ
316 2932 373 2996 2οε
414 2931 524 2995 Totum
546 2930 603 2993 boc
624 2931 660 2993 in
683 2951 720 2993 eo
740 2930 806 3012 fuit
823 2931 961 3014 positum
989 2950 1110 3013 semper
1133 2932 1256 2994 ratione

64 3046 158 3124 atque
180 3039 341 3113 eerrtermo,
366 3039 478 3102 autin
502 3036 647 3102 oratione
670 3056 729 3118 pro
753 3036 850 3101 domo
866 3055 893 3100 c.
909 3037 963 3113 43,
990 3037 1067 3100 111:
1092 3036 1173 3101 Eius
1194 3057 1258 3101 non
1271 3052 1311 3093 220

64 3147 154 3230 torpe
184 3166 206 3209 a
241 3143 402 3227 Tanapria
430 3145 636 3208 simulacrum
667 3165 683 3207 e
712 3163 870 3208 marmore
899 3144 935 3205 r'rr
956 3143 1097 3226 equdem
1120 3145 1258 3227 positum

63 3251 145 3335 fuit3
179 3251 395 3334 nequeenim
430 3253 542 3314 narrat
570 3251 696 3332 signum
725 3250 866 3332 positum
891 3267 972 3326 esse,
1007 3249 1067 3313 sed
1089 3248 1135 3313 ibi
1159 3249 1257 3314 luisse

65 3357 221 3441 (positum
244 3354 358 3438 fuisse)
381 3375 441 3420 nec
464 3357 530 3420 iam
554 3376 635 3421 esse.
682 3353 763 3437 [Cic.
786 3356 876 3421 Verr.
901 3356 938 3432 ll,
965 3355 1037 3434 104,
1062 3355 1113 3432 ΙΙΙ,
1140 3356 1207 3442 103,
1225 3360 1258 3422 et

67 3465 141 3541 127,
173 3464 213 3528 de
242 3462 298 3528 Or.
323 3462 374 3540 ΠΙ,
406 3462 437 3539 3,
470 3461 537 3545 10.]
583 3462 662 3526 Livii
695 3461 804 3540 verba,
840 3466 1013 3545 quaesunt
1038 3461 1190 3527 librilc.
1218 3463 1257 3526 19

65 3569 140 3653 (Bia
162 3569 276 3635 deinde
298 3603 341 3614 —
364 3570 489 3633 clausus
510 3568 576 3650 fuit
600 3567 713 3649 lenm)
737 3569 846 3650 plures
870 3569 1040 3651 proterunt
1055 3576 1088 3633 et
1103 3572 1192 3633 recte
1211 3569 1259 3633 sic

65 3677 257 3760 intelligunt,
281 3675 391 3740 uthis
416 3674 570 3739 accidisse
594 3679 754 3751 narretur,
778 3678 815 3740 ut
838 3674 1038 3757 aliquamdiu
1054 3675 1151 3739 lanus
1169 3676 1257 3740 clau-

63 3802 120 3847 sus
144 3787 302 3848 maneret.
348 3781 414 3846 Sed
441 3800 540 3862 quam
569 3785 692 3845 certum
722 3782 764 3846 sit
791 3782 970 3847 formarum
1000 3781 1182 3859 discrimen,
1218 3801 1258 3845 err

64 3890 126 3954 illis
150 3889 230 3954 Livii
253 3887 331 3953 locis
354 3892 501 3969 apparet,
536 3888 569 3951 in
598 3888 715 3970 quibus
745 3888 805 3953 hoc
829 3887 932 3953 altero
955 3887 1053 3952 modo
1077 3887 1118 3952 de
1141 3907 1258 3952 monu-

63 3997 183 4061 mentis
207 3996 425 4078 operibusque
449 3994 601 4075 loquitur,
637 4014 710 4076 quae
742 3994 886 4076 (prorsus
910 3998 946 4058 ut
969 3995 1002 4057 in
1026 3993 1079 4058 illo
1102 3993 1257 4059 orationis

63 4123 124 4185 pro
148 4103 246 4167 domo
268 4098 352 4182 loco)
375 4100 437 4164 hac
459 4119 526 4164 una
549 4106 626 4166 nota
642 4100 801 4183 significat
816 4099 991 4181 aliquando
1013 4100 1131 4164 alicubi
1147 4100 1256 4179 fuisse,

63 4229 125 4274 sua
154 4212 251 4274 aetate
274 4228 339 4274 non
362 4227 543 4289 superesse,
573 4208 662 4272 velut
685 4205 737 4289 [ΙΙ,
768 4206 809 4269 13
832 4209 913 4270 extr.
938 4206 985 4287 (in
1007 4226 1131 4269 summa
1155 4205 1258 4271 Sacra

63 4317 117 4379 oia
144 4314 209 4398 fuit
231 4317 338 4400 posita
366 4318 453 4401 m'rpo
480 4314 621 4380 insideres
649 4310 737 4398 equo)
765 4312 812 4395 et]
841 4313 905 4390 Vll,
935 4313 955 4376 3
986 4310 1066 4394 (fixa
1091 4312 1157 4394 fm't
1179 4309 1257 4394 (lex)

63 4421 173 4485 dextro
196 4423 290 4485 lateri
313 4422 393 4487 redis
416 4421 513 4504 Iopis)
538 4426 571 4486 et
592 4421 643 4498 Vl,
669 4420 721 4497 29,
745 4418 812 4497 ubi,
836 4438 937 4501 quum
961 4416 1008 4482 sic
1030 4417 1123 4482 dicit:
1159 4417 1257 4483 Dedi·

67 4534 171 4592 catum
195 4535 250 4593 est
273 4527 413 4613 (signum
436 4529 520 4594 lovis
544 4526 764 4610 Imperatoris)
787 4527 870 4590 mter
892 4525 1002 4588 cellam
1026 4522 1112 4588 Iovio
1134 4545 1172 4589 cc
1195 4523 1257 4588 Mt·

1008 4628 1043 4683 37
