2948 5206
685 337 748 402 711

115 534 248 616 dequo
272 533 388 616 agitur,
418 537 453 599 et
480 533 740 599 testimoniorum
763 533 1016 616 pertractatione
1040 552 1261 618 sanorumque
1284 539 1317 600 et

115 645 282 706 certorum
305 659 326 704 a
348 639 514 705 mendosis
537 643 571 705 et
592 638 724 704 incertis
747 641 964 721 separatione,
998 643 1036 705 ut
1066 643 1100 704 et
1128 642 1222 723 quasi
1250 644 1316 707 ter·

115 749 197 813 mini
221 748 300 812 certi
322 746 474 830 figantur,
510 745 596 811 iutra
623 766 705 829 quos
734 746 839 812 omnis
867 746 936 811 veri
965 745 1150 811 inveniendi
1178 751 1316 814 conatus

115 855 333 932 contineatur,
368 857 402 918 et
429 852 536 919 forma
564 852 716 936 quaedam
745 852 960 918 adumbretur
987 853 1158 919 sententiae
1186 858 1219 920 et
1241 874 1316 921 ora·

115 961 225 1040 tionis,
261 961 312 1026 cui
343 960 387 1038 id,
423 959 511 1043 quod
540 959 706 1042 quaeritur,
741 960 931 1026 satisfacere
959 960 1080 1026 debeat
1107 965 1141 1028 et
1162 962 1260 1027 simul
1283 961 1317 1027 in

115 1069 265 1136 codicum
289 1068 458 1150 scripturae
481 1066 617 1149 vestigia
640 1066 814 1132 incurrere.
860 1067 974 1149 Itaque
993 1087 1081 1150 saepe
1103 1088 1237 1151 pmrsus
1260 1088 1316 1134 ac·

115 1175 244 1241 ceditur
266 1174 310 1239 ad
326 1173 635 1240 mathematicorum
651 1173 823 1252 rationem,
847 1193 913 1256 qua
930 1193 972 1238 ex
991 1174 1213 1257 compluribus
1230 1177 1315 1241 notis

115 1300 219 1347 unum
242 1280 388 1364 ignotum
412 1278 459 1363 (x)
483 1280 645 1362 aequando
668 1282 849 1363 reperiunt,
872 1280 934 1346 nisi
957 1282 1046 1363 quod
1066 1282 1099 1347 in
1116 1283 1227 1347 critica
1245 1286 1316 1348 arte

115 1388 168 1453 hic
197 1387 292 1469 quasi
319 1387 418 1464 orbis,
454 1387 510 1470 qui
538 1390 614 1452 ante
643 1386 806 1464 definitur,
842 1407 916 1452 eam
944 1388 1046 1453 habet
1074 1390 1151 1467 vim,
1185 1408 1252 1454 non
1279 1394 1317 1455 ut

115 1514 231 1559 verum
259 1495 445 1560 necessario
472 1495 666 1571 inveniatur,
701 1493 760 1559 sed
793 1497 831 1559 ut
864 1494 907 1569 id,
943 1494 1031 1577 quod
1058 1495 1177 1579 ingenii
1205 1496 1254 1561 vis
1283 1500 1317 1562 et

115 1601 274 1667 doctrina
298 1604 392 1684 copia
415 1604 449 1666 et
472 1601 608 1666 felicitas
632 1600 784 1683 quaedam
807 1600 841 1665 in
864 1601 911 1665 rei
934 1605 992 1666 aut
1014 1602 1165 1668 vocabuli
1183 1603 1315 1669 latentis

115 1709 345 1791 cogitationem
380 1711 414 1773 et
447 1709 640 1773 memoriam
673 1726 733 1772 nos
767 1707 925 1773 inducens
959 1707 1129 1786 obiecerit,
1165 1709 1248 1792 exigi
1283 1713 1316 1774 et

115 1815 252 1880 iudicari
274 1816 388 1897 possit.
434 1815 471 1878 ln
493 1816 565 1896 ipsa
598 1818 708 1879 autem
738 1814 1016 1880 demonstratione
1045 1815 1080 1880 id
1111 1818 1160 1881 est
1191 1817 1314 1882 incom-

115 1921 216 1998 modi,
241 1921 328 2003 quod
351 1924 547 2004 argumenta
569 1921 674 1985 multa
696 1920 860 1986 ducuntur
883 1941 923 1986 ex
946 1921 1045 1986 rebus
1062 1921 1314 2005 notionibusque

115 2027 236 2111 partim
259 2026 338 2109 ipsis
356 2029 465 2092 minus
482 2028 653 2110 perspicue
670 2027 811 2092 definitis
829 2028 1070 2106 atterminatis,
1095 2028 1215 2110 partim
1232 2048 1314 2111 quas

115 2133 209 2199 multi
232 2153 299 2199 non
322 2134 402 2199 satis
424 2134 561 2199 firmiter
584 2134 836 2216 comprehensas
863 2138 987 2213 tenent,
1021 2138 1067 2213 ut,
1103 2135 1180 2218 quid
1203 2154 1314 2201 neces-

115 2241 236 2307 sariam
260 2240 396 2324 cogendi
419 2241 483 2305 vim
508 2240 640 2318 habeat,
669 2240 748 2323 quid
769 2261 836 2306 non
858 2241 991 2320 habeat,
1020 2261 1138 2324 parum
1161 2242 1313 2308 sentiant.

115 2347 182 2412 Sed
204 2350 317 2412 tamen
340 2349 372 2412 in
396 2346 559 2413 nonnullis
582 2346 660 2413 locis
684 2352 773 2413 recta
795 2348 879 2413 ratio
903 2349 987 2414 adeo
1014 2349 1111 2431 plene
1139 2349 1258 2431 exponi
1282 2352 1315 2414 et

115 2457 183 2519 tam
207 2453 381 2519 manifesto
405 2454 622 2519 demonstrari
644 2458 762 2536 potest,
792 2460 829 2519 nt
851 2454 945 2537 quasi
968 2454 1120 2538 quaedam
1144 2454 1313 2538 disciplina

115 2559 164 2639 iis,
194 2561 249 2642 qui
272 2562 344 2625 haec
366 2560 545 2644 intelligere
569 2560 713 2642 cupiunt,
744 2563 969 2627 constituatur.
1015 2563 1182 2628 Eiusmodi
1205 2563 1313 2629 locum

115 2685 218 2731 unum
242 2669 275 2731 et
298 2667 437 2732 alterum
462 2667 552 2732 soleo
574 2668 608 2731 in
631 2667 749 2733 scholis
772 2671 925 2748 tractare,
955 2689 1057 2751 quum
1081 2670 1124 2735 ad
1147 2671 1226 2735 artis
1251 2671 1313 2735 cri·

115 2774 188 2839 ticae
210 2782 377 2857 praecepta
401 2774 594 2856 explicanda
617 2775 701 2852 veni,
726 2778 759 2838 et
781 2775 880 2840 modo
902 2777 972 2858 ipse
996 2777 1107 2841 statim
1125 2776 1312 2855 emendare,

115 2880 228 2961 modo,
270 2881 390 2946 mendo
430 2880 577 2946 convicto
616 2880 918 2964 emendationisque
958 2882 1065 2948 forma
1104 2883 1312 2962 adumbrata,

114 2990 221 3070 ipsam
250 2987 513 3053 emendationem
545 2987 776 3052 inveniendam
803 2989 987 3071 relinquere
1015 2989 1230 3055 auditoribus.
1277 2990 1313 3054 ln

115 3113 154 3159 eo
184 3113 303 3177 genere
334 3113 412 3159 usus
443 3112 517 3158 sum
548 3095 646 3158 etiam
677 3095 740 3159 hoc
762 3094 951 3174 Quintiliani
982 3096 1054 3161 loco
1081 3102 1114 3161 et
1142 3096 1183 3161 de
1207 3115 1246 3161 eo
1269 3096 1312 3161 ad

115 3201 199 3267 banc
223 3201 291 3266 fere
314 3201 473 3266 rationem
498 3199 677 3282 disputavi:
700 3200 828 3265 Horum
851 3202 1042 3268 verbomm:
1071 3202 1142 3266 Alii
1164 3202 1247 3267 nibil
1270 3237 1310 3248 -

115 3315 227 3392 pactum
254 3327 360 3390 neque
388 3311 553 3374 structura
575 3307 787 3390 grammatice
810 3309 955 3391 expediri
977 3312 1086 3392 potest
1107 3328 1214 3391 neque
1236 3328 1311 3374 sen-

115 3415 217 3480 tentia
240 3415 307 3478 ulla
330 3435 371 3478 ex
393 3416 432 3479 iis
456 3414 550 3491 effici,
580 3417 646 3491 aut,
682 3414 710 3478 si
733 3433 832 3496 quam
855 3414 1015 3479 subiicere
1039 3415 1174 3492 coneris,
1209 3434 1311 3497 prava

114 3521 285 3604 reperitiu.
325 3521 409 3586 Nam
433 3540 540 3604 neque
562 3520 644 3584 nibil
666 3522 768 3584 citare
784 3529 863 3605 puto
886 3521 985 3586 ullam
1008 3521 1111 3586 habet
1133 3520 1311 3604 legitimam

115 3629 276 3694 rationem
300 3647 406 3710 neque
429 3648 462 3692 cc
485 3634 562 3692 ante
584 3628 687 3691 uitare
708 3626 813 3692 audiri
836 3631 945 3711 potest
967 3627 1056 3710 apud
1074 3627 1215 3711 putandi
1238 3647 1311 3692 ver·

115 3733 205 3814 bum,
240 3736 275 3799 in
301 3735 363 3800 hoc
390 3733 572 3817 praesertim
596 3734 709 3798 ordine
733 3737 766 3800 et
788 3735 907 3817 positu.
954 3735 1040 3799 Tum
1064 3733 1142 3816 quid
1165 3735 1208 3799 sit
1230 3733 1312 3798 nihil

115 3843 216 3906 nitore
238 3861 286 3923 eo,
310 3862 379 3924 quoe
402 3843 438 3905 in
460 3842 562 3905 oeulos
584 3843 763 3919 incurrunt,
788 3840 989 3927 exquirendo,
1013 3860 1147 3923 prorsus
1171 3860 1237 3906 non
1260 3842 1310 3905 in·

115 3948 281 4030 telligitur;
316 3968 390 4013 cum
425 3948 526 4013 verbo
554 3955 672 4032 pactam
699 3946 849 4030 coniungi
878 3947 1068 4033 exquirendo
1096 3946 1185 4012 nullo
1213 3948 1311 4012 modo

115 4059 237 4139 potest3
266 4054 408 4137 alioquin
436 4056 469 4120 in
493 4073 533 4119 ea
556 4055 781 4121 coniunctione
804 4074 869 4120 non
893 4053 1007 4119 melior
1030 4055 1192 4119 sententia
1214 4057 1310 4119 esset.

115 4163 284 4228 Postremo
308 4180 381 4243 quae
411 4161 482 4226 haec
513 4161 555 4225 sit
577 4163 692 4228 vitatio
715 4165 749 4227 et
771 4160 935 4245 quomodo
959 4161 1131 4225 coniuncta
1154 4180 1229 4225 cum
1253 4179 1310 4224 ex·

115 4270 287 4353 qirisitione
310 4287 434 4345 eorum,
470 4287 544 4350 quae
567 4269 601 4332 in
624 4268 734 4334 ocrrlos
757 4269 935 4345 incurrant,
966 4285 1064 4331 nemo
1087 4266 1213 4344 dixerit,
1249 4285 1310 4331 nec

115 4376 210 4459 quale
239 4377 301 4440 hoc
324 4376 366 4440 sit
389 4375 583 4457 eloquentia
614 4375 835 4441 studiosorum
857 4392 970 4456 genus,
1005 4371 1061 4453 qui
1094 4371 1176 4436 nibil
1208 4374 1311 4437 vitare

115 4481 375 4567 (succentore)
393 4489 520 4567 pactu,
545 4487 577 4546 et
600 4482 764 4566 quomodo
787 4483 830 4546 ab
853 4479 903 4556 iis,
927 4479 982 4563 qui
999 4480 1132 4543 contorti
1147 4487 1220 4543 aunt
1236 4479 1312 4544 locis

115 4590 259 4674 pectoris
285 4589 386 4666 modo,
416 4590 614 4672 seiungatur.
661 4587 802 4653 Omnino
831 4586 910 4652 nihil
932 4587 985 4651 hic
1012 4585 1073 4651 nisi
1101 4584 1310 4651 inanissimus
