2948 5206
695 337 749 400 Vll

136 534 313 610 persecutus
344 548 417 594 sum
448 531 480 594 in
509 532 556 605 iis,
593 552 665 612 quae
695 532 735 594 de
764 533 923 596 luvenalis
952 533 1029 597 locis
1058 535 1204 615 exposita
1232 538 1317 597 sunt.

134 652 241 717 Crilica
265 654 397 734 quidem
428 660 460 716 et
489 656 701 735 grammatica
731 655 918 737 disputatio,
954 676 1053 738 quam
1083 657 1125 720 ad
1157 657 1319 721 Ciceronis

133 777 265 840 maxime
288 778 453 841 orationes
476 779 605 854 contuli,
635 777 868 861 (praeterquam
897 781 983 860 quod
1013 800 1052 844 ea
1081 800 1190 856 causa,
1220 801 1318 862 quam

133 922 159 982 p.
175 902 237 964 439
261 901 451 983 significavi,
474 902 600 967 minuta
623 902 728 966 omitti
752 902 909 985 vetabat)
937 905 980 968 ob
1011 905 1073 968 hoc
1101 905 1208 985 ipsum
1233 904 1318 969 facta

132 1030 175 1088 est
203 1025 362 1106 copiosior
390 1029 424 1088 et
451 1026 582 1108 longior,
618 1027 706 1108 quod
740 1030 809 1091 tota
843 1026 969 1090 ratione
1002 1046 1077 1091 mea
1112 1028 1260 1109 exposita
1288 1033 1320 1093 et

133 1149 327 1213 fundamenti
359 1151 460 1214 critici
489 1151 705 1215 constituendi
735 1150 890 1232 (maxime
917 1151 951 1215 in
981 1151 1128 1216 oratione
1156 1118 1333 1234 Sestianas

134 1278 161 1336 et
180 1273 378 1355 singularum
408 1294 528 1352 rerum,
558 1275 656 1339 etiam
685 1275 858 1352 minorum,
888 1274 1186 1356 ponderandamm,
1218 1296 1319 1359 quum

135 1397 321 1462 evidentiam
345 1398 632 1464 demonstrationis
656 1400 810 1480 consequi
842 1399 1002 1475 volebam,
1039 1400 1170 1464 exclusa
1197 1401 1320 1464 incerta

135 1521 344 1600 fluctuatione,
380 1531 449 1587 tum
485 1525 517 1587 in
552 1543 618 1588 una
652 1524 760 1605 aliqum
796 1525 890 1604 parte
918 1523 1124 1587 emendanda
1142 1523 1247 1587 -simul
1277 1523 1320 1587 ad

136 1649 246 1709 rectam
269 1646 409 1710 aliarum
433 1647 574 1728 portium
591 1647 818 1712 tractationem
835 1646 956 1728 aliquid
973 1647 1130 1723 conferre,
1153 1650 1320 1730 postremo

136 1767 261 1846 efficere,
287 1772 325 1832 ut
347 1776 463 1851 postea
485 1770 562 1835 alibi
586 1771 726 1834 breviori
749 1790 821 1834 esse
845 1770 965 1835 liceret.
1012 1770 1096 1835 Nam
1119 1790 1179 1834 nec
1203 1769 1318 1834 diffici-

135 1891 185 1955 lius
208 1912 347 1974 usquam
377 1899 582 1977 expugnatur
610 1896 721 1959 critica
749 1895 937 1975 superstitio
965 1913 1065 1976 quam
1093 1894 1127 1957 in
1156 1893 1320 1958 Ciceronis

134 2017 265 2099 scriptis,
302 2039 361 2082 nec
392 2039 530 2100 usquam
562 2019 659 2083 latius
691 2022 827 2100 vagatur
851 2018 962 2092 ¹inanis
993 2018 1144 2100 quaedam
1176 2017 1320 2081 velitatio

134 2144 293 2206 lominum
316 2143 360 2217 id,
384 2143 472 2225 quod
494 2144 596 2224 quaeri
619 2143 750 2221 debeat,
774 2162 880 2223 neque
905 2142 1083 2207 videntium
1099 2161 1205 2223 neque
1221 2143 1320 2206 attin·

133 2268 279 2346 gentium.
326 2267 362 2330 ln
386 2286 422 2330 re
445 2269 659 2348 grammatica
682 2268 754 2349 quis
777 2268 961 2348 praecipuus
984 2267 1026 2330 sit
1042 2270 1153 2331 nostro
1173 2269 1320 2346 tempore

133 2390 292 2455 hominum
317 2392 397 2454 satis
428 2392 616 2456 sedulorum
645 2412 745 2468 error,
775 2391 954 2474 significavi
983 2392 1125 2455 breviter
1148 2412 1180 2472 p.
1198 2391 1263 2454 382
1288 2393 1321 2453 et

133 2514 200 2590 522,
223 2515 256 2578 in
279 2534 345 2595 quo
368 2535 405 2579 se
428 2518 461 2578 et
484 2519 637 2598 torquent
659 2519 692 2579 et
714 2516 846 2580 iactant.
893 2515 959 2579 Sed
985 2535 1024 2579 ea
1047 2534 1098 2579 res
1122 2514 1320 2595 singularem

134 2639 259 2719 requirit
293 2639 562 2720 disputationem,
598 2660 670 2722 quae
706 2660 818 2704 eorum
854 2641 969 2716 etiam,
1005 2640 1059 2720 qui
1095 2639 1243 2703 universe
1279 2639 1319 2700 de

133 2764 233 2844 lingua
256 2767 290 2827 et
311 2784 463 2827 sermone
487 2784 522 2827 se
545 2783 691 2844 quaerere
715 2765 917 2846 profitentur,
942 2784 1066 2828 errores
1083 2764 1196 2828 tollere
1218 2762 1319 2825 debe-

133 2888 184 2950 bit.
229 2888 431 2969 Singularem
458 2889 596 2969 denique
621 2894 653 2951 et
677 2889 793 2952 criticae
818 2896 850 2952 et
878 2889 1152 2970 interpretationis
1176 2888 1319 2969 pravila-

134 3016 191 3074 tem
219 3013 414 3093 reprehendi
443 3013 475 3075 in
504 3011 722 3093 disputatione
754 3013 956 3088 Lucretiam,
987 3013 1161 3076 verborum
1189 3012 1319 3073 inanem

134 3156 241 3200 sonum
264 3157 325 3218 pro
349 3136 496 3200 oratione
522 3139 610 3198 recte
633 3139 756 3199 structa
786 3141 818 3200 et
846 3137 1008 3201 sententia
1031 3135 1196 3217 scriptoris
1219 3153 1320 3197 aucu-

133 3267 258 3341 pantem
283 3265 316 3324 et
349 3281 421 3324 cum
454 3260 605 3341 singulari
630 3279 749 3336 rerum,
786 3281 859 3342 quae
891 3282 910 3324 a
941 3262 1097 3342 scriptore
1130 3263 1319 3334 tractentur,

133 3386 307 3466 ignorantia
331 3392 365 3448 et
388 3385 512 3448 incuria
536 3387 753 3448 coniunctam.

215 3511 352 3573 Animus
376 3513 448 3573 erat
469 3509 543 3572 huic
567 3509 722 3572 volumini
745 3509 903 3574 subiicere
927 3531 1032 3591 pauca
1055 3511 1217 3591 quaedam,
1248 3528 1320 3588 quae

134 3655 151 3696 a
173 3656 222 3697 me
247 3636 287 3698 de
311 3636 389 3698 locis
413 3639 560 3698 veterum
583 3634 776 3714 scriptorum
802 3634 1014 3697 emendandis
1032 3638 1088 3697 aut
1104 3634 1320 3714 interpretan-

134 3759 178 3821 dis
200 3760 320 3840 scripta
344 3759 377 3822 in
401 3758 665 3839 ephemeridibus
689 3759 791 3821 latent
815 3757 916 3839 (velut
944 3759 1077 3821 Liviana
1109 3760 1141 3821 in
1171 3757 1320 3820 Seebodii

136 3883 290 3946 tabulario
313 3883 423 3964 philol.
450 3903 478 3945 a.
501 3885 583 3946 1828
608 3903 639 3945 n.
659 3881 725 3962 34).
772 3883 837 3946 Sed
867 3902 906 3945 ea
934 3882 1030 3963 spatii
1055 3882 1211 3963 angustiis
1235 3901 1321 3943 nunc
1406 3971 1408 3975 Ι

136 4008 256 4072 exclusa
281 4007 370 4072 aliud
395 4010 585 4088 exspectant
608 4010 748 4087 tempus,

236 4185 341 4249 Scrib.
366 4185 505 4249 Hauniae
530 4185 617 4248 feriis
641 4185 760 4249 aestivis
784 4206 814 4248 a.
837 4184 1118 4249 MDCCCXXXIV.
