2948 5206
705 319 766 384 tet

135 521 271 575 Plautina
302 516 425 587 syntaxis
452 515 564 569 libertas
591 514 629 578 11,
661 513 696 566 69
777 517 965 584 Ρναιινᾳιιαηι
983 533 1052 571 num
1070 517 1188 572 divisum
1207 521 1280 588 apud
1295 521 1335 575 Ci-

172 615 229 663 not.
251 607 273 671 1,
293 606 327 659 99
346 610 411 668 not,
431 603 478 657 101
498 611 555 659 not.

135 695 226 750 Plebis
246 697 377 748 Romane
401 693 476 763 origo
503 692 557 748 230
581 710 640 764 sqq.
666 699 695 748 et

171 790 246 838 nota.

134 873 241 928 Plinius
263 872 348 926 Maior
370 873 553 941 reprehensus
575 873 604 925 in
627 872 695 926 anti·

171 961 284 1029 quitatis
307 962 567 1015 commemoratione
596 966 623 1015 et
651 962 695 1014 dc·

170 1051 318 1120 scriptione
346 1050 383 1113 ss,
414 1050 467 1102 255
494 1058 550 1104 not.
581 1050 609 1115 1,
642 1049 696 1103 262

170 1145 228 1194 not.
249 1139 272 1192 1.

135 1230 271 1284 Plurimi-s
288 1229 376 1282 verbis
394 1235 420 1282 et
434 1229 565 1296 pluribus
583 1227 643 1282 524.

133 1317 398 1386 Plusquampersecti
422 1316 510 1371 forma
528 1317 561 1379 ΙΙ,
585 1315 620 1369 68
637 1322 694 1371 not.

170 1406 473 1475 Plusquampersectum
528 1406 692 1460 coniunctivi

170 1495 286 1550 notabili
303 1495 385 1549 modo
404 1495 489 1549 futuri
502 1495 589 1549 exacti
606 1496 694 1549 vicem

169 1601 268 1654 gerens
285 1584 318 1647 ΙΙ,
337 1583 379 1637 87.
416 1583 509 1652 Plusq.
528 1583 694 1638 coniunctivi

171 1666 264 1728 rarum
283 1674 312 1727 in
330 1672 497 1736 condicione,
523 1672 570 1726 ubi
589 1672 643 1726 alia
660 1673 694 1727 si·

171 1763 230 1817 mul
248 1761 413 1817 coniunctivi
432 1777 515 1815 causa
533 1762 565 1825 ΙΙ,
590 1760 642 1813 227
667 1767 695 1816 et

171 1855 227 1906 not.

134 1943 216 1996 Pam·
232 1945 259 1993 et
280 1940 417 1993 Pboem'cea
441 1945 469 1993 et
490 1940 694 2008 Carthaginien·

170 2047 212 2083 ace
230 2029 263 2091 ΙΙ,
282 2028 325 2081 37.

133 2118 257 2187 Pompeii
285 2123 346 2171 acta
373 2117 446 2171 tertii
476 2117 634 2171 consulatus
660 2117 693 2181 Π,

170 2204 224 2258 246
241 2222 300 2274 sqq.

132 2295 257 2364 Pompeii
275 2295 417 2348 Strabonis
442 2294 567 2347 instituta
585 2294 613 2347 in
632 2294 692 2348 Gal·

170 2385 207 2437 lia
223 2383 420 2452 Transpadana
437 2381 491 2435 276
509 2399 568 2450 sqq.

133 2475 247 2534 Pontus,
266 2472 354 2525 Lusus
373 2472 400 2525 in
420 2472 472 2525 hoc
489 2471 601 2525 nomine
614 2472 646 2535 11,
666 2471 691 2526 5.

132 2563 257 2629 Papulae
286 2560 498 2629 municipiorum
532 2566 559 2614 et
594 2560 692 2615 coloni·

169 2666 249 2704 amm
266 2639 327 2701 249.

131 2739 245 2794 Porcius
263 2737 382 2792 Licinius
400 2743 481 2807 poeta
501 2737 561 2791 107.

133 2831 262 2883 Ροηείάιο
279 2843 362 2895 prave
380 2827 501 2896 positum
520 2827 553 2890 11,
573 2827 614 2880 16.

132 2919 249 2972 Possum
269 2918 414 2984 perfecisse
439 2916 471 2978 ΙΙ,
498 2914 557 2969 123.
596 2919 691 2970 Pocae:

169 3005 238 3058 falsa
263 3004 290 3058 in
314 3005 365 3057 boc
389 3005 472 3058 verbo
496 3005 633 3058 distinctio
658 3005 690 3070 11,

168 3092 229 3147 321.

133 3185 230 3237 Potine
256 3200 338 3250 quom
368 3199 431 3235 cum
459 3181 535 3235 infin.
562 3180 690 3234 coniunc-

169 3277 229 3324 tum
249 3268 328 3323 7442

134 3360 263 3412 merari
280 3376 344 3412 cum
367 3358 522 3413 accusativo
544 3374 600 3412 non
618 3358 691 3413 Cice·

168 3448 313 3501 ronianum
332 3446 393 3500 444.

132 3536 256 3591 Profecti
274 3536 428 3591 cohortium
452 3535 588 3590 sociarum
607 3536 690 3607 impe·

168 3631 291 3679 ratarum
310 3630 390 3679 aetate
408 3625 442 3677 37
461 3641 520 3693 sqq.

132 3714 360 3769 Praefecturarum
373 3714 447 3783 origo
463 3719 491 3767 et
504 3713 626 3768 condicio
638 3711 690 3766 234

167 3821 227 3873 sqq.

132 3892 305 3947 Pronomina
317 3910 334 3945 a
346 3891 475 3946 Cicerone
487 3890 577 3962 posita
594 3895 621 3944 et
633 3907 690 3944 non

167 3979 257 4050 posita
283 3979 312 4034 iu
339 3984 418 4034 oratt.
447 3979 512 4045 170,
540 3978 601 4045 353,
628 3977 689 4044 362,

168 4067 229 4134 464,
248 4067 309 4132 496,
328 4067 388 4122 498.

132 4156 255 4212 Praesens
278 4156 358 4211 indie.
382 4157 409 4211 in
433 4156 690 4226 interrogationibus

169 4247 236 4300 certi
253 4245 360 4315 generis
377 4247 410 4310 11,
429 4245 465 4300 40
482 4263 541 4316 sqq.
566 4245 690 4300 Praesens

167 4334 277 4404 proiut
287 4335 514 4399 exact011‚80et
524 4339 579 4388 not.
607 4335 688 4388 Pras

168 4425 328 4478 historicum
355 4423 466 4478 liberius
494 4424 567 4492 apud
594 4427 690 4494 poetas

168 4513 197 4567 in
215 4512 357 4568 sententiis
376 4512 495 4567 relativis
513 4517 564 4567 cet.
576 4513 610 4578 11,
628 4510 689 4566 225.

133 4603 272 4656 hamore
291 4601 351 4656 151.

812 621 938 658 ceronam
958 605 992 670 11,
1011 605 1072 659 166.

777 695 963 762 Priusquam
981 711 1044 749 cum
1063 694 1139 749 infin.
1157 697 1335 753 coniunctum

814 780 887 836 744⁸.

777 872 833 926 Pr0
851 889 882 924 re
901 869 962 925 497.

775 961 931 1014 Pronomen
941 962 1047 1016 adiecto
1056 962 1258 1017 numerali359.
1273 963 1335 1017 Pro

812 1066 912 1104 nornen
945 1050 1192 1105 demonstrativum
1221 1053 1335 1106 relativo

811 1139 924 1193 subiecti
944 1140 1004 1193 loco
1020 1140 1108 1208 posito
1126 1140 1335 1209 superadditum

810 1226 876 1292 468;
891 1220 1037 1282 mundans
1047 1229 1166 1298 quodam
1181 1230 1263 1283 modo
1272 1233 1333 1298 po'st

810 1317 956 1370 relativum
970 1317 1034 1380 506;
1053 1317 1158 1386 positus
1171 1317 1223 1370 508
1236 1323 1263 1372 et
1273 1317 1304 1370 51
1310 1317 1333 1371 Ι.

811 1405 1332 1475 Reflexivumprodemonstrativol89.

810 1494 967 1549 Relativuur
987 1495 1075 1549 laxius
1093 1512 1241 1566 annexum,
1263 1512 1336 1550 nova

811 1583 914 1637 adscita
935 1585 1047 1638 notione
1064 1583 1125 1638 373.
1162 1584 1288 1639 Relatira
1307 1590 1334 1638 et

810 1672 1025 1727 demonstrativa
1050 1675 1186 1727 sententia
1210 1689 1266 1727 non
1292 1689 1335 1726 ac-

811 1767 904 1814 curate
914 1762 1081 1831 respondens
1091 1761 1151 1816 514.
1175 1763 1234 1816 vid.
1250 1762 1334 1815 etiam

810 1853 861 1917 hic,
881 1853 957 1917 idem,
977 1853 1028 1914 etia,
1046 1855 1111 1918 ipae.

776 1940 892 2006 Propter
910 1941 946 2001 td,
965 1956 998 1992 ne
1015 1939 1164 1993 barbarum
1183 1940 1217 2004 ΙΙ,
1236 1939 1296 1992 305.

775 2029 862 2080 Pudet
884 2029 979 2094 seciam
1003 2043 1058 2081 non
1086 2045 1174 2097 prosae
1201 2028 1332 2082 orationis

810 2116 843 2180 ΙΙ,
863 2116 922 2169 119.

775 2207 968 2274 Pytbcporeue,
982 2221 1037 2258 non
1049 2208 1247 2274 Pythagoricus
1258 2206 1332 2275 apud

810 2294 930 2347 Ciceron.
950 2292 1011 2346 512.

1030 2435 1069 2514 Q.

774 2561 928 2628 Quaestores
946 2559 974 2613 in
993 2559 1114 2613 iudicum
1129 2558 1245 2612 lectione
1264 2575 1332 2613 num

809 2650 873 2718 quid
893 2649 997 2716 egerint
1015 2648 1049 2713 ΙΙ,
1067 2645 1121 2700 245
1138 2653 1194 2702 not.

777 2740 938 2807 Quanquam
957 2738 1088 2806 apodosin
1114 2736 1246 2805 incipiens
1265 2735 1330 2797 391;

809 2827 837 2880 in
856 2827 1015 2895 corrigendo
1030 2842 1078 2895 per
1090 2824 1330 2894 interrogationem

808 2916 841 2978 ΙΙ,
860 2915 921 2969 303.

776 3007 863 3071 Quasi
879 3003 931 3055 494
950 3009 1007 3058 not.

776 3095 830 3159 Qui
852 3098 878 3146 et
902 3100 932 3145 ot
954 3095 1002 3160 qui
1024 3092 1051 3145 in
1075 3091 1253 3145 exclamando
1278 3090 1331 3144 516

808 3188 864 3235 not.
883 3180 908 3235 2.

776 3272 829 3336 Qut·
859 3271 887 3323 in
919 3269 1130 3338 interrogatione
1162 3285 1224 3322 cum
1259 3284 1330 3322 com·

807 3359 932 3428 parativo
950 3358 984 3421 ΙΙ,
1003 3357 1063 3410 265.

775 3450 846 3514 Quia
864 3464 927 3502 cum
952 3447 1099 3500 indicativo
1121 3462 1171 3514 pro
1194 3446 1331 3499 sententia

807 3536 914 3590 infinita
940 3536 1014 3605 apud
1046 3534 1191 3603 scriptores
1223 3533 1330 3588 ecclesi·

807 3625 906 3680 asticos
924 3625 957 3688 11,
976 3623 1036 3676 239.

775 3717 845 3781 Quia
864 3719 892 3767 et
909 3716 1038 3782 quoniam
1055 3711 1109 3767 440
1127 3718 1154 3767 et
1172 3718 1229 3766 not.

775 3805 853 3871 Quid,
872 3806 898 3857 ei
915 3805 1061 3856 tosseim?
1076 3807 1116 3855 et:
1137 3803 1212 3872 quid,
1231 3804 1257 3855 ei
1274 3804 1328 3854 iue-

806 3896 887 3946 acro?
902 3892 936 3956 11,
956 3891 998 3945 99.

774 3983 886 4048 Quidem
913 3997 985 4049 saepe
1011 3979 1187 4034 subditicium
1212 3978 1272 4032 406.
1297 3979 1329 4032 V.

807 4071 858 4123 ate.

774 4160 846 4224 Quin
858 4173 908 4226 pro
925 4159 995 4226 quod
1006 4174 1069 4220 non,
1088 4155 1243 4210 accusativo
1256 4172 1329 4219 casu,

807 4245 866 4300 143.

774 4337 840 4401 Quia
859 4351 908 4403 pro
927 4350 969 4398 eo,
988 4350 1014 4402 q.
1034 4349 1057 4387 c.
1075 4341 1136 4387 uter
1153 4333 1187 4397 tl,
1207 4331 1266 4385 183.

770 4419 916 4491 ‘Quiepiom
940 4422 1009 4476 falso
1032 4439 1083 4492 pro
1105 4438 1146 4486 eo,
1170 4438 1196 4490 q.
1215 4439 1239 4475 e.
1258 4424 1329 4490 quie

806 4528 889 4581 quom
907 4511 941 4576 11,
960 4510 1021 4564 140.

774 4601 850 4668 Quod
866 4615 917 4669 pro
935 4599 1090 4655 accusativo
1109 4614 1172 4654 eum
1192 4596 1328 4654 infinitivo
