2956 5190
800 219 863 284 178

235 413 358 479 foedere
393 413 523 479 sociatae
559 415 745 479 communia
779 414 914 480 concilia
948 434 1022 478 cum
1056 414 1289 480 communione
1321 415 1406 498 aliqu

236 542 400 587 sacrorum
425 520 628 603 publicorum
652 521 823 586 coniuncta
846 521 992 599 obibant,
1016 521 1229 602 maximeque
1251 520 1337 586 bella
1351 540 1409 587 oon

236 629 352 692 iunctis
375 627 498 691 viribus
521 628 688 709 gerebant,
724 631 761 692 ut
788 627 901 710 praeda
930 627 963 691 in
992 646 1166 692 commune
1189 627 1337 704 cederet;
1365 647 1410 693 net

235 739 347 800 tamen
369 734 503 816 singulae
528 733 673 800 civitates
696 734 968 817 impediebantur,
992 753 1057 816 quo
1080 733 1189 798 minus
1207 753 1272 799 sua
1287 752 1414 799 seorsim

237 840 369 906 consilia
386 844 550 922 caperent,
574 844 610 905 ut
627 841 731 905 multa
748 840 938 906 Latinorum
955 840 1105 923 exempla
1121 839 1316 906 ostendunt
1347 840 1415 906 Nau

237 948 425 1012 Latinorum
449 949 482 1011 et
504 947 719 1012 Hernicorum
742 947 889 1012 civitates
913 950 974 1012 hoc
996 947 1093 1011 modo
1117 946 1313 1013 coniunctas
1336 946 1417 1012 irrisae

236 1054 441 1118 notissimum
465 1048 565 1136 est¹);
595 1057 738 1118 ceterum
763 1058 795 1119 et
818 1055 861 1119 ad
884 1053 1021 1119 Etruriae
1044 1053 1183 1136 populos
1206 1052 1274 1119 hoc
1296 1053 1420 1136 pertinet

237 1164 269 1225 et
292 1161 357 1225 late
380 1160 441 1224 hoc
464 1179 565 1242 genus
589 1163 680 1243 patet
702 1182 761 1244 per
784 1159 1069 1226 omnem‘ltaliam.
1103 1160 1205 1224 Extra
1220 1160 1297 1225 haec
1313 1159 1421 1225 ioeden

237 1271 348 1332 autem
371 1266 505 1348 singulae
529 1267 677 1332 civitates
700 1268 797 1350 plane
821 1267 863 1332 ab
888 1267 959 1332 aliis
982 1267 1153 1349 diremptae
1181 1270 1216 1331 et
1247 1266 1345 1349 quasi
1369 1265 1419 1331 cir·

237 1373 388 1438 cumcisae
412 1376 514 1439 erant.
561 1373 727 1458 Peregrini
749 1373 907 1450 homines,
932 1374 987 1456 qui
1010 1373 1189 1456 antiquitus
1212 1372 1316 1438 iidem
1337 1372 1421 1437 heda

238 1481 498 1563 appellabantur,
533 1484 690 1563 tanquam
720 1480 857 1545 diversae
879 1483 1017 1560 naturae,
1052 1482 1086 1545 in
1107 1480 1247 1563 privatis
1270 1479 1369 1545 rebus
1388 1479 1422 1544 ad

238 1607 294 1652 eas
317 1587 394 1652 iuris
418 1589 540 1654 formas
564 1588 772 1668 actionesque
796 1606 862 1651 non
887 1587 1152 1665 admittebantur,
1177 1607 1255 1670 quae
1280 1588 1422 1670 cuiusque

238 1693 375 1759 civitatis
400 1697 538 1777 propriae
563 1697 657 1759 erant
679 1694 722 1759 ad
745 1714 813 1758 suae
837 1694 993 1776 cuiusque
1022 1693 1068 1759 rei
1092 1695 1289 1760 custodiam.
1323 1694 1422 1776 Itaque

239 1802 402 1866 communi
431 1803 574 1884 quadam
601 1801 755 1884 aequitate
784 1801 1055 1880 defendebantur,
1090 1820 1155 1882 qua
1190 1821 1318 1884 paucos
1351 1800 1423 1865 anh'·

239 1908 394 1990 quissimo
428 1913 576 1991 tempore
612 1908 749 1973 confisos
785 1927 856 1972 esse
892 1907 1062 1990 probabile
1097 1912 1161 1986 est,
1203 1908 1252 1973 ita
1292 1913 1330 1973 ut
1361 1926 1424 1972 ram

239 2016 371 2081 omnino
404 2036 456 2080 res
485 2015 692 2096 rationesque
726 2014 811 2078 inter
844 2013 1047 2079 diversarum
1082 2013 1253 2079 civitatum
1288 2013 1424 2079 homines

239 2123 517 2188 contraherentur.
562 2121 682 2186 Postea
712 2121 782 2185 haec
813 2121 846 2184 in
877 2122 1047 2184 certiorem
1076 2120 1217 2184 formam
1245 2118 1425 2184 redactact

239 2250 324 2295 nova
347 2229 425 2295 iuris
447 2229 596 2294 instituta
618 2228 693 2292 hinc
717 2227 806 2308 apud
828 2227 996 2291 Romanos
1020 2230 1092 2291 orta
1114 2230 1201 2290 sunt.
1247 2226 1319 2291 Nec
1341 2226 1425 2291 tami·

239 2337 356 2401 liarum
390 2356 492 2402 nexus
527 2336 620 2413 iuste,
656 2335 689 2399 id
718 2337 777 2412 est,
812 2332 858 2398 ita
887 2336 923 2397 ut
951 2333 1044 2397 liberi
1071 2337 1199 2415 patrem
1222 2336 1427 2415 sequerenbu

239 2445 386 2526 interque
400 2463 455 2508 eos
467 2442 582 2526 patriae
594 2440 774 2523 potestatis,
798 2440 920 2515 tutelae,
945 2439 1135 2504 hereditatis
1147 2439 1219 2503 iura
1237 2444 1426 2513 constarent,

240 2570 313 2616 curn
337 2550 514 2633 peregrinis
532 2547 819 2613 contrahebantur.
855 2546 938 2610 Fieri
959 2552 1070 2611 tamen
1087 2547 1226 2628 poterat,
1251 2549 1289 2609 ut
1306 2544 1428 2609 toederi·

238 2658 301 2723 bus
325 2658 473 2722 ineundis
501 2657 585 2720 inter
613 2654 759 2719 civitates
787 2674 853 2719 non
882 2673 921 2718 eo
949 2653 1057 2731 modo,
1092 2672 1156 2734 quo
1191 2651 1327 2716 Latinas
1361 2650 1428 2721 dixi,

186 2780 226 2820 ²2⁰
240 2766 366 2830 iunctas
390 2763 574 2829 communio
598 2761 707 2842 aliqua
729 2760 834 2824 maior
856 2760 934 2824 iuris
957 2759 1075 2841 privati
1099 2758 1342 2836 concederetur,
1372 2776 1429 2839 quo
1468 2808 1470 2843 ,

240 2876 388 2953 spectare
411 2870 539 2934 videtur
562 2867 738 2949 hospitium
762 2866 929 2949 publicum
953 2885 973 2931 a
996 2865 1153 2930 Romanis
1171 2885 1246 2929 cum
1264 2863 1429 2929 Caenubm
1468 2860 1470 2867 '

241 2978 356 3042 initum
380 2975 461 3058 (Lir.
485 2976 522 3053 V,
557 2972 623 3055 50).
670 2974 771 3038 Multo
801 2974 835 3038 id
866 2973 969 3055 magis
1000 2972 1123 3036 tactum
1154 2971 1299 3050 videtur,
1335 2991 1430 3054 quum

241 3083 354 3147 civitas
378 3083 487 3165 aliqua
509 3081 656 3164 pluribus
679 3080 745 3144 iam
768 3082 852 3144 inter
875 3100 910 3144 se
934 3078 1041 3144 toedus
1064 3078 1261 3143 habentibus
1285 3098 1327 3142 ex
1343 3096 1431 3159 aequo

241 3189 480 3272 adiungeretur,
517 3187 604 3252 velut
637 3207 735 3269 quum
768 3187 875 3251 Roma
906 3205 971 3250 non
1000 3205 1066 3250 una
1090 3205 1129 3249 ex
1152 3185 1275 3250 Latinis
1299 3183 1431 3249 civitati·

241 3294 304 3360 bus
333 3296 420 3361 iacta
449 3300 513 3373 est,
548 3295 606 3359 sed
641 3314 680 3358 ex
715 3294 818 3358 altera
853 3292 984 3358 toederis
1012 3296 1104 3375 parte
1134 3291 1285 3356 omnibus
1315 3291 1431 3356 Latinis

242 3397 417 3485 aequata.²)

313 3686 440 3740 acumine
467 3688 510 3740 vel
537 3685 669 3754 ingeniosi
692 3684 825 3746 homines,
854 3683 902 3751 qui
926 3681 965 3735 rei
988 3699 1044 3737 non
1067 3682 1132 3737 satis
1156 3686 1228 3736 nota
1250 3680 1434 3734 laudationem

314 3775 473 3844 suscipiunt.

272 3861 293 3929 ¹)
312 3861 364 3930 [De
382 3865 485 3918 Latinae
503 3863 591 3933 gentis
609 3863 717 3933 populis
742 3863 953 3930 civitatibusque
977 3860 1099 3915 discretis
1124 3859 1191 3913 nihil
1215 3875 1284 3928 opus
1308 3863 1351 3912 ast
1373 3856 1435 3913 dien

315 3954 348 4006 de
367 3952 547 4007 Hernicorum
570 3954 658 4023 gentis
676 3952 783 4021 populis
807 3951 991 4015 conterantur,
1016 3966 1076 4018 quae
1095 3949 1247 4003 Gronovius
1270 3948 1305 4001 ad
1330 3946 1388 4001 Lir.
1406 3946 1435 4009 V,

314 4041 357 4106 34,
377 4042 394 4093 5
412 4040 539 4111 collegit]

273 4127 293 4196 ²)
313 4130 398 4184 hlulta
416 4133 513 4185 horum
533 4130 633 4184 similia
651 4131 724 4199 apud
743 4129 850 4184 Graecos
870 4130 962 4194 tuisse,
986 4145 1103 4197 quorum
1126 4132 1220 4181 tamen
1242 4126 1338 4196 populi
1361 4126 1438 4193 longe

316 4219 407 4274 minus
425 4219 524 4274 diversi
543 4219 646 4288 origine
665 4219 852 4288 institutisque
871 4223 949 4272 erant
973 4235 1056 4287 quarn
1075 4217 1174 4281 Latini,
1197 4215 1311 4279 Etrusci,
1335 4213 1438 4277 Umbri,

316 4308 461 4373 Samnites,
484 4314 580 4363 notum
600 4315 649 4361 est.
687 4308 814 4362 Ceterum
833 4309 892 4361 haec
910 4324 942 4362 eo
962 4308 1047 4376 magis
1071 4305 1230 4360 summatim
1254 4304 1340 4373 attigi,
1367 4302 1440 4372 quod

316 4400 402 4449 totam
429 4398 569 4452 Niebuhrii
596 4398 631 4451 de
658 4396 793 4466 isopolitia
822 4402 849 4450 et
877 4396 1025 4466 municipio
1050 4394 1263 4464 disputationem
1287 4392 1441 4447 accuratius

315 4482 466 4539 limandam
484 4492 551 4556 puto
570 4492 598 4540 et
616 4502 745 4555 magnam
764 4486 823 4539 eius
841 4491 948 4554 partem
967 4485 1151 4549 reficiendam,
1170 4484 1204 4538 de
1217 4500 1271 4552 quo
1283 4483 1366 4552 paulo
1378 4485 1440 4551 post
