2948 5206
142 97 215 165 senti
234 95 415 178 perfectum
438 77 651 176 distingueret
674 115 813 178 eumque
837 115 934 160 usum
962 96 1066 178 magis
1094 98 1193 162 etiam
1224 118 1324 181 quam

147 201 194 271 alii
221 202 261 266 ad
294 201 511 267 alienissimos
545 202 633 267 locos
667 202 869 267 transferret.
920 203 1050 268 Positus
1084 203 1144 281 est,
1179 207 1215 269 ut
1251 205 1328 282 dixi,

151 309 238 375 omnis
259 327 338 375 usus
361 309 395 373 in
419 328 468 385 eo,
492 312 530 372 ut
552 327 592 372 ex
614 327 650 372 re
674 308 761 373 lacta
785 307 832 391 (id
855 310 942 373 enim
965 310 1178 391 grammatice
1197 308 1382 392 diciturl11⁴

155 413 288 480 efficiatur
321 416 485 480 sententia
518 415 693 497 generalis,
730 435 831 497 quum
867 415 1089 493 concludatur,
1125 416 1212 481 idem
1248 417 1329 482 alias

157 541 260 603 quoque
281 522 368 598 fieri3
404 521 465 585 erit
492 522 590 603 igitur
617 541 677 603 pro
706 523 778 603 ipsa
800 521 863 586 hac
886 522 1050 595 sententia
1072 524 1218 589 narratio
1241 524 1328 589 idem

160 627 326 709 exprimens,
350 629 378 693 si
402 628 568 693 addideris
590 627 729 692 verbum
753 627 886 709 aliquod
909 626 1014 713 (slepe,
1038 632 1140 713 multi,
1159 627 1329 716 plerique),

162 752 209 814 quo
225 734 416 817 significetur
439 754 491 799 res
514 735 702 817 frequenter
725 734 822 798 facta.
869 736 978 817 Atque
1007 738 1041 801 in
1069 737 1132 802 hac
1155 737 1329 802 omissione

161 837 315 909 luusmodi
339 841 514 907 verborum
538 841 646 923 posita
669 844 719 905 est
741 841 847 922 prima
871 843 1063 924 proprietas,
1088 842 1149 907 etsi
1166 842 1329 907 interdum

162 944 200 1010 illo
217 949 305 1014 modo
328 948 529 1031 significatur
552 949 652 1013 etiam
675 947 718 1024 id,
754 947 842 1028 quod
865 947 935 1011 fieri
958 968 1089 1030 semper
1117 952 1150 1014 et
1172 953 1331 1032 perpetuo

162 1051 231 1131 solet,
250 1055 373 1138 longius
396 1056 463 1121 iam
486 1075 548 1120 usu
571 1054 809 1138 progrediente,
834 1073 938 1135 eaque
962 1055 1163 1120 consuetudo
1186 1075 1331 1139 praesen·
1443 1054 1446 1059 '

162 1157 352 1245 tistemporis
376 1162 580 1240 describitur,
609 1181 684 1244 quae
707 1180 772 1225 non
796 1164 873 1242 apte
896 1161 1060 1226 narrando
1084 1157 1331 1245 exprimatur.¹)

162 1262 268 1333 iccium
296 1269 394 1352 igitur
426 1287 537 1351 prave,
573 1267 628 1350 qui
659 1286 715 1332 eos
746 1267 834 1333 locos
865 1266 930 1331 huc
953 1267 1109 1346 referunt,
1145 1270 1330 1351 inquibus,

164 1369 289 1439 eiusmodi
311 1376 447 1440 vocibus
478 1374 608 1451 additis,
643 1374 782 1456 simplex
811 1377 861 1438 est
888 1373 1049 1449 narratio;
1083 1375 1145 1439 nisi
1181 1376 1265 1441 torte
1300 1379 1330 1441 et

164 1478 232 1556 apud
251 1500 306 1546 nos
329 1485 364 1546 et
386 1482 475 1564 apud
499 1481 680 1547 Germanos
703 1480 886 1562 perlectum
916 1501 976 1562 pro
1004 1486 1167 1562 praesente
1189 1483 1333 1564 positum

164 1578 268 1665 dicetur,
298 1588 388 1670 quod
415 1588 577 1671 generalis
600 1586 761 1652 sententia
785 1587 826 1651 de
848 1606 884 1651 re
907 1606 996 1652 nunc
1019 1587 1119 1652 etiam
1143 1588 1214 1653 lieri
1237 1588 1333 1653 solita

164 1692 322 1769 connitur
345 1694 458 1760 addito
481 1694 523 1759 ad
547 1714 661 1760 vocem
686 1693 827 1778 Monpee
850 1714 888 1756 en
915 1696 974 1757 aut
1001 1694 1044 1759 ad
1068 1694 1224 1759 Meneter
1246 1714 1332 1778 prae·

164 1792 228 1860 eru
245 1801 398 1882 temporis
420 1801 532 1866 verbo.
573 1800 658 1864 Nihil
683 1801 780 1882 igitur
802 1800 865 1863 hoc
888 1798 966 1864 facit
990 1800 1153 1866 Ciceronis
1176 1801 1267 1866 locus
1292 1800 1332 1865 de

163 1894 366 1988 11111949,
402 1926 499 1989 quem
535 1906 600 1970 huc
634 1907 769 1970 trahunt
803 1905 991 1970 Goerenzius
1026 1911 1059 1971 et
1094 1907 1333 1973 Ramshomius

164 2000 197 2084 tr·
215 2008 291 2094 600),
313 2005 400 2078 'nihil
428 2012 572 2078 Sallustii
601 2012 695 2078 Catil.
720 2012 773 2090 51,
807 2013 845 2074 11
872 2010 977 2093 (inulti
998 2014 1139 2078 lecturias
1161 2035 1238 2078 auae
1258 2034 1334 2098 pro·

164 2109 216 2177 viee
242 2139 323 2205 opero
358 2116 519 2200 latuere),
554 2138 701 2201 quosque
730 2118 818 2182 locos
846 2117 891 2182 ibi
916 2119 1055 2184 Kritzius
1079 2120 1235 2197 laudavit,
1265 2114 1335 2185 Sal'·

164 2211 220 2283 llll
243 2224 331 2291 Catil.
359 2229 396 2291 11
428 2225 475 2309 (in
503 2246 568 2309 quo
597 2246 637 2290 ex
665 2225 828 2290 contrario
857 2229 921 2289 est:
956 2247 1052 2311 quarn
1085 2247 1175 2291 neno
1209 2229 1336 2311 sopiens

111 2412 113 2423 Ι
164 2333 322 2414 nepae
351 2334 456 2399 addas
480 2334 555 2398 licet
577 2330 741 2417 aequare),
767 2332 845 2397 Tac.
870 2332 956 2397 Arm.
980 2333 1031 2410 Ill,
1055 2334 1098 2399 66
1123 2337 1215 2412 extr,
1246 2333 1335 2412 nihil,

164 2445 212 2507 (11¹⁰
230 2436 390 2506 Walehius
414 2441 524 2517 utitur,
548 2438 626 2504 Sall.
651 2438 745 2504 Catil.
770 2458 797 2503 c.
822 2440 843 2502 2
866 2438 935 2521 (sed
957 2441 1050 2504 arulti
1071 2441 1221 2504 mortales
1244 2437 1332 2521 cet).

164 2530 199 2599 Ne
215 2541 331 2611 Horatii
354 2547 486 2629 quidem
516 2547 607 2610 locus
632 2544 693 2609 Od.
717 2545 769 2622 111,
801 2546 854 2623 29,
889 2547 926 2611 16
957 2547 1000 2610 ad
1028 2549 1091 2612 hoc
1121 2566 1223 2629 genus
1252 2545 1304 2610 ref
1322 2578 1337 2591 ·

165 2646 256 2715 anun
277 2657 327 2717 est
350 2655 393 2719 ob
417 2653 564 2718 additum
583 2654 780 2736 pteruenqae.
816 2652 883 2716 Nec
907 2654 1013 2717 minor
1037 2673 1150 2719 eorum
1170 2660 1220 2717 est
1238 2672 1336 2728 error,

165 2752 204 2830 pol
223 2777 288 2825 eum
310 2763 374 2826 hac
397 2759 551 2842 loquendi
574 2760 701 2824 ratione
725 2758 930 2824 contundunt
959 2780 1054 2825 usum
1084 2762 1274 2825 Latinorum
1305 2759 1337 2822 in

164 2854 348 2940 sermondo
371 2867 490 2932 effectu
513 2885 644 2947 semper
667 2865 835 2942 redeunte,
860 2866 887 2930 si
911 2885 963 2930 res
987 2866 1097 2949 aliqua
1115 2867 1257 2941 redierit,
1282 2865 1338 2929 ubi

159 2968 313 3044 perlectum
339 2992 409 3038 rem
434 2972 676 3055 praecedentem
701 2976 734 3036 et
756 2976 834 3036 ante
857 2976 1025 3054 peractam
1049 2974 1181 3049 indicat,
1207 2991 1339 3054 prorsus

155 3070 189 3136 td
205 3079 346 3161 regulam
372 3078 576 3164 (ancarepue
600 3079 782 3162 odmeaieti,
809 3078 911 3161 ferde
933 3088 1102 3144 occurrunt
1126 3077 1212 3159 cet).
1254 3079 1339 3144 Con·
1357 3094 1396 3133 ¹1⁵

152 3178 219 3249 ludit
241 3188 351 3250 lamen
374 3186 446 3251 haec
468 3185 518 3249 vir
541 3186 688 3266 egregius
712 3185 735 3248 Ι.
755 3185 807 3249 Fr.
828 3186 1009 3251 Gronovius
1033 3186 1089 3270 (ad
1111 3187 1226 3251 Senec.
1248 3186 1341 3267 epist.

148 3288 225 3372 114),
247 3312 353 3375 nuper
376 3293 476 3357 etiam
500 3292 713 3356 Frotscherus
743 3291 786 3356 ad
810 3291 946 3369 Quintil.
971 3294 1009 3367 X,
1035 3295 1065 3370 l,
1093 3294 1144 3356 14.
1191 3293 1275 3356 Nam
1302 3291 1342 3355 de

140 3397 178 3462 iis
200 3398 276 3463 locis
299 3399 379 3482 quid
403 3399 520 3474 dicam,
557 3400 589 3462 in
619 3397 738 3480 quibus
769 3402 857 3462 certa
888 3399 1030 3464 delinitae
1058 3400 1105 3464 rei
1129 3399 1275 3463 narratio
1299 3398 1342 3462 ab

134 3506 371 3587 interpretibus
396 3505 595 3569 convertitur
618 3505 651 3569 in
674 3505 871 3569 sententiam
900 3506 1096 3587 generalem,
1127 3510 1163 3571 ut
1185 3505 1343 3570 observa·

131 3612 296 3679 tiunculae
322 3612 365 3677 de
391 3613 512 3676 aoristo
536 3611 736 3675 inculcandae
760 3612 888 3676 occasio
911 3613 976 3676 sit?
1011 3613 1100 3678 Fecit
1127 3612 1189 3676 troc
1213 3612 1345 3676 Beierus

151 3898 176 3965 ι)
200 3897 304 3951 Parum
334 3900 417 3959 recle,
444 3896 467 3949 si
498 3897 532 3949 de
562 3896 667 3949 ratione
696 3893 841 3947 locutionis
871 3911 985 3963 quaeras,
1014 3896 1097 3949 etiam
1123 3894 1264 3948 Bentleius
1283 3895 1299 3947 l.
1320 3894 1345 3953 1.,

201 3988 343 4054 Perpetui,
364 3984 463 4053 inquit,
482 3986 531 4039 troc
549 3987 677 4052 temporie
696 3992 742 4050 eet,
758 3986 875 4051 perinde
894 4003 926 4037 ac
944 3987 970 4037 ai
987 3987 1112 4037 dixisset:
1138 3983 1284 4051 explicant,
1304 3999 1347 4035 ex·

203 4074 368 4144 plicabunt,
397 4073 594 4143 explicuerunt.
642 4072 803 4127 Relabimur
833 4089 909 4141 paene
938 4073 972 4125 ad
1000 4071 1103 4126 Sanctii
1133 4072 1285 4125 doctrinam
1314 4072 1348 4124 de

206 4163 333 4234 perlecto
354 4161 480 4216 infinitivi
499 4162 625 4216 omniurn
644 4168 800 4231 temporum
820 4162 879 4215 rice
899 4161 1038 4229 fungente.
