2956 5190
750 321 816 386 544

180 510 345 597 putare.¹)
391 514 533 592 Quinam
556 516 590 579 hi
613 522 711 582 sunt?
745 518 892 582 Primum
923 515 1072 581 creditor
1095 514 1248 579 causidici
1265 518 1344 597 ipsiu:

182 641 259 685 nam
283 624 320 685 ut
342 622 394 685 hic
416 622 516 686 fidem
540 642 635 687 suam
658 628 790 688 tueatur
812 629 846 689 et
868 643 961 706 spem
986 622 1149 687 creditori
1167 622 1261 685 iaciat
1279 622 1348 687 lucili

182 728 360 805 solutionis,
390 728 513 793 reditus
544 749 621 794 suos
644 734 837 812 exaggerat3
872 730 991 794 deinde
1015 729 1054 794 id
1077 729 1126 805 fit,
1164 748 1263 810 quum
1282 730 1352 793 amn

183 834 282 899 etiam
314 835 473 900 creditore
504 835 591 900 latus
622 837 728 919 tetigit
760 842 792 900 et
822 837 927 919 magis
949 836 1127 901 hominem
1153 835 1299 899 excitarit
1313 836 1355 900 lu

182 945 277 1022 gator
305 945 339 1006 et
366 942 507 1024 litigator
540 942 631 1006 dives
662 948 694 1008 et
725 943 861 1007 dubiam
891 962 1027 1008 causam
1063 944 1224 1017 afferens,
1257 942 1359 1007 dubim

183 1068 303 1113 nomen
326 1052 457 1131 petens3
486 1069 563 1114 nam
588 1050 630 1113 ab
655 1053 716 1114 hoc
739 1070 778 1114 eo
802 1050 906 1115 maior
928 1069 1058 1114 merces
1085 1049 1297 1132 exprimetur.
1318 1068 1363 1130 quo

184 1156 256 1236 plus
280 1156 376 1237 vulgo
400 1157 598 1221 causidicum
623 1157 769 1239 accipere
793 1156 896 1221 solere
920 1156 1112 1221 crediderit.
1121 1150 1149 1237 ²)
1188 1156 1275 1220 Tum
1294 1157 1365 1237 igilu

183 1262 355 1325 mendacia
378 1264 505 1345 spirant
528 1263 635 1328 folles:
670 1267 739 1327 tum
772 1264 855 1328 adeo
884 1264 1042 1345 praeclare
1074 1282 1140 1328 sua
1172 1263 1301 1344 negotia
1319 1264 1367 1345 gen'

184 1367 337 1433 causidici
361 1370 550 1451 praedicant,
575 1375 611 1435 ut
634 1371 763 1435 invidiae
787 1391 827 1435 ex
850 1369 951 1434 nimia
975 1370 1113 1434 fortuna
1132 1368 1370 1434 detestandoed

184 1474 298 1538 fascini
322 1476 493 1540 avertendi
517 1496 617 1541 causa
640 1481 750 1541 vetere
773 1476 1004 1559 superstitione
1027 1477 1062 1540 in
1089 1476 1205 1540 sinum
1224 1476 1371 1559 despuant

184 1581 268 1644 Nam
292 1581 353 1646 hoc
377 1587 427 1646 est
450 1585 690 1669 conspuiturque
712 1586 810 1659 sinus,
834 1582 923 1666 quod
945 1583 1028 1646 mire
1051 1583 1097 1647 de
1126 1583 1373 1647 vehementiael

185 1688 350 1753 celeritate
386 1689 538 1771 loquendi
572 1692 768 1773 intelligrmt,
804 1691 897 1773 quasi
930 1691 1026 1771 vulgo
1058 1689 1225 1754 causidici
1257 1690 1374 1755 Romani

184 1795 246 1859 hoc
269 1796 448 1861 laborarint
472 1797 549 1861 vitio
573 1799 606 1861 in
629 1798 744 1862 mediis
768 1798 875 1862 verbis
899 1800 1032 1878 sputum
1058 1800 1096 1860 et
1120 1816 1280 1878 spumam
1302 1797 1376 1860 emit·

184 1898 320 1985 tendi.³)
355 1903 437 1968 Haec
459 1903 555 1986 igitur
579 1906 639 1986 ipsi
664 1904 832 1979 causidici3
855 1923 934 1967 vera
957 1922 1072 1967 eorum
1100 1904 1225 1967 messis
1249 1902 1328 1967 adeo
1345 1903 1376 1965 st

186 2015 248 2074 trac
271 2011 445 2075 verborum
469 2012 625 2075 iactantia
656 2012 764 2085 distat,
800 2019 836 2075 ut
865 2030 949 2074 unus
980 2010 1021 2073 de
1055 2011 1148 2075 circo
1181 2010 1297 2091 auriga
1322 2008 1377 2091 plus

185 2117 352 2198 possideat
375 2138 473 2198 quam
499 2127 629 2182 centum
654 2117 818 2182 causidici.

132 2230 169 2270 ¹8¹
275 2224 310 2287 ln
334 2224 434 2289 satira
458 2229 574 2289 octava
597 2246 661 2306 quo
686 2225 756 2289 loco
779 2230 878 2306 poeta
900 2223 1060 2289 nobilium
1083 2222 1290 2289 foeditatem.
1316 2240 1378 2303 ope

186 2351 257 2395 ram
280 2351 375 2395 suam
399 2351 506 2395 scenae
530 2335 562 2395 et
585 2332 830 2413 amphitheatro,
852 2332 1039 2406 locantium,
1073 2331 1238 2410 exagitat.
1270 2348 1378 2411 magne

185 2441 263 2501 sunt
285 2437 499 2519 interpretum
524 2439 640 2512 turbae,
678 2440 777 2503 etiam
808 2437 1120 2511 recentissimorum,
1160 2436 1194 2500 in
1219 2437 1273 2501 his
1295 2436 1377 2499 versi·

185 2545 258 2617 hus,
284 2545 338 2624 qui
362 2549 537 2625 ponuntur,
567 2550 740 2626 postquam
766 2564 897 2608 scenam
922 2547 955 2607 ct
977 2544 1097 2608 mimos
1123 2563 1147 2607 a
1170 2543 1378 2607 nobilibuset

186 2651 329 2731 patriciis
353 2654 443 2714 actos
467 2653 735 2716 commemorarit
759 2651 837 2732 (192
861 2650 961 2732 scrut:

862 2793 981 2869 Quanti
1005 2811 1065 2854 sua
1091 2791 1214 2856 funera
1240 2792 1376 2855 vendant.

369 2898 453 2975 Quid
477 2900 596 2964 refert?
620 2900 772 2964 Vendunt
796 2899 883 2962 nullo
908 2902 1042 2979 cogente
1067 2898 1213 2974 Nerone,

369 3006 435 3069 Nec
459 3007 610 3070 dubitant
634 3007 709 3070 celsi
734 3007 881 3088 praetoris
905 3004 1047 3068 vendere
1071 3004 1172 3069 ludis.

215 3231 236 3300 ¹)
256 3235 365 3289 Mirifice
394 3236 561 3290 Schmidlius
589 3238 741 3306 coniungit:
775 3255 856 3305 quum
881 3238 1032 3303 precipue,
1061 3240 1204 3288 commate
1232 3235 1332 3288 deleto.
1356 3238 1378 3283 ul

259 3325 325 3378 ordo
344 3325 379 3378 sit
393 3330 531 3394 praecipue
550 3344 641 3394 ortum,
670 3332 697 3380 et
721 3327 755 3379 de
780 3327 825 3379 illo
849 3325 939 3393 positu
963 3323 1047 3376 etiam
1070 3322 1205 3391 disputat.
1243 3324 1316 3390 Quid
1332 3338 1379 3390 per·

258 3414 383 3482 spicuum
403 3419 451 3477 est,
476 3416 498 3468 si
523 3416 575 3467 lroc
593 3433 648 3468 non
668 3421 720 3468 est:
745 3417 884 3481 precipue
907 3422 964 3466 tum
986 3420 1093 3479 coriaut,
1118 3412 1226 3479 quatu?
1254 3414 1380 3478 crespi<

258 3502 377 3570 pertinet
403 3504 437 3556 ad
461 3512 525 3565 tum,
551 3521 716 3571 prorsusque
740 3505 799 3563 hoc,
828 3504 900 3571 quod
925 3502 1075 3569 temporale
1101 3506 1151 3563 est,
1181 3501 1379 3555 discernendum

259 3596 300 3644 est
334 3608 351 3643 a
378 3596 533 3659 presertim
567 3612 662 3660 quiem,
696 3594 769 3661 quod
801 3609 910 3660 semper
942 3607 1053 3643 causum
1086 3590 1238 3658 specialem
1272 3590 1381 3655 adiungit

259 3683 287 3731 et
312 3679 515 3734 coniunctivum
540 3683 635 3744 liabet;
665 3699 719 3735 non
743 3682 852 3750 expedit
875 3698 904 3733 se
928 3679 1083 3733 Schmidius
1109 3679 1144 3731 ad
1170 3679 1238 3733 Hor.
1258 3679 1338 3748 Epi-r.
1355 3676 1380 3729 ll.

260 3768 283 3830 1,
303 3768 363 3821 262.
430 3770 433 3775 '

216 3853 238 3921 ²)
258 3858 345 3909 Lotus
369 3865 486 3925 tempere,
515 3861 588 3927 quod
613 3860 640 3911 in
664 3860 750 3926 elogio
773 3861 807 3912 de
830 3858 907 3911 obitu
932 3855 1085 3910 Maecenatis
1110 3873 1135 3908 v.
1155 3855 1193 3908 30
1217 3858 1252 3911 de
1277 3874 1317 3913 eo.
1342 3854 1380 3923 qui

260 3946 331 3998 ferro
351 3946 483 4007 vulnerat,
507 3947 626 4014 ponitur,
651 3948 696 4000 uhi
717 3965 749 4001 cx
769 3954 896 4001 contexta
914 3947 1037 3999 oratione
1057 3945 1083 3997 id
1103 3951 1190 4013 patet,
1221 3964 1271 4014 per
1289 3966 1318 3998 sc
1335 3960 1380 3997 non

260 4035 351 4088 minus
369 4036 532 4102 generaliter
555 4036 653 4089 dicitur
677 4054 761 4105 quam
784 4039 856 4089 lotus
878 4039 1006 4102 fodicare.
1053 4035 1112 4088 Hoc
1140 4036 1203 4089 loco
1235 4034 1382 4102 intelligitur

260 4124 412 4177 causidicus
431 4125 509 4192 quasi
528 4126 640 4179 stimulo
659 4128 777 4193 quodam
798 4126 932 4179 excitatus
951 4126 985 4178 ad
1005 4125 1207 4177 mentiendum.
1243 4125 1324 4177 uires
1341 4122 1381 4175 tin·

260 4221 337 4281 gator
356 4214 515 4282 intelligitur
534 4231 566 4267 ex
587 4216 678 4282 magni
697 4216 796 4267 codicis
809 4214 1078 4276 commemoratione,
1097 4214 1187 4266 multa
1205 4214 1318 4266 nomina
1331 4226 1382 4264 con·

261 4304 380 4356 tinentis.

217 4389 238 4459 ³)
258 4395 297 4446 lte
316 4392 517 4461 superstitionis
535 4410 634 4461 genere
658 4393 724 4445 satis
750 4393 801 4445 erit
824 4392 973 4460 inspexisse
992 4390 1060 4443 Plin.
1081 4390 1150 4443 Hist.
1171 4391 1201 4444 N.
1223 4391 1342 4451 XXl'lll,
1363 4387 1383 4443 i.

261 4482 379 4550 lnterpp.
400 4482 434 4534 ud
454 4482 566 4535 Theocr.
586 4482 662 4549 ldyll.
683 4482 726 4545 Vl,
745 4481 788 4544 39,
813 4481 915 4534 lacolts.
935 4480 1079 4533 Animadx.
1100 4479 1127 4532 in
1147 4480 1297 4547 Antliolog.
1316 4478 1384 4533 Toni.

260 4570 284 4622 ll
304 4587 329 4637 p.
349 4569 366 4619 2
386 4587 411 4638 p.
431 4569 492 4635 346,
511 4587 546 4623 ne
565 4571 632 4623 alios
651 4570 776 4623 excitem.
