2948 5206
607 286 670 352 257

105 489 231 563 dumus,
265 486 332 550 duo
366 483 411 548 illi
444 501 558 547 versus
593 481 672 546 satis
695 484 783 546 -sunt
816 482 994 565 perspicui,
1028 485 1055 546 si
1090 501 1236 548 seorsum

105 595 299 669 insiderantur,
335 590 478 673 seposita
514 588 748 671 aliquantisper
778 607 901 665 eorum,
937 608 1011 671 quae
1045 593 1289 672 sequuntur,a1c

105 721 146 780 m,
168 702 333 783 ipsumque
361 696 440 761 illud
471 697 647 772 continent,
683 694 770 777 quod
793 694 935 759 maxime
959 694 1131 760 dicendum
1155 699 1235 774 erat,

122 827 169 873 non
188 807 241 883 ita,
272 809 310 869 ut
333 803 455 867 dictum
479 805 575 877 esset,
608 800 757 888 ‘alternis'
780 820 896 884 corpus
931 783 1094 884 exciperet
1128 803 1235 882 inane,

105 932 150 978 aue
168 916 272 976 autem
296 928 424 992 corpus,
454 908 646 972 alterutrum
675 911 797 984 tamen,
828 912 885 972 aut
908 928 1025 991 corpus
1048 903 1106 975 adt
1128 911 1235 988 inane,

105 1018 202 1084 finitum
235 1023 367 1100 patere,
404 1015 506 1079 altero
540 1034 606 1079 non
640 1015 851 1090 terminante,
891 1019 928 1080 ut
961 1016 1098 1098 simplex
1131 1017 1236 1098 quod·

105 1146 134 1190 tn
160 1127 239 1190 esset
272 1123 450 1198 infinitum;
485 1125 613 1185 tanturn
648 1122 723 1202 post
757 1121 944 1185 alterutrum
978 1122 1237 1206 interpungenda

105 1233 155 1297 alio
174 1236 235 1296 est:

158 1409 218 1472 Aut
241 1409 341 1472 etiam
366 1408 569 1481 alterutrum,
593 1403 654 1467 nisi
678 1406 830 1471 terminet
852 1407 991 1471 alterum
1015 1427 1138 1486 eorum,

158 1514 296 1596 Simplici
319 1517 438 1578 natura
460 1515 573 1595 pateat
596 1515 708 1576 tamen
730 1512 993 1578 immoderatum.
1074 1504 1082 1521 '

105 1693 137 1738 ac
152 1675 249 1739 diuelli
274 1671 486 1738 nullomodo
509 1675 654 1755 possunt.
701 1671 767 1736 Sed
796 1676 828 1737 et
851 1692 903 1738 res
927 1677 960 1737 et
982 1672 1112 1756 Epicuri
1135 1673 1237 1739 verba

121 1800 243 1864 eaquae
267 1780 492 1857 subiiciuntur,
516 1781 630 1861 aperte
652 1778 829 1857 declarant,
854 1780 965 1858 exiis,
990 1780 1108 1862 quibus
1127 1783 1236 1845 osten·

105 1887 288 1966 adimerat,
324 1889 475 1951 neutram
503 1887 600 1950 huius
630 1884 852 1950 disiunctionis
875 1890 1003 1968 partem
1027 1906 1139 1951 veram
1163 1905 1235 1950 esse

105 2010 154 2067 ase,
183 1996 302 2059 omissa
330 2012 403 2057 esse
433 2012 482 2069 ea,
518 2011 592 2073 quae
619 1993 805 2074 pertineant
827 1992 871 2056 ad
893 1993 990 2057 inane
1012 1993 1140 2058 linitum
1164 2012 1235 2063 cur·

105 2115 136 2162 ire
151 2100 266 2165 infinito
289 2100 512 2176 terminatum,
543 2118 616 2180 quae
646 2118 702 2163 cur
726 2099 768 2163 ab
793 2099 952 2179 Lucretio,
987 2101 1042 2183 qui
1065 2099 1235 2165 studiosis-

105 2222 136 2268 ne
152 2206 272 2289 Epicuri
296 2209 489 2288 argumenta
512 2205 719 2287 persequitur
742 2208 775 2270 et
798 2206 922 2284 dilatat,
947 2209 1068 2273 omissa
1090 2209 1155 2272 sint
1178 2208 1236 2271 aut

105 2311 221 2379 inmitti
244 2314 421 2397 potuerint,
445 2312 528 2376 ratio
551 2311 644 2375 reddi
660 2331 725 2375 non
742 2316 859 2394 potest,
884 2312 1002 2378 deinde
1026 2333 1065 2378 ex
1088 2315 1138 2392 iis,
1161 2332 1235 2395 quae

105 2413 240 2485 lrlteram
264 2423 394 2502 partem
418 2420 592 2500 pertinent
627 2419 728 2502 ipsius
756 2419 946 2503 hypothesis
969 2420 1234 2502 propositionem,

105 2519 204 2605 lquam
233 2527 419 2591 referantur
448 2525 588 2608 proximi
619 2545 744 2590 versus.
790 2525 964 2590 Verissime
995 2528 1092 2608 igitur
1123 2527 1234 2591 Tana·

105 2628 163 2696 llius
186 2631 291 2698 Faber
320 2652 434 2697 versus
462 2632 586 2715 aliquot
620 2632 778 2696 excidisse
813 2632 995 2715 suspicatus
1029 2637 1094 2707 est;
1128 2652 1235 2714 neque

105 2735 139 2800 in
161 2758 219 2804 uno
252 2745 286 2804 et
321 2739 423 2803 altero
458 2739 567 2803 omnia
603 2738 657 2801 illa
692 2739 927 2820 comprehensa
962 2759 1033 2803 esse
1067 2742 1235 2821 poterant;

105 2860 180 2925 nque
200 2847 427 2928 suspicionem,
452 2845 494 2909 ab
519 2847 590 2926 ipso
613 2844 757 2908 breviter
774 2845 924 2926 positam,
949 2845 1010 2910 hac
1035 2847 1234 2911 accuratiore

105 2952 256 3029 putatione
280 2954 361 3016 satis
386 2951 612 3015 confirmatam
636 2954 727 3032 puto.
774 2950 886 3033 ltaque
910 2952 953 3015 ad
977 2952 1115 3016 alterum
1139 2953 1234 3016 renio

105 3071 162 3133 cun,
191 3059 229 3123 de
253 3079 318 3141 quo
342 3078 439 3123 nemo
462 3058 648 3122 huiusmodi
673 3057 847 3138 quicquam
871 3059 1060 3146 suspicatus¹
1078 3063 1137 3137 est,
1173 3060 1233 3123 etsi

105 3160 248 3229 sicodices
272 3166 316 3230 ad
338 3185 408 3229 rem
432 3164 658 3246 reperiendam
684 3165 783 3228 duces
807 3168 892 3228 sunt.
927 3166 1011 3229 Nam
1035 3167 1068 3230 in
1091 3165 1234 3230 secundo

105 3280 140 3331 tro
165 3272 224 3337 eius
257 3273 329 3349 loci,
365 3291 429 3354 quo
465 3270 612 3335 celeritas
648 3270 847 3352 singularum
878 3277 1061 3337 atomorum
1091 3291 1234 3336 comme-

105 3379 190 3441 uratur
209 3382 240 3443 et
263 3363 338 3444 cu'nr
361 3378 438 3443 solis
465 3378 632 3442 radiorum
663 3396 757 3441 cursu
788 3383 1006 3460 comparatur,
1041 3380 1093 3444 hic
1122 3385 1172 3444 est
1200 3381 1233 3443 in

105 3474 234 3549 itionibus
257 3485 362 3550 exitus
386 3484 429 3566 (r.
456 3485 519 3549 160
543 3482 621 3565 [161
646 3483 699 3566 Β.]
722 3482 823 3567 sqq.):

180 3640 296 3708 Debent
320 3645 472 3708 nimirum
497 3643 625 3725 (atomi)
649 3645 834 3726 praecellere
858 3646 1038 3711 mobilitate

182 3746 214 3810 n
234 3750 335 3814 multo
359 3750 452 3815 citius
476 3751 552 3815 ferri
576 3771 675 3833 quam
699 3751 821 3815 lumina
845 3752 931 3828 solis,

183 3852 403 3937 llnltiplexque
425 3857 486 3921 loci
510 3859 653 3940 spatium
678 3861 899 3922 transcurrere
923 3859 1039 3923 eodem

185 3957 343 4043 Tempore,
367 3982 432 4045 quo
455 3964 532 4028 solis
556 3964 747 4046 pervolgant
770 3964 897 4046 fulgura
922 3966 1052 4041 caelum;

186 4063 255 4131 Nam
277 4088 382 4151 neque
407 4070 538 4135 consilio
562 4071 684 4135 dehent
707 4072 837 4135 tardata
861 4074 991 4148 morari,
1247 4099 1285 4137 su

105 4225 303 4254 κ

145 4337 230 4400 demun
245 4350 328 4405 bonus
346 4357 387 4404 est
406 4369 510 4416 sensus,
529 4353 630 4407 habere
649 4359 756 4406 atomos
775 4354 873 4407 debere
892 4355 1006 4407 liberam
1019 4360 1183 4423 potestatem
1202 4371 1232 4408 se

147 4436 251 4495 morendi.
268 4455 299 4492 ex
317 4456 372 4508 qna
390 4441 442 4495 illis
462 4458 494 4494 ea
512 4447 632 4510 potestas
652 4447 711 4495 orta
731 4443 772 4495 sit.

967 4530 1001 4582 17
