<?xml version="1.0" encoding="UTF-8"?>
<!DOCTYPE html PUBLIC "-//W3C//DTD XHTML 1.0 Transitional//EN"
    "http://www.w3.org/TR/xhtml1/DTD/xhtml1-transitional.dtd">
<html xmlns="http://www.w3.org/1999/xhtml" xml:lang="en" lang="en">
 <head>
  <title>
</title>
<meta http-equiv="Content-Type" content="text/html;charset=utf-8" />
  <meta name='ocr-system' content='tesseract 3.04.00' />
  <meta name='ocr-capabilities' content='ocr_page ocr_carea ocr_par ocr_line ocrx_word'/>
</head>
<body>
  <div class='ocr_page' id='page_1' title='image "./ionicolaimadvig02madvgoog/ionicolaimadvig02madvgoog_0399.png"; bbox 0 0 2956 5190; ppageno 0'>
   <div class='ocr_carea' id='block_1_1' title="bbox 701 262 803 365">
    <p class='ocr_par' dir='ltr' id='par_1_1' title="bbox 701 262 803 365">
     <span class='ocr_line' id='line_1_1' title="bbox 701 262 803 365; baseline 0.01 -1"><span class='ocrx_word' id='word_1_1' title='bbox 701 300 766 365; x_wconf 78' lang='lat' dir='ltr'>aas</span> <span class='ocrx_word' id='word_1_2' title='bbox 799 262 803 270; x_wconf 75' lang='grc'><strong>’</strong></span> 
     </span>
    </p>
   </div>
   <div class='ocr_carea' id='block_1_2' title="bbox 25 493 1326 3886">
    <p class='ocr_par' dir='ltr' id='par_1_2' title="bbox 25 493 1326 3886">
     <span class='ocr_line' id='line_1_2' title="bbox 132 493 1324 581; baseline 0.003 -22"><span class='ocrx_word' id='word_1_3' title='bbox 132 495 204 577; x_wconf 89' lang='lat' dir='ltr'>(nos</span> <span class='ocrx_word' id='word_1_4' title='bbox 237 496 435 560; x_wconf 85' lang='lat' dir='ltr'>disceremus</span> <span class='ocrx_word' id='word_1_5' title='bbox 466 493 554 581; x_wconf 80' lang='lat' dir='ltr'>quas)</span> <span class='ocrx_word' id='word_1_6' title='bbox 584 504 618 560; x_wconf 90' lang='lat' dir='ltr'>tu</span> <span class='ocrx_word' id='word_1_7' title='bbox 649 498 808 560; x_wconf 81' lang='lat' dir='ltr'>aatiaaem</span> <span class='ocrx_word' id='word_1_8' title='bbox 839 498 1017 580; x_wconf 75' lang='lat' dir='ltr'><em>appellasti,</em></span> <span class='ocrx_word' id='word_1_9' title='bbox 1054 498 1115 581; x_wconf 81' lang='lat' dir='ltr'>qai</span> <span class='ocrx_word' id='word_1_10' title='bbox 1139 500 1204 560; x_wconf 88' lang='lat' dir='ltr'>cet.</span> <span class='ocrx_word' id='word_1_11' title='bbox 1247 496 1324 563; x_wconf 79' lang='lat' dir='ltr'>Patet</span> 
     </span>
     <span class='ocr_line' id='line_1_3' title="bbox 131 602 1324 687; baseline 0.003 -21"><span class='ocrx_word' id='word_1_12' title='bbox 131 603 236 684; x_wconf 83' lang='lat' dir='ltr'>igitur,</span> <span class='ocrx_word' id='word_1_13' title='bbox 261 602 501 666; x_wconf 80' lang='lat' dir='ltr'>conclusionem</span> <span class='ocrx_word' id='word_1_14' title='bbox 524 603 608 667; x_wconf 90' lang='lat' dir='ltr'>hanc</span> <span class='ocrx_word' id='word_1_15' title='bbox 632 623 714 680; x_wconf 87' lang='lat' dir='ltr'>esse,</span> <span class='ocrx_word' id='word_1_16' title='bbox 739 603 790 667; x_wconf 92' lang='lat' dir='ltr'>cui</span> <span class='ocrx_word' id='word_1_17' title='bbox 813 622 919 685; x_wconf 88' lang='lat' dir='ltr'>neque</span> <span class='ocrx_word' id='word_1_18' title='bbox 943 610 1004 667; x_wconf 82' lang='lat' dir='ltr'>usto</span> <span class='ocrx_word' id='word_1_19' title='bbox 1029 622 1145 685; x_wconf 89' lang='lat' dir='ltr'>neque</span> <span class='ocrx_word' id='word_1_20' title='bbox 1166 609 1324 687; x_wconf 72' lang='lat' dir='ltr'>catapan</span> 
     </span>
     <span class='ocr_line' id='line_1_4' title="bbox 131 709 1326 793; baseline 0.003 -21"><span class='ocrx_word' id='word_1_21' title='bbox 131 712 191 773; x_wconf 88' lang='lat' dir='ltr'>est.</span> <span class='ocrx_word' id='word_1_22' title='bbox 238 709 351 790; x_wconf 88' lang='lat' dir='ltr'>ltaque</span> <span class='ocrx_word' id='word_1_23' title='bbox 385 709 498 773; x_wconf 86' lang='lat' dir='ltr'>addita</span> <span class='ocrx_word' id='word_1_24' title='bbox 533 709 576 773; x_wconf 92' lang='lat' dir='ltr'>ad</span> <span class='ocrx_word' id='word_1_25' title='bbox 610 711 725 793; x_wconf 77' lang='lat' dir='ltr'>cipitur</span> <span class='ocrx_word' id='word_1_26' title='bbox 755 710 798 773; x_wconf 88' lang='lat' dir='ltr'>ab</span> <span class='ocrx_word' id='word_1_27' title='bbox 826 709 917 774; x_wconf 88' lang='lat' dir='ltr'>initio</span> <span class='ocrx_word' id='word_1_28' title='bbox 945 710 1066 786; x_wconf 87' lang='lat' dir='ltr'>littera,</span> <span class='ocrx_word' id='word_1_29' title='bbox 1103 709 1326 793; x_wconf 71' lang='lat' dir='ltr'>lenissimam</span> 
     </span>
     <span class='ocr_line' id='line_1_5' title="bbox 131 815 1326 902; baseline 0.003 -24"><span class='ocrx_word' id='word_1_30' title='bbox 131 817 311 879; x_wconf 80' lang='lat' dir='ltr'>mutatione</span> <span class='ocrx_word' id='word_1_31' title='bbox 345 815 502 891; x_wconf 89' lang='lat' dir='ltr'>adhibita,</span> <span class='ocrx_word' id='word_1_32' title='bbox 538 816 747 882; x_wconf 85' lang='lat' dir='ltr'>scribendum</span> <span class='ocrx_word' id='word_1_33' title='bbox 781 820 875 898; x_wconf 88' lang='lat' dir='ltr'>puto:</span> <span class='ocrx_word' id='word_1_34' title='bbox 911 816 1113 902; x_wconf 82' lang='lat' dir='ltr'><strong><em>Sequitur,</em></strong></span> <span class='ocrx_word' id='word_1_35' title='bbox 1153 823 1192 880; x_wconf 83' lang='lat' dir='ltr'>ut</span> <span class='ocrx_word' id='word_1_36' title='bbox 1226 819 1249 879; x_wconf 88' lang='lat' dir='ltr'>ii</span> <span class='ocrx_word' id='word_1_37' title='bbox 1278 818 1326 895; x_wconf 82' lang='lat' dir='ltr'>(sic</span> 
     </span>
     <span class='ocr_line' id='line_1_6' title="bbox 130 920 1326 1009; baseline 0.002 -23"><span class='ocrx_word' id='word_1_38' title='bbox 130 923 204 986; x_wconf 92' lang='lat' dir='ltr'>Par.</span> <span class='ocrx_word' id='word_1_39' title='bbox 240 942 299 1004; x_wconf 92' lang='lat' dir='ltr'>pro</span> <span class='ocrx_word' id='word_1_40' title='bbox 333 920 380 1003; x_wconf 79' lang='lat' dir='ltr'>ll)</span> <span class='ocrx_word' id='word_1_41' title='bbox 415 923 487 1004; x_wconf 85' lang='lat' dir='ltr'>siat,</span> <span class='ocrx_word' id='word_1_42' title='bbox 523 944 618 1007; x_wconf 82' lang='lat' dir='ltr'>quam</span> <span class='ocrx_word' id='word_1_43' title='bbox 652 930 686 986; x_wconf 90' lang='lat' dir='ltr'>tu</span> <span class='ocrx_word' id='word_1_44' title='bbox 720 925 878 987; x_wconf 77' lang='lat' dir='ltr'>arationem</span> <span class='ocrx_word' id='word_1_45' title='bbox 913 925 1095 1007; x_wconf 74' lang='lat' dir='ltr'>appellasti,</span> <span class='ocrx_word' id='word_1_46' title='bbox 1134 926 1196 1009; x_wconf 81' lang='lat' dir='ltr'>qui</span> <span class='ocrx_word' id='word_1_47' title='bbox 1227 925 1326 1009; x_wconf 72' lang='lat' dir='ltr'>iatrar‘</span> 
     </span>
     <span class='ocr_line' id='line_1_7' title="bbox 130 1028 1325 1115; baseline 0.003 -23"><span class='ocrx_word' id='word_1_48' title='bbox 130 1028 217 1109; x_wconf 91' lang='lat' dir='ltr'>(edd.</span> <span class='ocrx_word' id='word_1_49' title='bbox 242 1031 297 1114; x_wconf 79' lang='lat' dir='ltr'>qui</span> <span class='ocrx_word' id='word_1_50' title='bbox 320 1037 347 1092; x_wconf 86' lang='lat' dir='ltr'>et</span> <span class='ocrx_word' id='word_1_51' title='bbox 369 1030 437 1105; x_wconf 72' lang='lat' dir='ltr'>iat,</span> <span class='ocrx_word' id='word_1_52' title='bbox 473 1029 566 1093; x_wconf 88' lang='lat' dir='ltr'>codd.</span> <span class='ocrx_word' id='word_1_53' title='bbox 590 1030 676 1107; x_wconf 75' lang='lat' dir='ltr'>Par,</span> <span class='ocrx_word' id='word_1_54' title='bbox 712 1030 840 1107; x_wconf 71' lang='lat' dir='ltr'>Bernn,</span> <span class='ocrx_word' id='word_1_55' title='bbox 876 1030 1004 1095; x_wconf 86' lang='lat' dir='ltr'>Oxx.4</span> <span class='ocrx_word' id='word_1_56' title='bbox 1032 1037 1063 1094; x_wconf 81' lang='lat' dir='ltr'>at</span> <span class='ocrx_word' id='word_1_57' title='bbox 1086 1032 1147 1115; x_wconf 80' lang='lat' dir='ltr'>qui</span> <span class='ocrx_word' id='word_1_58' title='bbox 1172 1030 1244 1112; x_wconf 84' lang='lat' dir='ltr'>iat.)</span> <span class='ocrx_word' id='word_1_59' title='bbox 1265 1040 1325 1096; x_wconf 80' lang='lat' dir='ltr'>sua</span> 
     </span>
     <span class='ocr_line' id='line_1_8' title="bbox 129 1138 985 1200; baseline 0.001 -1"><span class='ocrx_word' id='word_1_60' title='bbox 129 1144 157 1199; x_wconf 84' lang='lat' dir='ltr'>at</span> <span class='ocrx_word' id='word_1_61' title='bbox 180 1138 253 1199; x_wconf 85' lang='lat' dir='ltr'>sani</span> <span class='ocrx_word' id='word_1_62' title='bbox 278 1140 339 1200; x_wconf 88' lang='lat' dir='ltr'>cet.</span> <span class='ocrx_word' id='word_1_63' title='bbox 583 1186 585 1190; x_wconf 17' lang='lat' dir='ltr'>a</span> <span class='ocrx_word' id='word_1_64' title='bbox 983 1188 985 1192; x_wconf 14' lang='grc' dir='ltr'><em>Α</em></span> 
     </span>
     <span class='ocr_line' id='line_1_9' title="bbox 218 1242 1325 1325; baseline 0.004 -19"><span class='ocrx_word' id='word_1_65' title='bbox 218 1243 253 1306; x_wconf 89' lang='lat' dir='ltr'>C.</span> <span class='ocrx_word' id='word_1_66' title='bbox 277 1243 330 1320; x_wconf 84' lang='lat'>48,</span> <span class='ocrx_word' id='word_1_67' title='bbox 357 1242 430 1319; x_wconf 85' lang='lat'>103,</span> <span class='ocrx_word' id='word_1_68' title='bbox 461 1243 517 1306; x_wconf 89' lang='lat' dir='ltr'>ubi</span> <span class='ocrx_word' id='word_1_69' title='bbox 545 1242 661 1325; x_wconf 82' lang='lat' dir='ltr'>legitur</span> <span class='ocrx_word' id='word_1_70' title='bbox 690 1243 756 1307; x_wconf 79' lang='lat' dir='ltr'>lac</span> <span class='ocrx_word' id='word_1_71' title='bbox 778 1245 841 1325; x_wconf 84' lang='lat' dir='ltr'>ria,</span> <span class='ocrx_word' id='word_1_72' title='bbox 876 1243 1059 1320; x_wconf 72' lang='lat' dir='ltr'>lucratio,</span> <span class='ocrx_word' id='word_1_73' title='bbox 1097 1243 1224 1309; x_wconf 87' lang='lat' dir='ltr'>codicis</span> <span class='ocrx_word' id='word_1_74' title='bbox 1247 1245 1325 1311; x_wconf 84' lang='lat' dir='ltr'>Pari·</span> 
     </span>
     <span class='ocr_line' id='line_1_10' title="bbox 128 1347 1323 1431; baseline 0.003 -17"><span class='ocrx_word' id='word_1_75' title='bbox 128 1350 245 1414; x_wconf 87' lang='lat' dir='ltr'>siensis</span> <span class='ocrx_word' id='word_1_76' title='bbox 269 1350 430 1431; x_wconf 89' lang='lat' dir='ltr'>scriptura</span> <span class='ocrx_word' id='word_1_77' title='bbox 461 1349 540 1430; x_wconf 84' lang='lat' dir='ltr'>(lac</span> <span class='ocrx_word' id='word_1_78' title='bbox 567 1351 621 1413; x_wconf 87' lang='lat' dir='ltr'>aia</span> <span class='ocrx_word' id='word_1_79' title='bbox 645 1347 741 1431; x_wconf 81' lang='lat' dir='ltr'>ratio)</span> <span class='ocrx_word' id='word_1_80' title='bbox 766 1350 852 1426; x_wconf 87' lang='lat' dir='ltr'>facit,</span> <span class='ocrx_word' id='word_1_81' title='bbox 887 1355 924 1414; x_wconf 91' lang='lat' dir='ltr'>ut</span> <span class='ocrx_word' id='word_1_82' title='bbox 954 1349 1089 1413; x_wconf 88' lang='lat' dir='ltr'>credam</span> <span class='ocrx_word' id='word_1_83' title='bbox 1124 1370 1147 1415; x_wconf 91' lang='lat' dir='ltr'>a</span> <span class='ocrx_word' id='word_1_84' title='bbox 1181 1351 1323 1416; x_wconf 79' lang='lat' dir='ltr'>Cicerone</span> 
     </span>
     <span class='ocr_line' id='line_1_11' title="bbox 128 1456 1323 1553; baseline 0.001 -32"><span class='ocrx_word' id='word_1_85' title='bbox 128 1457 285 1538; x_wconf 86' lang='lat' dir='ltr'>scriptam</span> <span class='ocrx_word' id='word_1_86' title='bbox 310 1456 424 1521; x_wconf 86' lang='lat' dir='ltr'>luisse:</span> <span class='ocrx_word' id='word_1_87' title='bbox 448 1456 514 1520; x_wconf 74' lang='lat' dir='ltr'>llaec</span> <span class='ocrx_word' id='word_1_88' title='bbox 537 1458 590 1520; x_wconf 85' lang='lat' dir='ltr'>aia</span> <span class='ocrx_word' id='word_1_89' title='bbox 607 1458 655 1520; x_wconf 84' lang='lat' dir='ltr'>rei</span> <span class='ocrx_word' id='word_1_90' title='bbox 672 1456 809 1539; x_wconf 83' lang='lat' dir='ltr'>publica</span> <span class='ocrx_word' id='word_1_91' title='bbox 826 1456 1032 1553; x_wconf 77' lang='lat' dir='ltr'>capessenda,</span> <span class='ocrx_word' id='word_1_92' title='bbox 1058 1476 1234 1539; x_wconf 86' lang='lat' dir='ltr'>quumque</span> <span class='ocrx_word' id='word_1_93' title='bbox 1253 1458 1323 1522; x_wconf 85' lang='lat' dir='ltr'>alle·</span> 
     </span>
     <span class='ocr_line' id='line_1_12' title="bbox 128 1561 1322 1648; baseline 0.003 -21"><span class='ocrx_word' id='word_1_94' title='bbox 128 1584 200 1627; x_wconf 90' lang='lat' dir='ltr'>rum</span> <span class='ocrx_word' id='word_1_95' title='bbox 235 1564 471 1646; x_wconf 87' lang='lat' dir='ltr'>interpretandi</span> <span class='ocrx_word' id='word_1_96' title='bbox 506 1583 605 1627; x_wconf 90' lang='lat' dir='ltr'>causa</span> <span class='ocrx_word' id='word_1_97' title='bbox 633 1563 832 1644; x_wconf 89' lang='lat' dir='ltr'>adscriptum</span> <span class='ocrx_word' id='word_1_98' title='bbox 868 1563 901 1626; x_wconf 94' lang='lat' dir='ltr'>in</span> <span class='ocrx_word' id='word_1_99' title='bbox 928 1561 1074 1626; x_wconf 80' lang='lat' dir='ltr'>codicem</span> <span class='ocrx_word' id='word_1_100' title='bbox 1114 1564 1322 1648; x_wconf 70' lang='lat' dir='ltr'>archetypum</span> 
     </span>
     <span class='ocr_line' id='line_1_13' title="bbox 127 1670 1321 1752; baseline 0.002 -18"><span class='ocrx_word' id='word_1_101' title='bbox 127 1670 322 1751; x_wconf 79' lang='lat' dir='ltr'>irrepsisset,</span> <span class='ocrx_word' id='word_1_102' title='bbox 357 1671 399 1734; x_wconf 90' lang='lat' dir='ltr'>ad</span> <span class='ocrx_word' id='word_1_103' title='bbox 431 1670 627 1752; x_wconf 87' lang='lat' dir='ltr'>explendam</span> <span class='ocrx_word' id='word_1_104' title='bbox 657 1671 837 1734; x_wconf 88' lang='lat' dir='ltr'>orationem</span> <span class='ocrx_word' id='word_1_105' title='bbox 869 1688 1048 1750; x_wconf 87' lang='lat' dir='ltr'>pronomen</span> <span class='ocrx_word' id='word_1_106' title='bbox 1081 1670 1238 1735; x_wconf 88' lang='lat' dir='ltr'>additum</span> <span class='ocrx_word' id='word_1_107' title='bbox 1260 1692 1321 1736; x_wconf 85' lang='lat' dir='ltr'>esse</span> 
     </span>
     <span class='ocr_line' id='line_1_14' title="bbox 127 1774 1321 1861; baseline 0.003 -22"><span class='ocrx_word' id='word_1_108' title='bbox 127 1775 160 1839; x_wconf 91' lang='lat' dir='ltr'>in</span> <span class='ocrx_word' id='word_1_109' title='bbox 184 1777 254 1841; x_wconf 91' lang='lat' dir='ltr'>cod.</span> <span class='ocrx_word' id='word_1_110' title='bbox 279 1777 375 1840; x_wconf 90' lang='lat' dir='ltr'>Bcrn.</span> <span class='ocrx_word' id='word_1_111' title='bbox 400 1781 432 1840; x_wconf 90' lang='lat' dir='ltr'>et</span> <span class='ocrx_word' id='word_1_112' title='bbox 455 1777 488 1841; x_wconf 87' lang='lat' dir='ltr'>S.</span> <span class='ocrx_word' id='word_1_113' title='bbox 512 1777 579 1841; x_wconf 93' lang='lat' dir='ltr'>Vic.</span> <span class='ocrx_word' id='word_1_114' title='bbox 627 1774 707 1857; x_wconf 91' lang='lat' dir='ltr'>[Sed</span> <span class='ocrx_word' id='word_1_115' title='bbox 736 1778 834 1840; x_wconf 87' lang='lat' dir='ltr'>ctiam</span> <span class='ocrx_word' id='word_1_116' title='bbox 858 1776 932 1839; x_wconf 85' lang='lat' dir='ltr'>Par.</span> <span class='ocrx_word' id='word_1_117' title='bbox 956 1775 1034 1838; x_wconf 77' lang='lat' dir='ltr'>llaec</span> <span class='ocrx_word' id='word_1_118' title='bbox 1061 1777 1118 1840; x_wconf 84' lang='lat' dir='ltr'>aia</span> <span class='ocrx_word' id='word_1_119' title='bbox 1141 1777 1201 1841; x_wconf 79' lang='lat' dir='ltr'>lira</span> <span class='ocrx_word' id='word_1_120' title='bbox 1224 1777 1321 1861; x_wconf 80' lang='lat' dir='ltr'>ratic]</span> 
     </span>
     <span class='ocr_line' id='line_1_15' title="bbox 126 1882 1320 1967; baseline 0.004 -21"><span class='ocrx_word' id='word_1_121' title='bbox 126 1882 230 1947; x_wconf 90' lang='lat' dir='ltr'>Paulo</span> <span class='ocrx_word' id='word_1_122' title='bbox 253 1887 328 1964; x_wconf 90' lang='lat' dir='ltr'>post</span> <span class='ocrx_word' id='word_1_123' title='bbox 346 1883 432 1966; x_wconf 81' lang='lat' dir='ltr'>plebi</span> <span class='ocrx_word' id='word_1_124' title='bbox 455 1904 514 1966; x_wconf 91' lang='lat' dir='ltr'>pro</span> <span class='ocrx_word' id='word_1_125' title='bbox 532 1883 620 1967; x_wconf 83' lang='lat' dir='ltr'>plebi</span> <span class='ocrx_word' id='word_1_126' title='bbox 643 1883 797 1947; x_wconf 80' lang='lat' dir='ltr'>llaraaaoe</span> <span class='ocrx_word' id='word_1_127' title='bbox 820 1882 1028 1946; x_wconf 86' lang='lat' dir='ltr'>scribendum</span> <span class='ocrx_word' id='word_1_128' title='bbox 1047 1887 1109 1961; x_wconf 87' lang='lat' dir='ltr'>est,</span> <span class='ocrx_word' id='word_1_129' title='bbox 1134 1886 1320 1950; x_wconf 85' lang='lat' dir='ltr'>auctoritate</span> 
     </span>
     <span class='ocr_line' id='line_1_16' title="bbox 126 1988 1318 2074; baseline 0.004 -21"><span class='ocrx_word' id='word_1_130' title='bbox 126 1990 200 2054; x_wconf 91' lang='lat' dir='ltr'>Par.</span> <span class='ocrx_word' id='word_1_131' title='bbox 218 1988 344 2071; x_wconf 72' lang='lat' dir='ltr'>(Hera.)</span> <span class='ocrx_word' id='word_1_132' title='bbox 362 1994 394 2053; x_wconf 89' lang='lat' dir='ltr'>et</span> <span class='ocrx_word' id='word_1_133' title='bbox 410 1991 481 2054; x_wconf 91' lang='lat' dir='ltr'>cod.</span> <span class='ocrx_word' id='word_1_134' title='bbox 498 1990 610 2072; x_wconf 86' lang='lat' dir='ltr'>Steph.</span> <span class='ocrx_word' id='word_1_135' title='bbox 645 1990 850 2054; x_wconf 84' lang='lat' dir='ltr'>Adiectivum</span> <span class='ocrx_word' id='word_1_136' title='bbox 875 1989 1119 2054; x_wconf 90' lang='lat' dir='ltr'>incommodum</span> <span class='ocrx_word' id='word_1_137' title='bbox 1142 1996 1205 2069; x_wconf 88' lang='lat' dir='ltr'>est,</span> <span class='ocrx_word' id='word_1_138' title='bbox 1230 2012 1318 2074; x_wconf 85' lang='lat' dir='ltr'>quum</span> 
     </span>
     <span class='ocr_line' id='line_1_17' title="bbox 126 2096 1059 2179; baseline 0 -19"><span class='ocrx_word' id='word_1_139' title='bbox 126 2098 332 2179; x_wconf 86' lang='lat' dir='ltr'>optimatium</span> <span class='ocrx_word' id='word_1_140' title='bbox 358 2101 390 2160; x_wconf 89' lang='lat' dir='ltr'>et</span> <span class='ocrx_word' id='word_1_141' title='bbox 413 2097 518 2178; x_wconf 89' lang='lat' dir='ltr'>plebis</span> <span class='ocrx_word' id='word_1_142' title='bbox 542 2097 675 2161; x_wconf 92' lang='lat' dir='ltr'>nomina</span> <span class='ocrx_word' id='word_1_143' title='bbox 700 2096 862 2161; x_wconf 87' lang='lat' dir='ltr'>contraria</span> <span class='ocrx_word' id='word_1_144' title='bbox 885 2104 1059 2177; x_wconf 88' lang='lat' dir='ltr'>ponantur.</span> 
     </span>
     <span class='ocr_line' id='line_1_18' title="bbox 185 2185 1315 2289; baseline 0 -23"><span class='ocrx_word' id='word_1_145' title='bbox 185 2224 189 2232; x_wconf 92' lang='lat'>·</span> <span class='ocrx_word' id='word_1_146' title='bbox 216 2204 251 2266; x_wconf 94' lang='lat' dir='ltr'>ln</span> <span class='ocrx_word' id='word_1_147' title='bbox 269 2223 296 2267; x_wconf 88' lang='lat' dir='ltr'>c.</span> <span class='ocrx_word' id='word_1_148' title='bbox 314 2185 367 2280; x_wconf 85' lang='lat'>49,</span> <span class='ocrx_word' id='word_1_149' title='bbox 395 2205 457 2267; x_wconf 79' lang='lat'>104</span> <span class='ocrx_word' id='word_1_150' title='bbox 481 2203 596 2268; x_wconf 87' lang='lat' dir='ltr'>edunt:</span> <span class='ocrx_word' id='word_1_151' title='bbox 622 2204 734 2289; x_wconf 85' lang='lat' dir='ltr'>Itaque</span> <span class='ocrx_word' id='word_1_152' title='bbox 757 2204 896 2267; x_wconf 78' lang='lat' dir='ltr'>liaruiaes</span> <span class='ocrx_word' id='word_1_153' title='bbox 918 2202 1059 2267; x_wconf 85' lang='lat' dir='ltr'>salitiosi</span> <span class='ocrx_word' id='word_1_154' title='bbox 1081 2224 1122 2267; x_wconf 88' lang='lat' dir='ltr'>ac</span> <span class='ocrx_word' id='word_1_155' title='bbox 1145 2204 1315 2281; x_wconf 78' lang='lat' dir='ltr'>turbulenti,</span> 
     </span>
     <span class='ocr_line' id='line_1_19' title="bbox 71 2310 1314 2396; baseline 0.002 -24"><span class='ocrx_word' id='word_1_156' title='bbox 71 2323 111 2366; x_wconf 70' lang='lat' dir='ltr'>⁴⁸ss</span> <span class='ocrx_word' id='word_1_157' title='bbox 126 2312 203 2394; x_wconf 73' lang='lat' dir='ltr'>arria</span> <span class='ocrx_word' id='word_1_158' title='bbox 225 2312 315 2374; x_wconf 80' lang='lat' dir='ltr'>rrrrlla</span> <span class='ocrx_word' id='word_1_159' title='bbox 338 2313 403 2373; x_wconf 81' lang='lat' dir='ltr'>lara</span> <span class='ocrx_word' id='word_1_160' title='bbox 429 2312 597 2393; x_wconf 75' lang='lat' dir='ltr'>larpitione</span> <span class='ocrx_word' id='word_1_161' title='bbox 620 2312 775 2394; x_wconf 87' lang='lat' dir='ltr'>papulum</span> <span class='ocrx_word' id='word_1_162' title='bbox 799 2310 976 2374; x_wconf 81' lang='lat' dir='ltr'>Raraunum</span> <span class='ocrx_word' id='word_1_163' title='bbox 1006 2312 1166 2374; x_wconf 86' lang='lat' dir='ltr'>concitare</span> <span class='ocrx_word' id='word_1_164' title='bbox 1182 2320 1314 2396; x_wconf 71' lang='lat' dir='ltr'>passum,</span> 
     </span>
     <span class='ocr_line' id='line_1_20' title="bbox 125 2415 1311 2501; baseline 0.002 -22"><span class='ocrx_word' id='word_1_165' title='bbox 125 2417 207 2501; x_wconf 72' lang='lat' dir='ltr'>qaod</span> <span class='ocrx_word' id='word_1_166' title='bbox 224 2417 314 2500; x_wconf 78' lang='lat' dir='ltr'>plebs</span> <span class='ocrx_word' id='word_1_167' title='bbox 328 2418 501 2501; x_wconf 73' lang='lat' dir='ltr'>perfuncta</span> <span class='ocrx_word' id='word_1_168' title='bbox 523 2418 723 2500; x_wconf 75' lang='lat' dir='ltr'>pravissimis</span> <span class='ocrx_word' id='word_1_169' title='bbox 746 2416 949 2480; x_wconf 78' lang='lat' dir='ltr'>seditionibus</span> <span class='ocrx_word' id='word_1_170' title='bbox 972 2436 1010 2478; x_wconf 87' lang='lat' dir='ltr'>ac</span> <span class='ocrx_word' id='word_1_171' title='bbox 1032 2415 1207 2483; x_wconf 81' lang='lat' dir='ltr'>discordiis</span> <span class='ocrx_word' id='word_1_172' title='bbox 1229 2421 1311 2482; x_wconf 81' lang='lat' dir='ltr'>aliua</span> 
     </span>
     <span class='ocr_line' id='line_1_21' title="bbox 124 2522 1311 2606; baseline 0.003 -20"><span class='ocrx_word' id='word_1_173' title='bbox 124 2525 218 2587; x_wconf 73' lang='lat' dir='ltr'>ricarlle</span> <span class='ocrx_word' id='word_1_174' title='bbox 242 2522 353 2605; x_wconf 86' lang='lat' dir='ltr'>(Orell.</span> <span class='ocrx_word' id='word_1_175' title='bbox 376 2523 446 2606; x_wconf 77' lang='lat' dir='ltr'>fere</span> <span class='ocrx_word' id='word_1_176' title='bbox 468 2523 575 2605; x_wconf 84' lang='lat' dir='ltr'>malle)</span> <span class='ocrx_word' id='word_1_177' title='bbox 599 2523 745 2586; x_wconf 78' lang='lat' dir='ltr'>rideatur</span> <span class='ocrx_word' id='word_1_178' title='bbox 769 2528 829 2586; x_wconf 85' lang='lat' dir='ltr'>cet.</span> <span class='ocrx_word' id='word_1_179' title='bbox 876 2522 941 2586; x_wconf 88' lang='lat' dir='ltr'>Sed</span> <span class='ocrx_word' id='word_1_180' title='bbox 969 2524 1002 2586; x_wconf 91' lang='lat' dir='ltr'>in</span> <span class='ocrx_word' id='word_1_181' title='bbox 1032 2526 1188 2588; x_wconf 83' lang='lat' dir='ltr'>extremis</span> <span class='ocrx_word' id='word_1_182' title='bbox 1218 2526 1311 2590; x_wconf 79' lang='lat' dir='ltr'>verbis</span> 
     </span>
     <span class='ocr_line' id='line_1_22' title="bbox 124 2631 1307 2715; baseline 0.004 -23"><span class='ocrx_word' id='word_1_183' title='bbox 124 2650 222 2711; x_wconf 82' lang='lat' dir='ltr'>quarn</span> <span class='ocrx_word' id='word_1_184' title='bbox 252 2650 365 2693; x_wconf 87' lang='lat' dir='ltr'>recens</span> <span class='ocrx_word' id='word_1_185' title='bbox 395 2631 600 2713; x_wconf 81' lang='lat' dir='ltr'>interpolatio</span> <span class='ocrx_word' id='word_1_186' title='bbox 631 2632 760 2693; x_wconf 85' lang='lat' dir='ltr'>versata</span> <span class='ocrx_word' id='word_1_187' title='bbox 795 2631 845 2705; x_wconf 87' lang='lat' dir='ltr'>sit,</span> <span class='ocrx_word' id='word_1_188' title='bbox 882 2650 981 2710; x_wconf 87' lang='lat' dir='ltr'>supra</span> <span class='ocrx_word' id='word_1_189' title='bbox 1018 2634 1155 2712; x_wconf 83' lang='lat' dir='ltr'>exposui</span> <span class='ocrx_word' id='word_1_190' title='bbox 1190 2632 1234 2715; x_wconf 89' lang='lat' dir='ltr'>(p.</span> <span class='ocrx_word' id='word_1_191' title='bbox 1255 2633 1307 2697; x_wconf 73' lang='lat' dir='ltr'>lli</span> 
     </span>
     <span class='ocr_line' id='line_1_23' title="bbox 123 2733 1306 2819; baseline 0.003 -20"><span class='ocrx_word' id='word_1_192' title='bbox 123 2733 250 2816; x_wconf 78' lang='lat' dir='ltr'>not.).¹)</span> <span class='ocrx_word' id='word_1_193' title='bbox 285 2738 352 2800; x_wconf 86' lang='lat' dir='ltr'>Nec</span> <span class='ocrx_word' id='word_1_194' title='bbox 376 2737 471 2801; x_wconf 90' lang='lat' dir='ltr'>huius</span> <span class='ocrx_word' id='word_1_195' title='bbox 495 2739 664 2819; x_wconf 71' lang='lat' dir='ltr'>scripturae</span> <span class='ocrx_word' id='word_1_196' title='bbox 688 2739 832 2819; x_wconf 73' lang='lat' dir='ltr'>pravitas</span> <span class='ocrx_word' id='word_1_197' title='bbox 856 2737 996 2800; x_wconf 91' lang='lat' dir='ltr'>obscura</span> <span class='ocrx_word' id='word_1_198' title='bbox 1019 2741 1079 2800; x_wconf 90' lang='lat' dir='ltr'>est.</span> <span class='ocrx_word' id='word_1_199' title='bbox 1114 2738 1200 2802; x_wconf 88' lang='lat' dir='ltr'>Nam</span> <span class='ocrx_word' id='word_1_200' title='bbox 1216 2757 1306 2819; x_wconf 86' lang='lat' dir='ltr'>neque</span> 
     </span>
     <span class='ocr_line' id='line_1_24' title="bbox 123 2844 1303 2921; baseline 0.001 -14"><span class='ocrx_word' id='word_1_201' title='bbox 123 2844 347 2907; x_wconf 82' lang='lat' dir='ltr'>coniunctivus</span> <span class='ocrx_word' id='word_1_202' title='bbox 373 2844 518 2908; x_wconf 79' lang='lat' dir='ltr'>rideatur</span> <span class='ocrx_word' id='word_1_203' title='bbox 540 2844 641 2908; x_wconf 90' lang='lat' dir='ltr'>ullam</span> <span class='ocrx_word' id='word_1_204' title='bbox 665 2844 764 2908; x_wconf 85' lang='lat' dir='ltr'>habet</span> <span class='ocrx_word' id='word_1_205' title='bbox 790 2864 934 2921; x_wconf 88' lang='lat' dir='ltr'>causam,</span> <span class='ocrx_word' id='word_1_206' title='bbox 959 2849 991 2908; x_wconf 90' lang='lat' dir='ltr'>et</span> <span class='ocrx_word' id='word_1_207' title='bbox 1015 2844 1246 2909; x_wconf 88' lang='lat' dir='ltr'>alienissimum</span> <span class='ocrx_word' id='word_1_208' title='bbox 1266 2848 1303 2908; x_wconf 89' lang='lat' dir='ltr'>esl</span> 
     </span>
     <span class='ocr_line' id='line_1_25' title="bbox 124 2944 1302 3033; baseline 0.001 -21"><span class='ocrx_word' id='word_1_209' title='bbox 124 2944 202 3013; x_wconf 87' lang='lat' dir='ltr'>illud</span> <span class='ocrx_word' id='word_1_210' title='bbox 227 2951 336 3028; x_wconf 81' lang='lat' dir='ltr'>rideri,</span> <span class='ocrx_word' id='word_1_211' title='bbox 373 2971 472 3033; x_wconf 88' lang='lat' dir='ltr'>quum</span> <span class='ocrx_word' id='word_1_212' title='bbox 505 2951 617 3015; x_wconf 88' lang='lat' dir='ltr'>Cicero</span> <span class='ocrx_word' id='word_1_213' title='bbox 645 2951 740 3014; x_wconf 77' lang='lat' dir='ltr'>ualde</span> <span class='ocrx_word' id='word_1_214' title='bbox 769 2951 920 3026; x_wconf 83' lang='lat' dir='ltr'>affirmet,</span> <span class='ocrx_word' id='word_1_215' title='bbox 956 2951 1114 3032; x_wconf 90' lang='lat' dir='ltr'>populum</span> <span class='ocrx_word' id='word_1_216' title='bbox 1139 2971 1212 3015; x_wconf 91' lang='lat' dir='ltr'>cum</span> <span class='ocrx_word' id='word_1_217' title='bbox 1234 2950 1302 3033; x_wconf 87' lang='lat' dir='ltr'>opti·</span> 
     </span>
     <span class='ocr_line' id='line_1_26' title="bbox 123 3056 1300 3140; baseline 0.002 -20"><span class='ocrx_word' id='word_1_218' title='bbox 123 3057 266 3121; x_wconf 84' lang='lat' dir='ltr'>malibus</span> <span class='ocrx_word' id='word_1_219' title='bbox 292 3059 547 3122; x_wconf 87' lang='lat' dir='ltr'>consentientem</span> <span class='ocrx_word' id='word_1_220' title='bbox 571 3058 637 3121; x_wconf 87' lang='lat' dir='ltr'>otio</span> <span class='ocrx_word' id='word_1_221' title='bbox 661 3078 720 3121; x_wconf 94' lang='lat' dir='ltr'>suo</span> <span class='ocrx_word' id='word_1_222' title='bbox 743 3056 907 3121; x_wconf 88' lang='lat' dir='ltr'>delectari.</span> <span class='ocrx_word' id='word_1_223' title='bbox 954 3059 1022 3122; x_wconf 89' lang='lat' dir='ltr'>lam</span> <span class='ocrx_word' id='word_1_224' title='bbox 1054 3077 1156 3140; x_wconf 88' lang='lat' dir='ltr'>quum</span> <span class='ocrx_word' id='word_1_225' title='bbox 1180 3059 1211 3122; x_wconf 92' lang='lat' dir='ltr'>in</span> <span class='ocrx_word' id='word_1_226' title='bbox 1233 3058 1300 3122; x_wconf 84' lang='lat' dir='ltr'>anti·</span> 
     </span>
     <span class='ocr_line' id='line_1_27' title="bbox 25 3163 1299 3247; baseline 0.001 -22"><span class='ocrx_word' id='word_1_227' title='bbox 25 3230 29 3237; x_wconf 59' lang='lat'>,</span> <span class='ocrx_word' id='word_1_228' title='bbox 122 3163 279 3243; x_wconf 86' lang='lat' dir='ltr'>quissimo</span> <span class='ocrx_word' id='word_1_229' title='bbox 314 3164 424 3228; x_wconf 88' lang='lat' dir='ltr'>codice</span> <span class='ocrx_word' id='word_1_230' title='bbox 459 3165 514 3228; x_wconf 91' lang='lat' dir='ltr'>sit:</span> <span class='ocrx_word' id='word_1_231' title='bbox 558 3166 654 3227; x_wconf 79' lang='lat' dir='ltr'>otia-ra</span> <span class='ocrx_word' id='word_1_232' title='bbox 689 3165 883 3240; x_wconf 68' lang='lat' dir='ltr'>malexatur,</span> <span class='ocrx_word' id='word_1_233' title='bbox 919 3163 1154 3229; x_wconf 87' lang='lat' dir='ltr'>mathematica</span> <span class='ocrx_word' id='word_1_234' title='bbox 1188 3182 1299 3247; x_wconf 88' lang='lat' dir='ltr'>prorsus</span> 
     </span>
     <span class='ocr_line' id='line_1_28' title="bbox 121 3271 1298 3353; baseline 0.001 -21"><span class='ocrx_word' id='word_1_235' title='bbox 121 3271 247 3343; x_wconf 85' lang='lat' dir='ltr'>ratione</span> <span class='ocrx_word' id='word_1_236' title='bbox 271 3271 313 3333; x_wconf 89' lang='lat' dir='ltr'>ad</span> <span class='ocrx_word' id='word_1_237' title='bbox 337 3271 546 3334; x_wconf 84' lang='lat' dir='ltr'>emendatam</span> <span class='ocrx_word' id='word_1_238' title='bbox 571 3273 765 3353; x_wconf 87' lang='lat' dir='ltr'>scripturam</span> <span class='ocrx_word' id='word_1_239' title='bbox 789 3273 950 3353; x_wconf 83' lang='lat' dir='ltr'>perveniri</span> <span class='ocrx_word' id='word_1_240' title='bbox 973 3276 1092 3353; x_wconf 88' lang='lat' dir='ltr'>potest.</span> <span class='ocrx_word' id='word_1_241' title='bbox 1133 3272 1298 3336; x_wconf 85' lang='lat' dir='ltr'>Restituen·</span> 
     </span>
     <span class='ocr_line' id='line_1_29' title="bbox 122 3376 1296 3461; baseline -0.001 -22"><span class='ocrx_word' id='word_1_242' title='bbox 122 3376 201 3439; x_wconf 87' lang='lat' dir='ltr'>dum</span> <span class='ocrx_word' id='word_1_243' title='bbox 225 3380 274 3440; x_wconf 88' lang='lat' dir='ltr'>est</span> <span class='ocrx_word' id='word_1_244' title='bbox 297 3377 384 3440; x_wconf 84' lang='lat' dir='ltr'>enim</span> <span class='ocrx_word' id='word_1_245' title='bbox 401 3397 544 3458; x_wconf 88' lang='lat' dir='ltr'>praesens</span> <span class='ocrx_word' id='word_1_246' title='bbox 560 3378 725 3442; x_wconf 84' lang='lat' dir='ltr'>indicativi</span> <span class='ocrx_word' id='word_1_247' title='bbox 741 3381 871 3459; x_wconf 85' lang='lat' dir='ltr'>tempus</span> <span class='ocrx_word' id='word_1_248' title='bbox 888 3378 978 3442; x_wconf 88' lang='lat' dir='ltr'>verbi</span> <span class='ocrx_word' id='word_1_249' title='bbox 996 3378 1190 3460; x_wconf 88' lang='lat' dir='ltr'>deponentis</span> <span class='ocrx_word' id='word_1_250' title='bbox 1206 3379 1296 3461; x_wconf 84' lang='lat' dir='ltr'>prima</span> 
     </span>
     <span class='ocr_line' id='line_1_30' title="bbox 121 3483 1297 3564; baseline 0.002 -18"><span class='ocrx_word' id='word_1_251' title='bbox 121 3483 356 3564; x_wconf 80' lang='lat' dir='ltr'>coniugationis</span> <span class='ocrx_word' id='word_1_252' title='bbox 381 3483 413 3546; x_wconf 92' lang='lat' dir='ltr'>in</span> <span class='ocrx_word' id='word_1_253' title='bbox 435 3504 495 3546; x_wconf 81' lang='lat' dir='ltr'>aar</span> <span class='ocrx_word' id='word_1_254' title='bbox 518 3485 674 3548; x_wconf 86' lang='lat' dir='ltr'>exeuntis.</span> <span class='ocrx_word' id='word_1_255' title='bbox 711 3485 746 3547; x_wconf 95' lang='lat' dir='ltr'>ld</span> <span class='ocrx_word' id='word_1_256' title='bbox 771 3485 909 3548; x_wconf 82' lang='lat' dir='ltr'>efficitur</span> <span class='ocrx_word' id='word_1_257' title='bbox 933 3483 1062 3548; x_wconf 88' lang='lat' dir='ltr'>duabus</span> <span class='ocrx_word' id='word_1_258' title='bbox 1080 3485 1196 3550; x_wconf 88' lang='lat' dir='ltr'>litteris</span> <span class='ocrx_word' id='word_1_259' title='bbox 1212 3490 1297 3550; x_wconf 84' lang='lat' dir='ltr'>trans·</span> 
     </span>
     <span class='ocr_line' id='line_1_31' title="bbox 120 3589 1297 3675; baseline -0.001 -22"><span class='ocrx_word' id='word_1_260' title='bbox 120 3590 244 3671; x_wconf 65' lang='lat' dir='ltr'>positis</span> <span class='ocrx_word' id='word_1_261' title='bbox 269 3610 333 3653; x_wconf 87' lang='lat' dir='ltr'>una</span> <span class='ocrx_word' id='word_1_262' title='bbox 358 3589 486 3654; x_wconf 79' lang='lat' dir='ltr'>addita:</span> <span class='ocrx_word' id='word_1_263' title='bbox 511 3593 607 3653; x_wconf 83' lang='lat' dir='ltr'>oliam</span> <span class='ocrx_word' id='word_1_264' title='bbox 632 3613 686 3654; x_wconf 80' lang='lat' dir='ltr'>aar</span> <span class='ocrx_word' id='word_1_265' title='bbox 691 3593 892 3675; x_wconf 80' lang='lat' dir='ltr'>ploratur,</span> <span class='ocrx_word' id='word_1_266' title='bbox 917 3611 981 3671; x_wconf 88' lang='lat' dir='ltr'>quo</span> <span class='ocrx_word' id='word_1_267' title='bbox 998 3591 1099 3656; x_wconf 85' lang='lat' dir='ltr'>verbo</span> <span class='ocrx_word' id='word_1_268' title='bbox 1115 3593 1194 3656; x_wconf 90' lang='lat' dir='ltr'>nihil</span> <span class='ocrx_word' id='word_1_269' title='bbox 1213 3591 1297 3674; x_wconf 80' lang='lat' dir='ltr'>aplius</span> 
     </span>
     <span class='ocr_line' id='line_1_32' title="bbox 120 3696 1297 3784; baseline 0 -25"><span class='ocrx_word' id='word_1_270' title='bbox 120 3696 164 3759; x_wconf 85' lang='lat' dir='ltr'>ad</span> <span class='ocrx_word' id='word_1_271' title='bbox 188 3696 383 3761; x_wconf 81' lang='lat' dir='ltr'>senientiam</span> <span class='ocrx_word' id='word_1_272' title='bbox 408 3717 480 3761; x_wconf 88' lang='lat' dir='ltr'>csse</span> <span class='ocrx_word' id='word_1_273' title='bbox 509 3702 626 3779; x_wconf 84' lang='lat' dir='ltr'>potest.</span> <span class='ocrx_word' id='word_1_274' title='bbox 674 3696 754 3778; x_wconf 86' lang='lat' dir='ltr'>[Cic.</span> <span class='ocrx_word' id='word_1_275' title='bbox 780 3719 838 3779; x_wconf 91' lang='lat' dir='ltr'>pro</span> <span class='ocrx_word' id='word_1_276' title='bbox 863 3697 944 3761; x_wconf 89' lang='lat' dir='ltr'>Mur.</span> <span class='ocrx_word' id='word_1_277' title='bbox 969 3696 987 3777; x_wconf 66' lang='grc' dir='ltr'>ξ</span> <span class='ocrx_word' id='word_1_278' title='bbox 1011 3699 1069 3762; x_wconf 81' lang='lat'>83:</span> <span class='ocrx_word' id='word_1_279' title='bbox 1106 3699 1151 3762; x_wconf 88' lang='lat' dir='ltr'>ad</span> <span class='ocrx_word' id='word_1_280' title='bbox 1182 3699 1297 3784; x_wconf 85' lang='lat' dir='ltr'>ampla·</span> 
     </span>
     <span class='ocr_line' id='line_1_33' title="bbox 120 3802 387 3886; baseline 0.011 -22"><span class='ocrx_word' id='word_1_281' title='bbox 120 3803 241 3865; x_wconf 73' lang='lat' dir='ltr'>auclara</span> <span class='ocrx_word' id='word_1_282' title='bbox 264 3802 387 3886; x_wconf 77' lang='lat' dir='ltr'>altura]</span> 
     </span>
    </p>
   </div>
   <div class='ocr_carea' id='block_1_3' title="bbox 120 3944 386 3953">
    <p class='ocr_par' dir='ltr' id='par_1_3' title="bbox 120 3944 386 3953">
     <span class='ocr_line' id='line_1_34' title="bbox 120 3944 386 3953; baseline 0.011 -3"><span class='ocrx_word' id='word_1_283' title='bbox 120 3944 139 3950; x_wconf 84' lang='lat'>-.</span> <span class='ocrx_word' id='word_1_284' title='bbox 146 3945 292 3953; x_wconf 71' lang='lat'>—.-.-.-—-.</span> <span class='ocrx_word' id='word_1_285' title='bbox 299 3947 337 3952; x_wconf 66' lang='grc'>-..-</span> <span class='ocrx_word' id='word_1_286' title='bbox 348 3947 386 3953; x_wconf 79' lang='lat'>—-</span> 
     </span>
    </p>
   </div>
   <div class='ocr_carea' id='block_1_4' title="bbox 149 4029 1304 4638">
    <p class='ocr_par' dir='ltr' id='par_1_4' title="bbox 149 4029 1304 4638">
     <span class='ocr_line' id='line_1_35' title="bbox 149 4029 1300 4105; baseline 0.002 -22"><span class='ocrx_word' id='word_1_287' title='bbox 149 4029 170 4098; x_wconf 91' lang='lat'>¹)</span> <span class='ocrx_word' id='word_1_288' title='bbox 191 4030 231 4100; x_wconf 90' lang='lat' dir='ltr'>[P.</span> <span class='ocrx_word' id='word_1_289' title='bbox 251 4032 303 4084; x_wconf 88' lang='grc'>418</span> <span class='ocrx_word' id='word_1_290' title='bbox 322 4033 360 4087; x_wconf 90' lang='lat' dir='ltr'>sic</span> <span class='ocrx_word' id='word_1_291' title='bbox 379 4033 554 4101; x_wconf 87' lang='lat' dir='ltr'>scripseram:</span> <span class='ocrx_word' id='word_1_292' title='bbox 580 4033 608 4086; x_wconf 88' lang='lat' dir='ltr'>C.</span> <span class='ocrx_word' id='word_1_293' title='bbox 627 4032 670 4097; x_wconf 84' lang='grc'>49,</span> <span class='ocrx_word' id='word_1_294' title='bbox 697 4034 748 4087; x_wconf 84' lang='grc'>105</span> <span class='ocrx_word' id='word_1_295' title='bbox 766 4035 925 4089; x_wconf 88' lang='lat' dir='ltr'>Parisiensis</span> <span class='ocrx_word' id='word_1_296' title='bbox 944 4035 1085 4102; x_wconf 82' lang='lat' dir='ltr'>expressit,</span> <span class='ocrx_word' id='word_1_297' title='bbox 1112 4037 1187 4105; x_wconf 85' lang='lat' dir='ltr'>quod</span> <span class='ocrx_word' id='word_1_298' title='bbox 1206 4037 1233 4091; x_wconf 89' lang='lat' dir='ltr'>in</span> <span class='ocrx_word' id='word_1_299' title='bbox 1249 4030 1300 4089; x_wconf 81' lang='lat' dir='ltr'>aou&#39;·</span> 
     </span>
     <span class='ocr_line' id='line_1_36' title="bbox 190 4121 1301 4193; baseline 0.002 -19"><span class='ocrx_word' id='word_1_300' title='bbox 190 4139 245 4190; x_wconf 84' lang='lat' dir='ltr'>quo</span> <span class='ocrx_word' id='word_1_301' title='bbox 264 4122 332 4175; x_wconf 91' lang='lat' dir='ltr'>libro</span> <span class='ocrx_word' id='word_1_302' title='bbox 351 4127 478 4191; x_wconf 84' lang='lat' dir='ltr'>corrupte</span> <span class='ocrx_word' id='word_1_303' title='bbox 496 4121 628 4191; x_wconf 89' lang='lat' dir='ltr'>scriptum</span> <span class='ocrx_word' id='word_1_304' title='bbox 653 4129 719 4181; x_wconf 87' lang='lat' dir='ltr'>erat,</span> <span class='ocrx_word' id='word_1_305' title='bbox 743 4128 827 4177; x_wconf 84' lang='lat' dir='ltr'>otium</span> <span class='ocrx_word' id='word_1_306' title='bbox 846 4125 1007 4186; x_wconf 80' lang='lat' dir='ltr'>malexatur,</span> <span class='ocrx_word' id='word_1_307' title='bbox 1032 4125 1060 4177; x_wconf 91' lang='lat' dir='ltr'>in</span> <span class='ocrx_word' id='word_1_308' title='bbox 1079 4125 1213 4179; x_wconf 83' lang='lat' dir='ltr'>Beruensi</span> <span class='ocrx_word' id='word_1_309' title='bbox 1230 4122 1301 4193; x_wconf 79' lang='lat' dir='ltr'>priore</span> 
     </span>
     <span class='ocr_line' id='line_1_37' title="bbox 190 4207 1301 4281; baseline 0.003 -18"><span class='ocrx_word' id='word_1_310' title='bbox 190 4208 230 4276; x_wconf 88' lang='lat' dir='ltr'>[in</span> <span class='ocrx_word' id='word_1_311' title='bbox 253 4211 313 4264; x_wconf 88' lang='lat' dir='ltr'>Par.</span> <span class='ocrx_word' id='word_1_312' title='bbox 338 4228 356 4264; x_wconf 88' lang='lat' dir='ltr'>a</span> <span class='ocrx_word' id='word_1_313' title='bbox 378 4228 431 4265; x_wconf 88' lang='lat' dir='ltr'>sec.</span> <span class='ocrx_word' id='word_1_314' title='bbox 455 4207 552 4277; x_wconf 86' lang='lat' dir='ltr'>manu]</span> <span class='ocrx_word' id='word_1_315' title='bbox 576 4210 632 4264; x_wconf 88' lang='lat' dir='ltr'>iam</span> <span class='ocrx_word' id='word_1_316' title='bbox 655 4211 870 4281; x_wconf 86' lang='lat' dir='ltr'>interpolationis</span> <span class='ocrx_word' id='word_1_317' title='bbox 894 4213 1040 4281; x_wconf 79' lang='lat' dir='ltr'>vestigium</span> <span class='ocrx_word' id='word_1_318' title='bbox 1063 4219 1118 4278; x_wconf 72' lang='lat' dir='ltr'>est,</span> <span class='ocrx_word' id='word_1_319' title='bbox 1148 4214 1196 4268; x_wconf 85' lang='lat' dir='ltr'>sed</span> <span class='ocrx_word' id='word_1_320' title='bbox 1219 4207 1301 4280; x_wconf 80' lang='lat' dir='ltr'>simpli·</span> 
     </span>
     <span class='ocr_line' id='line_1_38' title="bbox 190 4298 1302 4370; baseline 0.003 -19"><span class='ocrx_word' id='word_1_321' title='bbox 190 4299 313 4363; x_wconf 87' lang='lat' dir='ltr'>cissimae,</span> <span class='ocrx_word' id='word_1_322' title='bbox 342 4301 457 4353; x_wconf 79' lang='lat' dir='ltr'>verbum</span> <span class='ocrx_word' id='word_1_323' title='bbox 481 4300 626 4367; x_wconf 76' lang='lat' dir='ltr'>integrum,</span> <span class='ocrx_word' id='word_1_324' title='bbox 655 4316 710 4353; x_wconf 90' lang='lat' dir='ltr'>non</span> <span class='ocrx_word' id='word_1_325' title='bbox 739 4303 903 4355; x_wconf 87' lang='lat' dir='ltr'>sententiam</span> <span class='ocrx_word' id='word_1_326' title='bbox 932 4303 1110 4370; x_wconf 86' lang='lat' dir='ltr'>requirentis:</span> <span class='ocrx_word' id='word_1_327' title='bbox 1140 4307 1224 4358; x_wconf 82' lang='lat' dir='ltr'>atium</span> <span class='ocrx_word' id='word_1_328' title='bbox 1250 4298 1302 4354; x_wconf 66' lang='lat' dir='ltr'>uait</span> 
     </span>
     <span class='ocr_line' id='line_1_39' title="bbox 190 4387 1303 4459; baseline 0.004 -19"><span class='ocrx_word' id='word_1_329' title='bbox 190 4397 316 4447; x_wconf 65' lang='lat' dir='ltr'>acuatum</span> <span class='ocrx_word' id='word_1_330' title='bbox 335 4389 383 4442; x_wconf 88' lang='lat' dir='ltr'>sed</span> <span class='ocrx_word' id='word_1_331' title='bbox 397 4387 573 4442; x_wconf 66' lang='lat' dir='ltr'>narnensis-2</span> <span class='ocrx_word' id='word_1_332' title='bbox 592 4389 676 4442; x_wconf 86' lang='lat' dir='ltr'>etiam</span> <span class='ocrx_word' id='word_1_333' title='bbox 695 4391 858 4444; x_wconf 88' lang='lat' dir='ltr'>sententiam</span> <span class='ocrx_word' id='word_1_334' title='bbox 880 4391 1001 4459; x_wconf 83' lang='lat' dir='ltr'>aliquam</span> <span class='ocrx_word' id='word_1_335' title='bbox 1021 4391 1126 4445; x_wconf 78' lang='lat' dir='ltr'>effecit:</span> <span class='ocrx_word' id='word_1_336' title='bbox 1145 4387 1303 4446; x_wconf 72' lang='lat' dir='ltr'>ortumaale</span> 
     </span>
     <span class='ocr_line' id='line_1_40' title="bbox 189 4478 1304 4548; baseline 0.002 -19"><span class='ocrx_word' id='word_1_337' title='bbox 189 4478 321 4530; x_wconf 74' lang='lat' dir='ltr'>videatur.</span> <span class='ocrx_word' id='word_1_338' title='bbox 360 4478 388 4530; x_wconf 94' lang='lat' dir='ltr'>ld</span> <span class='ocrx_word' id='word_1_339' title='bbox 408 4483 624 4547; x_wconf 74' lang='lat' dir='ltr'>propagatuma</span> <span class='ocrx_word' id='word_1_340' title='bbox 652 4478 749 4532; x_wconf 89' lang='lat' dir='ltr'>ceteris</span> <span class='ocrx_word' id='word_1_341' title='bbox 775 4484 827 4542; x_wconf 86' lang='lat' dir='ltr'>est;</span> <span class='ocrx_word' id='word_1_342' title='bbox 857 4480 1008 4548; x_wconf 73' lang='lat' dir='ltr'>Hcrvagius</span> <span class='ocrx_word' id='word_1_343' title='bbox 1032 4480 1131 4534; x_wconf 88' lang='lat' dir='ltr'>edidit:</span> <span class='ocrx_word' id='word_1_344' title='bbox 1159 4485 1242 4536; x_wconf 78' lang='lat' dir='ltr'>otium</span> <span class='ocrx_word' id='word_1_345' title='bbox 1260 4480 1304 4547; x_wconf 73' lang='lat' dir='ltr'>sar</span> 
     </span>
     <span class='ocr_line' id='line_1_41' title="bbox 189 4558 1304 4638; baseline 0.011 -21"><span class='ocrx_word' id='word_1_346' title='bbox 189 4567 268 4618; x_wconf 79' lang='lat' dir='ltr'>rnallr</span> <span class='ocrx_word' id='word_1_347' title='bbox 286 4569 418 4630; x_wconf 79' lang='lat' dir='ltr'>rideatur,</span> <span class='ocrx_word' id='word_1_348' title='bbox 442 4583 474 4620; x_wconf 90' lang='lat' dir='ltr'>ex</span> <span class='ocrx_word' id='word_1_349' title='bbox 498 4582 552 4634; x_wconf 89' lang='lat' dir='ltr'>quo</span> <span class='ocrx_word' id='word_1_350' title='bbox 576 4567 748 4622; x_wconf 77' lang='lat' dir='ltr'>Camerarius</span> <span class='ocrx_word' id='word_1_351' title='bbox 772 4568 844 4633; x_wconf 84' lang='lat' dir='ltr'>iecit,</span> <span class='ocrx_word' id='word_1_352' title='bbox 863 4569 937 4637; x_wconf 91' lang='lat' dir='ltr'>quod</span> <span class='ocrx_word' id='word_1_353' title='bbox 956 4569 1073 4623; x_wconf 84' lang='lat' dir='ltr'>Orellius</span> <span class='ocrx_word' id='word_1_354' title='bbox 1093 4569 1238 4638; x_wconf 84' lang='lat' dir='ltr'>amplexus</span> <span class='ocrx_word' id='word_1_355' title='bbox 1254 4558 1304 4629; x_wconf 69' lang='lat' dir='ltr'>ert]</span> 
     </span>
    </p>
   </div>
   <div class='ocr_carea' id='block_1_5' title="bbox 0 0 1482 5190">
    <p class='ocr_par' dir='ltr' id='par_1_5' title="bbox 0 0 1482 5190">
     <span class='ocr_line' id='line_1_42' title="bbox 0 0 1482 5190; baseline 0 4"><span class='ocrx_word' id='word_1_356' title='bbox 0 0 1482 5190; x_wconf 95' lang='lat' dir='ltr'> </span> 
     </span>
    </p>
   </div>
  </div>
 </body>
</html>
