2948 5206
696 279 760 344 279
852 271 855 275 ’

127 548 130 553 Ι
176 471 291 535 iodrum
323 472 458 538 adiectis
480 477 555 555 post
582 474 637 538 illa
664 496 760 560 quum
788 481 926 561 equecter
953 472 1030 537 ordo
1054 472 1220 551 iudicaret,
1254 475 1325 536 tum
1340 490 1379 529 ³1³

175 578 243 643 nulto
268 580 407 643 maxime
438 580 473 642 in
502 580 642 645 ridicula
672 583 735 647 hac
763 579 989 647 coniunctione
1011 578 1333 661 iudico—iudicante)

174 685 228 749 lunc
244 685 361 750 habeat
383 685 559 769 originem3
584 690 772 771 quanquam
795 706 861 752 non
884 687 954 751 sola
977 685 1195 751 redundantia
1217 686 1334 752 vitiosa

173 794 203 855 ul
226 790 299 872 (dico
327 796 464 874 propter
494 813 561 872 eos,
597 795 652 876 qui
680 794 790 860 omnia
818 794 925 859 solent
948 793 1134 871 defendere,
1168 813 1235 858 non
1257 813 1333 857 sen·

172 896 259 976 intes,
292 899 326 962 in
355 918 421 981 quo
451 900 493 964 sit
520 900 689 980 mendum,
725 899 813 982 quod
842 900 1034 982 plerrnnque
1058 920 1124 964 non
1147 919 1212 964 uno
1235 899 1334 965 modo

171 1001 304 1087 numu
326 1024 407 1070 nam
430 1007 485 1089 qui
508 1007 623 1072 Latine
646 1006 761 1083 sciunt,
788 1005 968 1088 intelligent
991 1006 1152 1071 ablativos
1174 1006 1246 1072 illos
1269 1009 1327 1071 aut

170 1108 225 1174 luc
241 1110 361 1176 habere
383 1115 597 1178 sententiam:
632 1133 727 1199 paura
758 1113 982 1198 nudus-eques
1012 1112 1175 1177 Rornomn
1205 1112 1327 1177 iudicat
1428 1156 1432 1162 -

170 1214 322 1298 (laboret),
347 1222 384 1283 ut
406 1221 434 1284 si
457 1220 605 1285 dicamus
629 1220 821 1284 damnatum
846 1219 986 1301 aliquem
1010 1238 1083 1283 esse
1106 1219 1195 1284 nullo
1219 1221 1328 1302 equite

170 1322 302 1403 monte,
338 1329 397 1389 aut
430 1327 530 1391 hane:
566 1347 738 1411 tranquaut,
772 1347 868 1411 quarm
899 1346 989 1411 eques
1019 1326 1183 1391 Romanus
1207 1327 1328 1392 iudicat

170 1426 323 1513 (innaret),
354 1432 447 1514 quasi
471 1452 555 1497 unus
579 1437 636 1497 aut
658 1433 746 1498 solus
769 1436 827 1497 aut
850 1452 923 1496 cum
948 1433 1018 1498 aliis
1043 1433 1126 1497 alius
1149 1433 1271 1499 ordinis
1294 1434 1327 1499 id

168 1554 249 1602 nunus
269 1538 434 1615 habuerit,
462 1543 499 1604 ut
521 1541 549 1604 si
573 1540 730 1616 dicamne,
759 1539 847 1603 nullo
871 1540 1007 1621 patricio
1029 1522 1162 1605 consule
1184 1542 1247 1607 boc
1270 1545 1327 1606 aut

169 1640 206 1707 loc
222 1645 388 1722 accidisse3
423 1649 523 1728 atque
550 1648 613 1711 hoc
636 1645 877 1711 incommodum
901 1646 1025 1712 tollitur
1048 1647 1111 1711 leni
1134 1648 1326 1725 mutatione,

167 1749 254 1833 reliqua
275 1756 422 1816 manent.
468 1753 534 1817 Sed
557 1772 617 1817 nec
646 1753 700 1834 qui
723 1772 824 1817 unum
848 1752 927 1817 illud
950 1753 1111 1818 iudicatae
1132 1754 1261 1832 tollunt,
1291 1758 1327 1819 ut

167 1853 335 1937 lantonius,
371 1859 471 1923 ullam
496 1860 688 1941 ineptissimi
712 1860 926 1924 additamenti
951 1878 1085 1923 causam
1108 1860 1225 1924 afferre
1249 1881 1325 1943 pos-

167 1967 223 2039 sut,
241 1984 299 2030 nec
322 1968 389 2048 qui,
419 1968 574 2047 quattuor
597 1966 706 2030 verbis
729 1967 854 2043 deletis,
889 1966 979 2029 rrullo
1002 1965 1163 2043 scribunt3
1198 1987 1276 2032 nam
1299 1969 1326 2032 si

167 2066 205 2134 loc
221 2071 310 2137 modo
334 2071 448 2137 Cicero
471 2071 663 2154 scripsisset,
698 2092 758 2137 nec
787 2073 852 2137 ulla
882 2073 1014 2138 omnino
1045 2072 1161 2138 luisset
1184 2074 1326 2138 addendi

168 2174 303 2259 quicqram
340 2197 455 2253 causa,
489 2197 551 2242 nec
585 2180 689 2243 iudice
712 2215 755 2224 —
778 2179 939 2242 iudicante
972 2181 1145 2262 quisquam
1180 2179 1326 2262 adscrip-

167 2280 238 2347 sset
278 2284 345 2364 Sed
368 2304 470 2366 quum
494 2289 590 2363 esset,
619 2290 656 2351 ut
683 2286 808 2368 opinor,
839 2287 1010 2369 scriptum:
1047 2289 1081 2351 in
1111 2287 1197 2349 trullo
1223 2285 1328 2350 iudice

167 2408 190 2450 a
203 2392 375 2456 macoma
398 2391 524 2477 quidem
547 2396 608 2457 cet.
632 2391 908 2477 (praepositionem
933 2394 1103 2475 Zumptius
1121 2390 1271 2475 addidit),
1294 2392 1328 2457 id

166 2496 296 2578 utplane
327 2497 550 2563 declararetur
578 2499 824 2567 accommodate
859 2500 901 2564 ad
936 2501 1105 2581 superiora
1139 2519 1221 2565 neve
1256 2500 1327 2582 quis

167 2605 270 2682 maret
300 2605 382 2670 alios
406 2606 501 2669 simul
525 2606 647 2671 iudices
671 2607 770 2671 fuisse
794 2610 828 2671 et
850 2606 945 2671 simul
969 2607 1153 2688 significari,
1185 2606 1325 2671 adscribi

167 2712 268 2788 poterat,
292 2712 428 2776 iud-icem
451 2732 523 2777 esse
546 2716 677 2797 equitem
699 2713 739 2777 R.
757 2714 958 2777 trutinantem.
993 2714 1100 2780 Minus
1124 2715 1201 2792 iam,
1225 2735 1326 2797 quum

167 2809 212 2879 lec
229 2818 410 2895 viderimus,
445 2819 626 2884 rationibus
656 2819 860 2884 evidentibus
889 2821 1144 2902 repugnabimus
1173 2823 1206 2887 in
1235 2822 1327 2886 lib.l

167 2923 243 3000 clo,
274 2926 333 3001 41,
370 2924 426 2988 ubi
461 2946 544 2990 unus
579 2927 749 3008 Zumptius
773 2926 830 2991 Cn.
855 2927 1032 2991 Dolabellae
1062 2947 1183 2993 nomen
1217 2932 1327 2992 tuetur

167 3030 244 3092 contra
264 3030 405 3111 reliquos
429 3032 626 3114 aNaugerio
649 3033 725 3097 inde
749 3033 899 3097 editores.
934 3034 999 3097 Sed
1022 3053 1082 3098 nec
1106 3036 1214 3099 attulit
1236 3035 1327 3115 quic·

166 3148 242 3212 uun,
274 3157 339 3219 quo
363 3138 560 3217 ostenderet,
594 3118 787 3221 pronomirie
817 3140 869 3203 ille
892 3140 925 3204 in
948 3140 1019 3222 ipso
1043 3141 1212 3205 sententiae
1236 3140 1327 3205 initio

164 3240 239 3316 mro
259 3243 301 3308 ad
323 3262 500 3325 personam
523 3246 813 3312 demonstrandam
845 3246 922 3310 addi
945 3247 1050 3328 ipsum
1076 3267 1195 3312 nomen
1218 3267 1326 3329 posse,

163 3346 250 3414 redum
272 3351 378 3416 tribus
402 3351 511 3416 verbis
534 3353 732 3435 interpositis
761 3353 930 3416 sententiae
962 3353 1152 3436 interruptae
1181 3354 1327 3429 interiici,

162 3450 284 3536 tauquam
307 3461 472 3522 metueret
494 3463 613 3538 orator,
643 3481 684 3524 ne
707 3480 824 3542 parurn
848 3461 1019 3542 perspicue
1043 3461 1186 3536 dixisset,
1222 3464 1255 3523 et
1278 3461 1327 3523 in·

158 3556 245 3627 utra
265 3564 403 3628 rectiore
427 3564 601 3630 verborum
627 3568 850 3632 coniunctione
874 3568 990 3644 effecit,
1027 3572 1064 3631 ut
1094 3566 1327 3631 multominus

115 3660 117 3673 '
158 3660 238 3732 divelli
259 3669 413 3735 debuisse
436 3670 585 3736 videatur
609 3675 697 3754 prior
720 3674 890 3738 sententiae
919 3694 995 3756 pars
1027 3672 1259 3753 obscurarique
1283 3671 1325 3747 id,
1341 3693 1380 3731 aa

153 3768 260 3856 inquo
293 3777 455 3859 oppositio
490 3783 577 3843 esset
605 3777 719 3860 (quum
748 3780 812 3843 iam
843 3780 1024 3861 proditione
1054 3781 1145 3844 istius
1175 3783 1207 3843 et
1234 3779 1326 3842 testi-

149 3883 238 3946 monio
259 3884 359 3948 miser
382 3888 479 3959 esset,
512 3892 579 3949 tum
605 3885 690 3967 cet).
737 3887 820 3950 Nam
850 3891 886 3951 ut
915 3888 1058 3968 quinque
1090 3886 1198 3967 potius
1227 3904 1326 3966 quam

145 3986 195 4051 tn'a
217 3990 372 4054 vocabula
400 3991 597 4057 interessent
628 3993 712 4056 inter
744 3994 917 4075 repetitam
951 4014 1064 4058 vocem
1096 4014 1190 4077 qutun
1224 3992 1256 4055 in
1288 4012 1326 4056 eo

140 4095 285 4172 membro,
321 4097 411 4178 quod
445 4098 560 4162 iisdem
596 4100 764 4181 particulis
792 4100 1068 4175 subdivideretur,
1105 4099 1223 4181 quibus
1258 4103 1328 4162 tota

136 4203 288 4266 sententia
323 4203 521 4286 iungeretur,
556 4205 669 4271 Cicero
704 4226 856 4287 perverse
892 4207 1017 4271 locutus
1052 4225 1118 4270 non
1149 4209 1208 4269 est.
1254 4205 1326 4268 Non

132 4326 269 4389 possum,
294 4309 384 4391 quin,
409 4314 587 4392 antequam
611 4312 696 4376 hanc
716 4312 1015 4377 additamentorum
1032 4310 1325 4377 vetustissimorum

129 4414 409 4498 irrestigationem
433 4416 627 4499 relinquam,
653 4417 693 4480 de
718 4417 845 4482 duobus
870 4419 958 4495 locis,
983 4419 1086 4483 altero
1110 4416 1184 4481 libri
1207 4415 1325 4497 quarti,

125 4520 225 4587 altero
259 4520 378 4603 quinti,
414 4520 531 4598 dicam,
568 4542 649 4604 qnos
684 4523 718 4586 in
747 4524 861 4587 eodem
891 4544 1009 4606 genere
1037 4522 1211 4588 mendosos
1235 4526 1326 4604 puto.
