2948 5206
663 263 726 328 185

138 449 260 536 panc),
283 474 324 519 ex
347 474 413 537 quo
436 456 527 521 falsae
551 457 699 522 eduntur
721 459 889 540 opiniones
913 457 954 522 de
977 458 1130 524 universo
1145 462 1235 524 statu
1258 465 1291 524 et

137 561 183 625 me
198 560 304 626 horum
329 561 510 627 hominum.

194 667 235 732 lle
255 670 318 733 boc
341 670 428 733 enim
455 670 526 733 iure
550 668 702 752 deinceps
731 669 903 735 dicendum
934 673 993 748 est,
1028 689 1089 735 nec
1115 673 1224 754 potest
1252 691 1292 736 ea

135 774 235 856 questio
256 794 297 839 eo
319 794 424 857 usque
447 774 579 854 differri,
604 777 712 858 quoad
736 776 846 842 omnia
863 777 1062 842 coloniarum
1080 797 1200 860 genera
1217 797 1293 860 per·

134 898 198 945 ursa
218 880 360 946 breviter
382 883 456 957 sint,
480 902 619 964 quorum
643 883 733 964 origo
755 883 909 965 explicari
931 903 998 949 non
1020 887 1138 966 potest,
1162 884 1224 949 nisi
1240 883 1293 949 hic

133 985 333 1070 sputispo
355 987 607 1054 substiterimus.
652 989 775 1054 Putant
802 990 888 1054 enim
917 989 1073 1072 plerique,
1108 991 1195 1055 cives
1224 991 1293 1056 Ro·

132 1111 223 1169 nanus,
246 1093 304 1176 qui
326 1096 361 1159 in
383 1094 527 1160 colonias
544 1095 834 1178 pmllciscerentur‚
859 1116 899 1161 ea
917 1096 1035 1162 civium
1053 1097 1134 1175 iura,
1159 1116 1232 1179 quae
1251 1097 1294 1161 ad

132 1199 365 1282 rempublicam
400 1201 693 1267 administrandam
727 1204 944 1285 pertinebant,
979 1204 1128 1268 amisisse
1163 1201 1295 1285 (suffra-

133 1305 225 1386 domm
248 1310 282 1372 et
304 1306 490 1389 bonorum),
513 1307 547 1372 in
570 1328 671 1391 quam
686 1310 888 1375 sententiam
911 1329 1013 1392 quum
1036 1309 1185 1393 Sigonius
1194 1304 1221 1392 ²)
1244 1311 1294 1374 in-

133 1411 240 1491 u'dsset,
263 1415 353 1497 quod
370 1435 435 1480 non
453 1416 532 1481 satis
550 1415 723 1480 attendens
740 1416 784 1480 ad
800 1419 944 1480 veterem
962 1416 1101 1482 civitatis
1118 1417 1295 1494 notionem,

133 1517 297 1597 inhomine,
332 1541 399 1587 non
427 1523 460 1586 in
488 1521 640 1586 domicilii
668 1523 738 1588 loco
766 1523 955 1599 haerentem,
991 1522 1177 1588 testimonia
1200 1524 1233 1587 in
1257 1543 1298 1588 ea

134 1642 157 1688 re
171 1626 378 1701 desiderabat
413 1629 447 1693 in
474 1648 541 1710 qua
568 1630 647 1694 satis
676 1633 756 1703 erat,
791 1629 880 1694 nulla
909 1648 981 1694 esse
1009 1630 1196 1695 testimonia
1219 1649 1297 1695 con-

135 1733 213 1807 baria,
239 1739 355 1816 postea
377 1737 486 1800 nescio
509 1736 674 1818 quomodo
697 1735 821 1801 assensi
845 1741 921 1801 sunt
944 1741 1065 1818 praeter
1087 1737 1167 1801 alios
1190 1736 1297 1819 Span-

136 1837 238 1918 umus,
273 1841 477 1919 Heineccius‚
512 1842 727 1920 Bellefortius,
762 1844 923 1926 HeyniuS,
960 1844 1114 1919 Rotbius,
1149 1843 1297 1924 Hopleu-

95 1948 97 1967 ²
138 1945 245 2024 estium
279 1948 450 2013 Trebellus
478 1968 549 2012 rem
572 1950 728 2014 incertam
752 1944 950 2032 relinquil.⁸)
995 1949 1104 2032 Atque
1127 1950 1160 2013 hi
1184 1968 1298 2014 omnes

95 2858 99 2929 l

140 2048 409 2137 &antiquissimis
443 2055 575 2120 coloniis
609 2076 727 2138 parum
762 2057 940 2139 cogitantes
975 2056 1096 2138 duplex
1130 2057 1298 2120 bominum

142 2174 212 2238 quus
230 2161 261 2225 iu
283 2163 322 2227 iis
345 2162 566 2227 habitantium
587 2182 654 2228 non
677 2162 902 2228 distinxerunt.
948 2161 1145 2228 Niebuhrius
1168 2182 1299 2245 quoque

145 2263 232 2347 ulqan
252 2267 393 2351 opinioni
419 2269 603 2346 assentitur,
635 2269 695 2333 sed
717 2270 772 2346 ita,
808 2274 844 2334 ut
872 2271 976 2334 multa
999 2271 1103 2352 magis
1127 2268 1299 2334 artificiose

147 2386 304 2447 quarere
326 2395 525 2458 componens
549 2376 644 2440 valde
667 2395 736 2439 rem
761 2376 914 2458 implicet.
924 2371 950 2457 ⁴)
996 2376 1117 2442 Contra
1141 2396 1201 2458 ego
1220 2375 1299 2441 nihil

197 2573 274 2634 postea
290 2572 317 2625 in
336 2570 440 2625 Latinis
458 2571 570 2625 coloniis
589 2571 617 2625 in
636 2571 752 2624 aliorum
773 2570 887 2639 oppidis,
906 2576 937 2625 ut
956 2572 1025 2625 Sora
1043 2570 1077 2637 (a.
1093 2568 1156 2637 315)
1175 2571 1210 2625 ad
1224 2571 1301 2624 Sam·

199 2655 252 2710 nites
268 2660 363 2714 defecit
382 2664 528 2727 incessens
547 2662 646 2714 colonis
664 2662 849 2714 Romanorum
869 2659 937 2725 (Liv.
953 2661 998 2719 lx,
1017 2659 1060 2725 23,
1080 2661 1140 2714 coll.
1156 2660 1233 2713 Diod.
1248 2659 1300 2713 Sic.

201 2742 300 2807 111,ῑῖ
318 2754 346 2802 et
365 2750 399 2804 de
417 2751 521 2804 Satrico
540 2750 609 2813 XIV,
630 2748 700 2810 102),
737 2749 807 2802 Hinc
826 2748 907 2816 igitur
926 2749 959 2802 de
979 2749 1075 2803 ceteris
1098 2749 1233 2803 similibus
1258 2749 1301 2802 de

203 2831 339 2892 lectionibus
359 2839 543 2902 iudicandum,
568 2844 603 2902 et,
627 2838 674 2891 ubi
693 2838 782 2890 coloni
800 2838 986 2902 nominantur,
1011 2838 1139 2907 pinguius
1157 2838 1302 2906 scriptores

204 2919 284 2978 locutos
300 2929 462 2995 putandum,
489 2929 563 2981 velut
587 2926 747 2995 Dionysium
766 2926 810 2989 VI,
834 2925 868 2978 55
892 2926 919 2979 iu
944 2928 1075 2992 oratione,
1100 2928 1144 2982 cui
1167 2932 1302 2996 repugnat

95 3020 100 3047 '·
206 3009 248 3078 ipsa
261 3018 375 3072 narratio
395 3017 423 3071 in
441 3017 510 3071 libro
529 3017 662 3080 secundm
683 3016 733 3069 etsi
752 3016 824 3069 idem
843 3016 988 3085 Dionysius
1007 3017 1049 3082 (X,
1068 3015 1104 3069 20
1118 3021 1145 3070 et
1160 3013 1205 3082 21)
1220 3016 1302 3084 pluri·

208 3097 243 3153 lus
257 3107 339 3160 serbis
362 3123 426 3160 curn
450 3105 607 3160 Antiatibus
630 3105 733 3158 Volscis
757 3105 867 3158 colonos
891 3106 1030 3159 Romanos
1054 3104 1183 3159 deiecisse
1209 3109 1302 3157 narrat

209 3193 227 3239 el
246 3200 313 3262 mpla
340 3197 409 3249 urbe
436 3196 546 3265 punitos
574 3212 640 3248 esse.
683 3195 736 3248 Cir.
759 3193 888 3248 Niebuhr.
908 3194 931 3247 ll
955 3212 980 3262 p.
1001 3193 1043 3248 52.
1086 3193 1196 3262 Excipio
1221 3192 1302 3246 Satri·

208 3291 275 3345 Quos,
298 3286 343 3352 qui
366 3285 417 3339 soli
441 3286 568 3339 videntur
592 3284 722 3352 oppidum
747 3284 866 3337 tenuisse
890 3289 917 3337 et
936 3289 997 3353 post
1021 3283 1127 3336 cladem
1150 3282 1302 3336 Caudinam

210 3364 280 3424 liuore
296 3373 431 3428 Samnites
449 3374 478 3428 in
496 3374 523 3427 id
542 3375 683 3443 recepisse.
712 3376 806 3442 ltaque
825 3373 876 3441 ipsi
895 3372 1059 3426 Samnitium
1078 3372 1303 3441 expellendorum

210 3454 561 3529 adiutoresfiunllbiv.1x,
586 3463 638 3529 16).
675 3465 751 3533 lpsos
774 3465 884 3517 colonos
907 3461 1028 3529 intelligi,
1057 3461 1213 3523 ostendunt,
1242 3475 1303 3527 quae

211 3546 271 3600 uadit
284 3550 372 3606 Livius
391 3552 485 3616 XXVI,
504 3551 547 3606 33.

179 3622 197 3689 ¹)
210 3628 231 3683 1.
244 3652 261 3688 c.
276 3638 458 3695 nummum.
478 3643 557 3695 nam.
577 3642 672 3695 ceses.
694 3641 753 3705 174,
772 3641 833 3694 aar.

179 3709 197 3780 ⁸)
211 3717 239 3774 lle
251 3734 294 3782 ant
313 3730 370 3784 iure
388 3731 447 3784 ital.
467 3731 491 3784 Π
510 3748 532 3783 c.
551 3731 568 3782 3
586 3750 612 3800 p.
633 3731 702 3783 1472
722 3733 821 3785 Grau:
850 3732 889 3783 De
914 3733 972 3781 iure
996 3737 1083 3781 autem
1108 3728 1302 3793 suffrapioraam

212 3808 352 3871 tendum
370 3827 418 3874 aut
437 3823 647 3887 mopiatratuum
666 3823 757 3874 Romoe
766 3822 950 3888 petendorum,
969 3819 1139 3886 quantumin
1155 3817 1203 3868 hoc
1215 3821 1303 3866 vetera

213 3914 272 3969 W
285 3918 355 3963 muto
373 3919 438 3964 aunt
456 3918 634 3977 monumenta,
660 3911 740 3976 focile
764 3910 893 3975 oddawor,
922 3916 951 3960 ut
974 3909 1089 3969 credone,
1118 3906 1221 3957 nullum
1240 3905 1304 3955 ullis

214 3989 286 4048 &cala
300 4008 359 4053 ueste
376 4002 458 4067 lepem
477 4002 577 4053 Iuliam
592 4002 723 4067 putuisse.

181 4061 287 4144 'lslffllh-
308 4087 369 4142 Orb.
394 4089 472 4142 Rom.
493 4089 584 4143 Exere.
605 4090 616 4142 1
636 4106 657 4142 c.
677 4088 693 4139 9
712 4105 738 4156 p.
758 4087 790 4138 51
816 4103 873 4153 sqq.
894 4085 935 4138 ed.
955 4083 980 4147 2,
1005 4081 1127 4150 Heynius
1152 4080 1179 4132 in
1203 4095 1302 4132 comm.

215 4178 275 4235 supra
287 4175 400 4239 laudata,
420 4178 536 4231 Rotbius
555 4178 589 4231 de
608 4195 637 4231 re
656 4177 785 4245 municip.
805 4193 831 4243 p.
850 4174 867 4225 5
886 4178 950 4237 not,
974 4171 1052 4224 Trek.
1072 4169 1182 4237 Antiqq.
1202 4168 1260 4221 sell.
1280 4188 1302 4220 c.

216 4253 288 4312 im
306 4283 329 4334 p.
347 4265 408 4331 aab,
433 4267 562 4336 Hopleus.
586 4267 645 4320 libr.
670 4267 742 4320 laud.
767 4283 792 4334 p.
814 4262 854 4315 12.
892 4261 942 4315 Hic
965 4264 1059 4329 postea
1084 4276 1109 4327 p.
1130 4257 1181 4310 146
1205 4258 1303 4310 deduc·

216 4346 282 4403 [llum
297 4353 321 4407 in
339 4357 458 4410 colonias
477 4357 576 4409 civium
597 4356 657 4408 iura
675 4354 807 4423 paulatim
827 4351 992 4405 obsolevisse
1010 4352 1097 4417 putat.

180 4422 256 4503 ⁴le
269 4438 312 4494 &35
327 4451 382 4499 not.
401 4445 520 4498 colonias
543 4446 692 4498 Romuleas
715 4444 757 4496 ius
781 4442 909 4495 Caeritum
932 4438 1061 4492 habuisse
1083 4441 1177 4505 aperte
1200 4433 1302 4488 scribit.

216 4520 272 4580 Idem
286 4532 341 4586 dicit
359 4535 382 4587 II
401 4552 427 4603 p.
447 4533 488 4595 69,
513 4535 560 4588 ubi
584 4534 617 4586 de
642 4531 769 4585 omuibus
789 4529 882 4584 incolis
902 4528 928 4580 id
948 4526 1031 4594 accipi
1051 4525 1146 4579 iubet·
1172 4524 1213 4578 lta
1231 4522 1303 4576 simi·
