2948 5206
652 343 717 409 213

136 531 228 615 Deinde,
258 535 375 620 quibtis
406 537 612 642 stimulisoad
635 538 758 605 alienas
781 539 868 621 leges
891 540 1093 622 spernendas
1116 541 1285 606 vindican-

133 639 234 725 danque
253 643 385 725 plenam
414 645 464 709 sui
494 649 691 727 potestatem
726 645 837 728 populi
872 647 1068 710 commoveri
1102 646 1216 725 solent,
1252 647 1284 725 ii,

128 746 200 813 mur
218 749 317 814 semel
339 750 459 815 veteris
484 751 566 816 Latii
589 752 755 829 societate,
791 751 938 816 hebetati
960 757 1064 831 erant,
1098 773 1159 818 nec
1191 753 1284 818 facile

124 854 275 922 incoloniis
298 876 419 939 magno
442 856 587 923 locorum
610 858 781 923 intervallo
801 860 960 942 separatis
979 859 1105 924 renasci
1122 863 1283 941 poterant.

122 962 229 1030 Onuino
251 967 362 1028 autem
386 968 461 1046 post
484 985 606 1030 annum
630 965 705 1044 338,
734 965 954 1048 compluribus
978 965 1168 1030 Latinorum
1191 966 1284 1048 oppi-

120 1070 207 1136 disin
238 1070 405 1135 civitatem
439 1071 627 1136 Romanam
664 1073 807 1155 primum
842 1073 911 1136 sine
945 1072 1100 1154 suffragio
1135 1072 1283 1154 receptis,

117 1176 206 1241 deinde
228 1177 384 1260 suffragio
407 1179 546 1257 donatis,
570 1178 710 1243 nominis
734 1178 839 1242 Latini
862 1178 1048 1261 appellatio,
1073 1178 1099 1244 si
1124 1179 1229 1244 Tibur
1252 1183 1285 1244 et

116 1281 252 1348 Pmneste
275 1286 465 1367 excipimus,
501 1286 555 1349 vix
589 1285 690 1350 ullum
726 1285 814 1349 aliud
842 1285 941 1368 paulo
968 1285 1108 1350 nobilius
1136 1288 1284 1350 veterum

116 1390 274 1457 latinorum
299 1391 456 1473 oppidum
489 1391 798 1474 comprehendebat,
833 1391 892 1457 sed
920 1396 1040 1474 praeter
1067 1391 1284 1457 Hernicorum

115 1498 237 1580 amdam
260 1496 383 1580 oppida
412 1501 444 1562 et
472 1498 662 1564 Volscorum
691 1498 944 1581 AEquorumque,
981 1498 1035 1580 qui
1063 1497 1221 1580 paulatim
1250 1497 1284 1562 in

115 1604 212 1683 adem,
235 1624 310 1688 quae
333 1605 457 1670 Latinis
480 1604 624 1670 subactis
647 1605 759 1670 relicta
783 1609 885 1682 erant,
914 1605 985 1669 iura
1009 1605 1130 1686 recepti
1155 1605 1284 1669 Latium

115 1730 207 1777 norum
227 1731 333 1794 usque
365 1711 409 1775 ad
439 1712 539 1776 Lirim
570 1716 686 1795 patens
718 1712 885 1790 tenebant,
920 1711 1007 1776 solas
1037 1710 1109 1775 illes
1140 1711 1283 1776 colonias

115 1819 206 1883 sanim
227 1822 437 1902 propagatas.
474 1818 560 1883 Turn
583 1820 652 1901 agri
675 1819 850 1900 assignatio
867 1817 979 1900 populi
994 1816 1136 1882 Romani
1154 1815 1283 1881 victoris

117 1923 179 1989 iussn
209 1924 296 1990 facta
331 1945 392 2007 pro
425 1945 503 1990 vero
537 1925 695 1990 beneficio
726 1924 956 2007 accipiebatur.
1007 1924 1177 1988 Postremo
1208 1921 1283 1988 reli·

118 2048 224 2113 nomm
246 2032 350 2097 ltaliae
371 2033 566 2114 populorum
591 2052 611 2096 a
633 2031 791 2097 Romanis
815 2030 1027 2096 subactorum
1047 2028 1188 2093 deterior
1205 2047 1283 2094 con·

119 2135 175 2203 licio
189 2142 220 2204 et
233 2138 397 2220 iniquiora
412 2138 538 2204 ioedera
556 2140 688 2204 Latinos
704 2138 864 2203 Romanis
881 2136 1108 2213 conciliabant,
1129 2155 1149 2200 a
1167 2134 1282 2224 ceteris

121 2244 309 2329 seimgebant.
930 2237 934 2243 ’
1130 2309 1133 2317 ,

178 2351 234 2417 llae
267 2356 347 2417 sunt
379 2352 478 2434 igitur
511 2352 645 2417 coloniae
679 2350 742 2415 illae
776 2351 916 2428 Latinae,
957 2368 1095 2433 quarum
1137 2369 1282 2432 propago

121 2454 236 2524 latinum
269 2477 456 2524 sermonem
491 2458 671 2540 Latineque
704 2458 855 2522 instituta
894 2455 1027 2520 trahens
1061 2476 1121 2538 per
1155 2455 1337 2520 Italiamne

123 2559 184 2647 lnge
203 2566 328 2649 serpsit,
359 2565 540 2629 communis
564 2565 705 2648 originis,
734 2564 922 2645 disciplima,
952 2563 1158 2637 condicionis,
1193 2562 1282 2628 nullo

124 2672 198 2736 niem
218 2672 350 2755 publico
373 2672 502 2737 vinculo
526 2672 610 2736 inter
633 2692 668 2736 se
692 2671 882 2749 coniunctae,
917 2690 1016 2752 quum
1049 2670 1184 2753 singulae
1214 2670 1282 2734 Ro·

124 2779 195 2843 ma
221 2782 385 2861 parerent.
437 2778 545 2860 Atque
576 2778 619 2842 ad
650 2778 710 2842 has
742 2778 906 2859 praecipue
937 2777 1109 2859 pertinere,
1145 2796 1218 2858 quae
1249 2776 1282 2839 in

124 2885 307 2960 norinorum
331 2885 525 2950 saeculorum
549 2885 683 2949 historia
708 2884 749 2948 de
773 2883 905 2948 coloniis
924 2883 1035 2966 populi
1052 2883 1193 2948 Romani
1216 2883 1281 2947 Ita·

123 2982 360 3056 &nubentibus
377 2992 586 3076 subsidiaque
605 2990 741 3073 imperio
757 2990 1080 3055 subministrantibus
1097 2991 1281 3069 traduntur,

122 3092 177 3161 ebo
194 3103 240 3163 est
262 3102 400 3173 certum,
432 3102 467 3163 ut
491 3098 653 3162 interdum
677 3097 729 3161 hee
753 3097 831 3161 solae
855 3097 1055 3161 coloniarum
1078 3097 1190 3180 populi
1213 3097 1282 3162 Ro·

121 3205 180 3268 mi
199 3205 418 3288 appellatione
441 3205 769 3288 comprehendantur.
805 3203 930 3268 Civium
955 3205 1041 3267 enim
1065 3203 1198 3268 coloniae
1223 3223 1283 3285 per

118 3303 208 3391 licum
229 3311 351 3376 saecula
374 3331 479 3393 usque
503 3312 545 3376 ad
568 3311 644 3376 belli
666 3309 780 3375 Punici
803 3310 936 3374 secundi
960 3309 1069 3387 finem,
1092 3310 1154 3373 nisi
1171 3311 1281 3392 singu·

115 3409 167 3481 his
186 3417 353 3483 cuiusdam
376 3417 514 3500 generis,
538 3418 656 3482 deduci
679 3417 746 3481 fere
771 3416 885 3481 desitae
901 3420 986 3480 sunt.
1021 3416 1098 3480 Eius
1117 3417 1164 3480 rei
1182 3435 1282 3480 causa

115 3526 198 3603 pata
220 3528 279 3589 est.
322 3524 414 3606 ipsos
437 3524 615 3602 Romanos,
640 3543 778 3606 quorum
804 3523 1036 3588 coniunctionis
1060 3522 1188 3587 vincula
1212 3522 1281 3586 lax-

115 3629 288 3696 m‘minime
311 3633 488 3713 oporteret,
523 3631 649 3714 longius
672 3630 715 3694 ab
739 3631 820 3694 urbe
844 3631 952 3712 spargi
976 3630 1136 3711 sedesque
1160 3633 1280 3706 tenere,

115 3735 173 3802 rue
192 3737 236 3803 ad
257 3757 398 3803 munera
420 3738 548 3802 urbana
578 3737 743 3801 discedere
772 3735 825 3800 vix
853 3739 997 3818 possent,
1033 3740 1200 3817 coetusque
1229 3754 1282 3798 se·

115 3848 216 3909 natos
238 3843 373 3924 babere,
409 3848 442 3910 et
470 3845 599 3928 publice
626 3842 868 3908 incommodum
902 3847 973 3907 erat
1000 3846 1033 3907 et
1056 3841 1208 3924 privatim
1230 3841 1281 3904 in-

115 3953 222 4028 atum,
254 3970 327 4030 nec,
362 3955 400 4016 ul
432 3950 466 4016 id
493 3951 595 4029 fieret,
631 3951 759 4016 efficere
794 3953 923 4031 poterat
956 3949 1018 4013 nisi
1052 3952 1108 4014 aut
1139 3946 1281 4030 praesidii

115 4057 269 4140 nponendi
292 4056 481 4135 necessitas,
506 4078 606 4140 quarn
631 4061 722 4122 extra
745 4056 873 4121 Latium
899 4055 1068 4121 minuebat
1090 4054 1280 4119 Latinarum

115 4161 282 4229 >hulam
312 4184 403 4241 usus,
438 4169 496 4229 aut
524 4165 642 4230 civium
671 4163 857 4246 paupertati
885 4161 1109 4227 subveniendi.
1159 4159 1280 4224 Verum

115 4268 234 4336 loires
256 4268 329 4336 aliis
351 4291 482 4354 quoque
506 4271 612 4337 modis
641 4271 813 4335 commoda
843 4290 883 4334 ex
911 4269 1038 4351 imperii
1061 4265 1180 4330 finibus
1204 4285 1280 4346 pro-

149 4518 192 4574 les
209 4518 329 4589 pendit
352 4534 435 4574 musa
460 4519 626 4573 allomanis
650 4519 779 4573 constitui
803 4516 923 4586 potuisse
952 4514 1004 4569 nisi
1031 4512 1132 4567 civium
1160 4511 1282 4566 colonias
1379 4587 1385 4596 ¹

148 4607 231 4663 facile
249 4612 334 4677 patet,
352 4608 405 4662 nisi
425 4608 499 4678 quod
518 4608 649 4677 oppidum
669 4607 797 4660 Latinum
817 4605 920 4659 Volscis
939 4604 1034 4658 aliisve
1053 4601 1217 4670 eripuerant.
