2956 5190
663 388 665 392 .
703 320 767 386 417

129 516 249 594 alicui,
284 517 317 580 in
349 535 416 598 qua
446 519 559 581 tamen
590 516 776 581 coniectura
805 516 913 581 minus
941 519 1080 599 apparet
1102 515 1212 580 mendi
1236 517 1336 599 origo,

129 623 238 689 dativi
261 622 453 706 prasertim.
500 620 708 708 (Aliquando,
732 622 821 706 quod
843 625 1004 705 praeterea
1027 622 1189 705 proponit,
1218 621 1336 688 falsam
1351 641 1378 681 rc

129 729 239 795 habet
261 730 468 808 sententiam,
492 730 586 811 quasi
609 729 643 793 id
666 729 779 794 consul
795 732 870 812 post
887 729 1007 794 multos
1023 748 1127 794 annos
1142 732 1337 794 eventurum

132 835 277 920 credat.)
322 835 401 902 Mihi
425 836 523 899 alicui
550 838 657 900 ortum
687 855 760 900 esse
788 855 885 918 posse
913 835 1019 900 visum
1048 838 1099 900 est
1127 853 1167 899 ex
1191 835 1338 920 oliqooui

131 942 207 1027 (oo).
241 942 355 1025 Neque
378 946 490 1007 tamen
514 944 639 1006 certum
662 943 725 1007 hoc
747 945 838 1024 pute,
862 944 1035 1025 potiusque
1058 942 1092 1007 in
1116 945 1337 1024 campartem
1454 1011 1457 1020 ,

130 1050 272 1128 inclino,
307 1053 343 1114 ut
376 1049 516 1113 verbum
551 1048 708 1114 excidisse
743 1051 867 1131 putem.
924 1049 1009 1114 Nam
1043 1048 1099 1113 illa
1127 1056 1338 1135 perpetuoque

124 1156 266 1243 posthoc
287 1154 438 1220 videntur
461 1154 508 1220 sic
530 1155 672 1238 adiungi,
708 1160 744 1220 ut
772 1155 958 1237 praecedere
986 1155 1106 1221 debeat
1134 1157 1230 1221 unius
1259 1156 1337 1221 facti

131 1266 169 1329 et
192 1263 351 1346 temporis
374 1260 575 1344 significatio,
600 1263 688 1344 quod
711 1262 745 1326 in
768 1262 954 1344 exemplum
978 1265 1106 1327 vertere
1128 1262 1241 1346 possit.
1251 1258 1277 1344 ¹)

226 1370 263 1434 In
290 1368 437 1435 oratione
465 1388 525 1450 pro
549 1369 584 1431 L.
609 1368 758 1434 Cornelio
781 1369 885 1434 Balbo
915 1369 1010 1452 plura
1040 1370 1135 1435 nobis
1167 1369 1338 1435 efficienda

131 1479 242 1554 erunt,
267 1474 354 1560 quod
378 1493 451 1539 eam
475 1473 584 1539 adhuc
605 1494 704 1541 nemo
726 1475 906 1541 recentiore
928 1479 1076 1559 tempore
1101 1476 1143 1540 ad
1167 1477 1336 1542 certiorem

132 1583 297 1661 codicum,
326 1581 470 1646 maxime
492 1580 674 1659 meliorum,
710 1581 809 1646 fidem
832 1601 987 1647 revocare
1011 1587 1061 1647 est
1085 1586 1231 1648 conatus.
1278 1584 1338 1648 Er·
1458 1594 1464 1601 '

131 1691 262 1755 nestius
286 1669 385 1753 etiam
409 1687 595 1752 detrimenti
620 1687 741 1769 aliquid
764 1687 882 1766 attulit,
915 1708 1016 1780 quum
1039 1689 1205 1754 incidisset
1228 1689 1261 1754 in
1285 1709 1337 1755 co·
1373 1740 1375 1746 .

131 1795 244 1861 dicem
267 1795 483 1877 depravatum
508 1797 541 1858 et
563 1793 796 1876 interpolatum
814 1792 1105 1879 Guelferbytanum
1130 1815 1234 1879 eoque
1251 1796 1338 1860 male

131 1906 294 1968 uteretur.
340 1901 465 1966 Deinde
495 1901 704 1984 perspicuum
734 1904 793 1979 est,
829 1901 915 1965 hanc
949 1901 1130 1967 orationem
1165 1901 1230 1966 iam
1260 1905 1338 1967 ante

132 2009 294 2075 saeculum
317 2027 440 2073 nonum
470 2042 511 2052 —
543 2009 612 2072 eius
636 2011 686 2073 est
710 2007 797 2073 enim
821 2009 927 2073 aetatis
952 2009 1053 2073 codex
1076 2008 1269 2073 Parisiensis
1295 2043 1336 2052 -

132 2116 206 2185 sive
227 2115 350 2180 librarii
374 2113 539 2196 diligentia
567 2115 601 2178 in
630 2114 741 2180 codice
770 2135 809 2180 eo
843 2115 1026 2194 scribendo,
1062 2133 1102 2179 ex
1137 2133 1202 2197 quo
1236 2115 1338 2180 nostri

133 2223 310 2299 fluxerunt,
333 2221 418 2285 inter
440 2220 562 2286 laboris
585 2241 791 2304 progressum
817 2222 997 2299 deficiente,
1021 2221 1091 2286 sive
1113 2222 1201 2304 quod
1224 2221 1257 2286 in
1281 2241 1338 2286 ex·

134 2329 265 2412 emplar
298 2329 428 2394 difficile
462 2328 548 2393 lectu
583 2332 616 2392 et
650 2328 818 2410 scriptura
854 2347 947 2410 paene
983 2328 1131 2393 evanidae
1161 2329 1337 2406 incidisset,

135 2456 204 2501 non
227 2435 333 2500 solum
357 2434 627 2518 frequentissimis
659 2433 787 2499 levioris
818 2434 944 2517 generis
976 2434 1141 2500 erroribus
1172 2432 1274 2517 (velut
1305 2436 1339 2499 in

135 2541 155 2624 ἕ
181 2543 223 2608 18
247 2542 385 2606 oiototur
408 2563 429 2605 o
452 2542 567 2605 virtum
590 2545 623 2605 et
646 2541 778 2605 infinitis
802 2539 897 2622 aliis),
927 2541 986 2606 sed
1015 2541 1115 2606 etiam
1139 2542 1338 2625 gravissimis

135 2647 265 2714 mendis
289 2647 535 2730 manifestisque
559 2647 683 2729 aliquot
706 2647 851 2712 locorum
880 2648 1195 2734 interpolationibus
1213 2649 1259 2713 ita
1288 2648 1339 2713 in-

136 2754 307 2838 quinatam
343 2754 457 2833 fuisse,
498 2759 534 2819 ut
572 2774 660 2819 nunc
693 2774 824 2838 quoque
859 2755 1027 2837 complura
1062 2774 1121 2836 pro
1156 2754 1339 2836 desperatis

135 2860 353 2943 relinquenda
376 2864 450 2940 sint,
474 2861 638 2927 interdum
662 2861 760 2943 paulo
784 2861 925 2926 liberiori
945 2860 1124 2949 suspicioni
1147 2860 1236 2926 locus
1255 2861 1338 2925 dan-

136 2969 210 3033 dus.
247 2968 339 3033 >Illud
361 2967 578 3033 animadverti
603 2967 708 3043 velim,
733 2969 766 3031 in
789 2967 828 3032 iis
852 2968 951 3032 etiam
974 2967 1138 3031 interdum
1162 2966 1250 3043 locis,
1282 2967 1339 3049 qui

137 3075 263 3139 nullam
298 3074 439 3140 excitent
478 3074 633 3157 gravioris
674 3073 816 3139 vulneris
857 3076 1090 3158 suspicionem,
1130 3073 1264 3138 mirifice
1305 3074 1339 3138 in

137 3182 247 3246 verbis
280 3179 440 3246 facillimis
459 3183 583 3246 errari.
637 3180 733 3245 Velut
764 3181 852 3262 quod
880 3201 907 3246 c.
934 3183 963 3259 1,
993 3180 1015 3245 4
1047 3180 1167 3245 editur:
1202 3187 1237 3244 ut
1262 3180 1339 3264 plus
1353 3207 1378 3247 u

140 3289 311 3373 voluptatis
345 3308 383 3351 co
416 3288 633 3352 recordatione
667 3288 755 3352 illius
788 3289 942 3353 orat-ionis
969 3309 1064 3374 quam
1092 3307 1155 3351 non
1182 3286 1273 3350 modo
1303 3307 1341 3351 oo

140 3417 213 3460 meo
235 3394 292 3459 sed
314 3416 352 3458 ex
375 3397 560 3479 coctusquam
583 3395 725 3458 oratione
752 3415 863 3478 copore
880 3396 1019 3478 possitis,
1049 3394 1177 3458 videtur
1207 3395 1340 3458 omnino

139 3520 255 3567 rerum
279 3520 367 3578 esse3
402 3501 461 3566 sed
488 3503 602 3566 tamen
630 3502 664 3564 in
693 3521 731 3565 eo
759 3501 880 3579 codice,
916 3520 956 3565 ex
979 3520 1044 3583 quo
1067 3501 1214 3582 proxime
1238 3501 1339 3565 nostri

139 3609 202 3673 orti
232 3608 307 3685 sint,
336 3607 451 3673 fuisse:
486 3609 521 3671 io
548 3628 619 3670 oneo
647 3628 740 3692 quom
766 3628 803 3671 oo
825 3609 1020 3692 cuiusquam,
1055 3606 1198 3671 ostendit
1221 3606 1340 3671 codicis

139 3714 331 3780 Parisiensis
362 3733 436 3779 cum
466 3714 531 3779 Eri.
560 3733 737 3779 consensus
772 3719 804 3779 et
838 3714 975 3796 vestigia
1008 3714 1191 3796 aliquorum
1226 3732 1267 3776 ex
1301 3711 1339 3776 iis

140 3821 246 3899 codd„
281 3821 314 3886 in
350 3822 468 3903 quibus
504 3820 714 3885 emendatum
750 3828 798 3886 est
833 3818 918 3903 (cod.
948 3820 1061 3903 Steph.
1084 3820 1140 3884 scot
1167 3840 1262 3905 qoom
1286 3840 1348 3895 ex:

139 3928 239 3993 Barb.
263 3932 296 3993 et
318 3947 403 3992 unus
427 3926 532 3992 Oxou.
560 3929 595 3990 io
623 3926 717 4009 meo).
777 3929 860 3993 Sunt
895 3926 958 3991 alia
990 3926 1178 3991 huiusmodi
1205 3927 1239 3991 in
1269 3925 1341 3990 rul-

139 4038 217 4117 gata
245 4035 421 4116 scriptura,
457 4052 531 4115 quae
562 4054 661 4115 quum
694 4054 735 4098 ex
766 4034 860 4100 codd.
892 4034 990 4098 ducta
1023 4036 1180 4116 putentur
1214 4038 1245 4097 et
1276 4031 1341 4096 sint
1428 4107 1435 4121 .

140 4140 240 4205 etiam
271 4159 312 4205 ex
335 4140 439 4218 codd,
474 4144 586 4204 tamen
619 4141 804 4206 coniectura
835 4144 907 4206 orta
939 4160 1021 4218 esse,
1056 4140 1136 4204 satis
1172 4158 1212 4203 ex
1246 4139 1340 4205 bonis

140 4247 235 4312 codd.
258 4265 345 4312 nunc
375 4240 589 4312 demonstrari
622 4251 740 4328 potest.
786 4247 876 4324 Haec,
912 4247 968 4312 uhi
1000 4250 1088 4311 recte
1124 4247 1340 4312 coniectatum

169 4491 192 4563 ¹)
212 4495 292 4549 Exitu
312 4495 408 4565 capitis
426 4511 476 4565 pro
495 4503 574 4564 otqroe
592 4497 640 4549 troo
658 4511 708 4548 ser.
731 4502 810 4563 atque.
832 4496 888 4547 hoec
909 4493 1030 4560 (PABE).
1059 4494 1157 4548 Totam
1170 4494 1342 4564 superiorem

213 4584 366 4637 orationem
386 4588 414 4636 et
432 4583 597 4638 sententiam
616 4583 709 4638 Cicero
729 4584 927 4653 complectitur.

1093 4670 1128 4724 27
