2948 5206
673 352 735 416 179

202 551 271 616 Haec
305 569 406 633 quum
441 549 487 614 ita
521 547 707 613 communia
742 550 851 612 essent
884 547 1039 612 Italorum
1069 548 1227 628 instituta,
1262 555 1299 616 ut

81 674 85 747 ζ
140 657 222 723 eadem
243 661 328 723 esset
350 657 576 722 Romanorum
598 655 684 720 inter
706 654 796 731 alios,
820 673 893 736 quae
917 653 1001 719 inter
1017 653 1185 721 Romanos
1202 677 1298 740 pere·

81 762 85 801 ·'
138 765 276 847 mmmm,
311 762 468 840 condicio,
503 761 614 844 populi
644 760 785 827 Romani
815 760 878 824 hoc
907 779 1010 824 unum
1040 766 1091 826 est
1118 765 1296 845 proprium,

137 872 196 953 quod
215 891 252 936 ex
274 869 424 954 pluribus
446 868 601 950 stirpibus
625 869 671 932 ita
695 866 895 945 coniunctus,
931 872 968 931 ut
995 868 1074 932 nulli
1103 869 1296 949 adhaereret,

136 977 189 1042 nulli
216 977 389 1054 eiusmodi,
424 975 521 1058 quale
556 973 726 1056 descripsi,
762 973 957 1055 populorum
986 974 1101 1039 foederi
1130 976 1297 1043 immixtus

135 1084 194 1148 solus
213 1104 270 1167 per
293 1103 330 1149 se
353 1081 505 1158 excrevit,
529 1082 718 1146 interiectus
741 1080 825 1143 inter
849 1079 977 1144 illorum
995 1082 1201 1163 populorum,
1225 1085 1297 1166 qui-

135 1188 238 1256 buscum
271 1191 383 1273 aliqua
417 1209 457 1254 ex
492 1193 585 1271 parte
617 1189 776 1269 ,cognatus
811 1189 891 1263 erat,
926 1184 1103 1252 foederatas
1139 1189 1296 1255 civitates.

134 1295 190 1362 Hinc
215 1317 317 1380 quum
348 1296 413 1362 alia
446 1294 626 1378 repetenda
660 1296 746 1371 sunt,
782 1292 1061 1374 quemadmodum
1095 1295 1129 1359 in
1164 1295 1295 1360 coloniis

100 1444 104 1451 ·
134 1404 234 1484 nubit,
263 1407 336 1468 tum
358 1401 448 1480 illud,
479 1401 567 1484 quod
590 1401 707 1465 dicam.
754 1399 862 1478 Quum
886 1399 1045 1481 paulatim
1069 1400 1296 1467 Romanorum

133 1511 239 1576 notoriis
273 1510 428 1574 effectum
463 1512 558 1584 esset,
594 1511 631 1571 ut
661 1509 844 1570 ceterarum
874 1506 1073 1587 singularum
1104 1507 1234 1572 urbium
1263 1509 1296 1572 in

133 1614 195 1682 lolia
221 1616 370 1682 civitates
405 1614 502 1678 unius
536 1613 627 1677 urbis
661 1612 782 1695 populo
816 1616 979 1695 parerent,
1016 1613 1150 1678 concilia
1185 1619 1295 1679 autem

132 1720 288 1806 fodereque
319 1721 460 1805 plurium
492 1720 658 1784 civitatum
688 1719 771 1784 inter
799 1739 835 1784 se
858 1719 1047 1784 tollerentur
1055 1716 1091 1800 ¹),
1127 1725 1161 1785 et
1195 1741 1295 1803 quum
1310 1738 1348 1778 cer

132 1834 181 1908 post
197 1830 319 1895 bellum
341 1828 461 1894 sociale
485 1847 598 1892 omnes
614 1826 715 1890 ltaliae
731 1826 843 1908 populi
865 1826 898 1890 in
916 1827 1076 1890 universae
1094 1828 1141 1891 rei
1156 1828 1296 1909 publicae

132 1939 152 1999 et
166 1936 280 2019 imperii
303 1936 494 2001 societatem
518 1937 711 2016 partemque
734 1932 892 2008 venirent,
928 1953 993 1997 non
1022 1940 1072 1997 est
1100 1934 1162 1998 hoc
1189 1954 1296 2016 neque

132 2040 351 2125 adexemplum
373 2041 514 2107 nominis
538 2041 643 2104 Latini
666 2039 885 2121 similiumque
908 2039 1069 2104 loederum
1092 2039 1138 2104 ita
1161 2040 1295 2117 lactum,

132 2149 291 2233 utsinguloe
315 2149 463 2214 civitates
483 2151 663 2223 manerent,
688 2146 746 2210 sed
763 2166 934 2211 commune
953 2146 1118 2227 quoddam
1136 2147 1297 2213 haberent

132 2256 266 2320 onddum
291 2261 326 2321 et
347 2275 513 2320 summam
540 2274 620 2332 rem,
649 2253 877 2318 tantummodo
901 2253 1003 2316 artius
1026 2253 1190 2318 adstricta>
1212 2253 1296 2319 inter

132 2376 161 2436 se,
177 2366 208 2426 ut
227 2367 304 2428 sunt
319 2362 544 2427 Helvetiorum
568 2366 601 2425 et
616 2359 885 2424 Americanorum
909 2379 961 2423 res
982 2360 1132 2441 publicae‚
1156 2379 1216 2426 nec
1239 2361 1295 2440 ita,

133 2471 225 2533 uma
246 2469 498 2534 constitueretur
521 2487 607 2532 nova
630 2466 811 2531 communis
834 2485 888 2530 res
910 2467 1052 2548 publica,
1076 2468 1119 2531 ab
1143 2468 1295 2532 omnibus

133 2573 233 2640 urbanis
255 2575 411 2640 institutis
434 2575 596 2649 seiuncta;
632 2573 691 2637 sed
720 2578 836 2637 ceterae
865 2573 1004 2637 sublatae
1033 2577 1109 2637 sunt
1138 2573 1294 2651 civitates,

133 2682 284 2746 nitentum
313 2683 436 2765 oppida
463 2684 643 2757 manerent,
680 2699 793 2744 omnes
829 2684 939 2743 autem
968 2680 1116 2745 homines
1144 2680 1177 2744 in
1207 2680 1296 2744 ordis

132 2779 257 2852 Ronanae
280 2788 445 2853 civitatem
468 2788 590 2869 recepti
614 2791 699 2864 sunt,
736 2787 1013 2868 quemadmodum
1044 2788 1111 2851 iam
1140 2795 1239 2852 antea
1262 2787 1295 2851 in

134 2888 286 2975 ismpulis
317 2895 440 2959 factum
473 2898 553 2971 erat,
590 2894 708 2975 quibus
740 2893 926 2974 singulatim
958 2894 1071 2958 civitas
1103 2894 1182 2958 data
1213 2899 1294 2975 erat,

133 2994 235 3079 eiusque
259 3002 350 3066 urbis
377 3005 411 3066 et
439 3003 485 3065 rei
509 3001 647 3082 publicae
672 3004 784 3063 vetera
818 3001 966 3063 instituta
1001 3000 1043 3063 ad
1078 3005 1181 3065 totam
1205 3002 1294 3065 illam

132 3105 217 3183 populi
240 3107 356 3172 molem
385 3108 493 3172 subito
522 3102 718 3187 traducta.²)
769 3107 882 3187 ltaque
918 3126 957 3170 ea
993 3107 1057 3170 iam
1094 3108 1210 3171 effecta
1245 3111 1295 3172 est

133 3214 309 3293 respublica,
334 3236 407 3298 quae
431 3215 482 3279 vel
506 3214 636 3296 optimis
660 3213 805 3278 moribus
828 3217 915 3277 stare
939 3214 1027 3277 nullo
1051 3215 1149 3279 modo
1172 3219 1293 3297 posset,

81 3426 85 3457 Ι
189 3459 269 3516 dicam.
309 3464 362 3518 Sed
390 3463 426 3516 ad
453 3462 621 3516 connubium
651 3478 684 3514 ex
708 3461 898 3528 antiquissimo
922 3462 1023 3515 loedere
1046 3467 1151 3530 spectat
1174 3461 1294 3516 narratio

188 3545 243 3602 livii
259 3552 290 3605 de
307 3552 411 3621 nuptiis
429 3551 534 3605 Octavii
553 3550 665 3603 Mamilii
684 3550 832 3605 Tusculani
851 3556 879 3603 et
898 3551 959 3604 liliae
977 3551 1118 3619 Tarquinii
1141 3551 1173 3616 tl,
1197 3550 1244 3615 49)
1267 3557 1295 3604 et

189 3633 289 3706 Dionysii
311 3641 397 3694 Halic.
422 3639 477 3704 (vl,
502 3637 528 3706 1)
553 3640 586 3692 de
612 3639 742 3692 uxoribus
768 3640 888 3693 remissis
912 3646 976 3694 ante
999 3657 1118 3709 pugnam
1144 3641 1179 3692 ad
1203 3639 1293 3692 lacum

189 3722 311 3792 Regillum,
330 3745 446 3798 quaeque
465 3728 557 3781 Livius
572 3725 627 3790 (lv,
646 3727 674 3791 3)
690 3727 851 3781 Canuleium
867 3729 1002 3782 dicentem
1023 3730 1102 3782 facit:
1125 3729 1294 3782 Gennadium

187 3817 288 3880 petimus,
311 3821 383 3886 quod
406 3820 530 3884 finitimis
548 3820 717 3884 externisque
736 3819 801 3869 dari
817 3820 888 3870 colet.
927 3819 965 3870 Ex
985 3835 1025 3879 eo,
1051 3819 1124 3887 quod
1144 3816 1290 3884 Dionysius

190 3899 309 3969 aliquoties
327 3908 467 3960 Romanos
485 3911 514 3959 et
531 3906 642 3959 Latinos
661 3909 799 3973 συγγενεῖς
817 3907 944 3975 appellat,
964 3907 1031 3959 nihil
1051 3906 1176 3960 efficitur.

157 3979 176 4046 ι)
190 3985 235 4042 Hoc
249 3994 278 4046 de
295 3995 397 4050 Latinis
416 4001 443 4048 et
463 3995 585 4048 Hernicis
604 3995 696 4048 Livius
720 3996 802 4049 tradit
827 3994 907 4060 (Vlll,
933 3995 974 4060 14,
994 3997 1038 4060 IX,
1057 3994 1117 4059 43);
1148 3995 1195 4047 sed
1220 3994 1292 4047 idem

192 4074 214 4127 in
228 4078 329 4149 Etruria,
352 4084 473 4147 Samnio,
497 4084 560 4137 alibi
580 4085 682 4137 lactum
702 4101 769 4146 esse,
793 4090 892 4138 natura
912 4086 949 4138 rei
969 4091 996 4138 et
1015 4083 1184 4151 insequentis
1203 4082 1291 4135 aetatis

192 4162 282 4223 hmona
297 4174 422 4226 ostendit.
451 4173 546 4226 Omnis
565 4172 623 4225 eius
643 4171 769 4233 historice,
790 4189 850 4240 quae
869 4173 953 4226 ltaliae
972 4174 1006 4225 ad
1026 4172 1172 4240 imperium
1192 4171 1291 4223 Roma·

192 4266 245 4308 num
260 4260 455 4315 adiunctionem
474 4262 602 4323 continet,
622 4261 713 4314 nullus
733 4262 815 4328 paulo
835 4262 968 4329 copiosior
987 4267 1013 4314 et
1033 4260 1181 4328 probabilis
1196 4266 1292 4312 auctor

167 4421 172 4427 .
193 4352 292 4407 S”petest
309 4348 354 4413 (ab
373 4367 396 4403 a·
417 4350 465 4403 Ch.
484 4349 536 4401 293
555 4350 590 4402 ad
610 4349 686 4402 initia
705 4350 768 4402 belli
787 4351 882 4402 Punici
902 4349 1001 4419 primi).

81 4492 83 4497 ,
157 4416 178 4484 'l
193 4426 313 4503 Cir-supra
324 4455 349 4507 p.
359 4437 415 4491 218
425 4456 450 4492 n.
480 4436 542 4505 [Dio
552 4439 625 4492 Cass.
636 4438 691 4501 Lll,
712 4438 753 4500 19,
773 4439 820 4492 ubi
833 4440 980 4508 Agrippam
994 4439 1156 4491 suadentem
1167 4439 1291 4505 Augusto

195 4516 284 4584 inducit,
300 4533 329 4581 ut
346 4528 483 4581 civitatem
503 4528 656 4581 Romanam
676 4545 725 4595 per
743 4545 839 4581 omnes
858 4528 1010 4596 provincias
1028 4527 1183 4595 pervulget:
1204 4521 1290 4592 ὥσπερ

1029 4614 1077 4667 12*
