2956 5190
701 237 763 302 501

127 434 222 501 Usus
246 441 295 499 est
317 437 428 499 autem
451 433 514 498 hoc
543 432 615 498 loco
646 436 679 497 et
710 433 806 497 simul
838 432 912 511 olio,
947 433 980 497 in
1012 453 1076 515 quo
1108 437 1158 498 est
1188 442 1334 518 expetunt

123 543 254 626 perisse
288 539 342 623 (de
373 559 437 623 quo
467 546 544 604 ante
573 538 662 621 dixi),
700 547 766 604 tum
803 539 920 618 Ovidii,
955 540 988 603 in
1022 559 1087 622 quo
1122 544 1172 605 est
1204 542 1334 623 poetice

128 649 246 714 aoristi
269 648 407 712 imitatio
431 643 634 729 (quanquam
658 646 915 731 tum,Walchius
939 666 980 710 ne
1003 646 1091 711 hunc
1110 646 1253 728 quidem,
1277 647 1333 729 qui

129 758 195 832 est,
231 755 388 819 eoristum
411 752 522 818 vocari
544 751 700 834 volebat),
731 741 778 817 'ad
802 752 1045 817 defendendum
1068 752 1174 818 locum
1199 773 1332 836 corrup·

129 862 206 925 ium
229 859 262 924 in
286 858 432 924 eiusdem
457 859 538 923 Livii
560 859 661 923 lib.Il
685 850 712 923 c.
731 860 789 924 24:
813 881 869 924 nec
885 880 987 944 posse,
1011 880 1106 944 quum
1122 859 1223 924 hostes
1232 881 1333 944 prope

134 966 183 1030 od
196 973 310 1051 portos
333 972 441 1047 essent,
477 964 552 1029 betto
575 967 776 1048 proeoertisse
806 969 983 1051 quicqua-tn,
1018 987 1081 1044 nec,
1116 968 1146 1030 si
1172 968 1214 1030 sit
1241 967 1333 1030 loea-

133 1074 234 1136 menti
268 1072 401 1157 aliquid,
437 1079 493 1136 ont
520 1071 608 1156 plebi
641 1072 802 1136 honestum
830 1093 903 1154 esse,
935 1073 999 1136 nisi
1026 1073 1167 1136 mercede
1195 1082 1332 1157 occepta,

132 1199 231 1243 armo
248 1200 311 1263 pro
328 1180 444 1263 patrio
466 1199 529 1242 non
551 1179 676 1262 cepisse,
705 1199 803 1264 neque
819 1178 970 1263 patribus
997 1180 1076 1243 sotis
1098 1179 1245 1244 decorum
1269 1184 1331 1252 cet.
1347 1199 1386 1239 ter

128 1285 268 1350 Frustra
291 1284 460 1350 Walchius
484 1285 536 1349 hic
559 1284 703 1366 confugit
730 1285 773 1349 ad
800 1285 848 1350 rei
871 1285 1031 1350 absolutae
1053 1285 1332 1368 significationem,

132 1411 210 1475 quae
233 1391 266 1456 in
289 1392 375 1456 hunc
399 1391 506 1456 locum
530 1391 619 1456 nullo
643 1391 741 1457 modo
765 1392 861 1472 cadit,
886 1392 943 1457 uhi
957 1412 1024 1458 non
1040 1390 1332 1475 (quemadmodum

130 1497 166 1563 in
186 1498 325 1564 Cornelii
342 1498 488 1562 Eumene
504 1502 538 1563 et
554 1497 622 1561 Liv.
635 1497 791 1576 XXXVII,
818 1496 882 1580 19),
907 1499 1039 1581 quando
1056 1499 1135 1580 quid
1151 1498 1332 1582 perfectum
1413 1548 1419 1559 .

130 1623 207 1669 esse
233 1606 345 1686 possit,
381 1604 496 1686 agitur,
532 1604 590 1668 scd
619 1604 697 1687 quid
725 1624 812 1670 nunc
835 1606 977 1687 primum
1002 1605 1186 1671 iaciendum
1210 1605 1253 1671 sit
1275 1610 1334 1672 eut

131 1711 242 1776 fuerit.
294 1711 418 1776 Deinde
451 1711 539 1776 aliud
570 1714 621 1776 est
651 1712 806 1776 orationis
835 1712 965 1788 vitium3
999 1730 1077 1775 nam
1113 1715 1146 1776 et
1179 1719 1332 1778 constans

131 1817 214 1882 Livii
239 1839 309 1883 mos
333 1819 367 1883 in
389 1818 556 1883 reddendo
580 1817 724 1899 longiore
748 1821 860 1882 tenore
883 1818 998 1882 eliense
1027 1819 1184 1883 orationis
1214 1816 1274 1900 (ita
1295 1823 1333 1884 ut

130 1925 297 1990 sententia
319 1945 386 1990 non
409 1924 555 2007 proxime
584 1923 727 2006 pendeat
758 1943 778 1987 a
808 1926 910 1989 verbo
940 1922 1044 2006 finito)
1079 1927 1112 1989 et
1142 1925 1239 1989 huius
1270 1925 1332 1990 loci

132 2031 242 2096 forma
266 2030 365 2114 (curce
388 2051 451 2095 esse
468 2030 618 2114 patribus
641 2030 784 2112 ostendit,
813 2038 847 2095 nt
869 2032 1052 2096 couniatur
1080 2035 1113 2095 et
1138 2051 1230 2096 mox:
1266 2052 1331 2114 nec,

130 2139 162 2202 si
189 2140 231 2202 sit
262 2139 436 2203 laxamenti
470 2134 606 2222 aliquid)
637 2137 841 2218 postulabat,
876 2142 914 2203 ut
943 2137 1140 2203 scriberetur
1170 2143 1242 2203 aut:
1277 2159 1332 2202 nec

127 2265 222 2329 posse
253 2242 377 2328 (nunc),
406 2265 501 2330 qnnnt
524 2244 624 2308 tostos
641 2264 742 2327 prope
766 2243 810 2307 nd
827 2252 941 2327 portes
969 2245 1064 2322 sint,
1094 2249 1151 2309 aut
1175 2243 1229 2327 (de
1254 2264 1331 2309 con·

132 2351 206 2416 silio
230 2355 337 2434 capto,
366 2371 467 2433 quum
495 2354 603 2415 metus
627 2350 680 2416 ille
704 2352 797 2417 alteri
821 2351 1047 2416 deliberationi
1075 2349 1330 2433 intervenisset):

133 2479 191 2522 nec
209 2460 359 2542 potuisse,
388 2479 484 2544 quum
507 2492 550 2502 —
574 2466 681 2522 essent.
727 2459 841 2540 Itaque
865 2463 897 2523 et
920 2458 1075 2523 mendum
1100 2476 1173 2522 esse
1196 2461 1275 2540 puto
1299 2460 1332 2522 et

133 2566 205 2629 eius
228 2566 341 2630 sedem
365 2585 430 2630 non
453 2564 487 2628 in
504 2565 715 2648 praevertisse,
740 2564 829 2647 quod
851 2584 948 2640 nemo
963 2585 1023 2647 pro
1033 2565 1187 2648 proeoeeti
1209 2582 1331 2645 suppo·

132 2673 256 2737 siturus
280 2676 360 2751 crat,
390 2672 448 2736 sed
475 2671 509 2735 in
526 2691 618 2754 posse
640 2671 754 2735 teneri.
801 2671 847 2736 Eo
870 2671 1001 2736 sublato
1024 2670 1109 2735 effici
1131 2671 1203 2735 haec
1225 2669 1332 2735 forma

132 2783 278 2861 poterat:
303 2786 418 2843 metum
435 2798 498 2862 pro
522 2779 671 2842 universo
687 2799 723 2842 re
733 2799 770 2862 p.
789 2779 1007 2858 interuenisse,
1030 2799 1095 2859 nec,
1119 2798 1214 2863 quum
1231 2777 1332 2841 hostes

131 2906 234 2969 prope
262 2885 306 2949 od
328 2893 443 2969 portos
471 2892 580 2967 essent,
609 2883 685 2948 bello
708 2886 910 2967 preeeertisse
937 2886 1115 2970 quicquam,
1145 2904 1209 2965 nec,
1238 2883 1330 2947 sisit

134 2995 197 3056 cet.
243 2991 309 3056 Sed
331 3011 392 3056 nec
415 2991 597 3056 subiectum
622 2988 758 3074 (putres)
783 2990 875 3055 facile
900 2978 1156 3073 esuperioribus
1175 2986 1331 3072 petitur¹)

134 3118 195 3163 nec
217 3098 328 3163 mendi
360 3099 449 3181 origo
477 3102 624 3180 apparet.
670 3097 784 3178 Itaque
819 3098 922 3162 multo
956 3096 1027 3162 haec
1055 3099 1191 3180 praestat
1219 3116 1331 3161 emen·

137 3204 243 3270 detio:
267 3226 323 3269 nec
345 3226 449 3287 coss,
473 3225 568 3289 quom
593 3209 701 3285 essent,
725 3202 753 3266 b.
771 3223 808 3286 p.
831 3225 871 3288 q.‚
901 3224 956 3268 nec
979 3207 1040 3269 cet.
1086 3204 1232 3268 Primum
1255 3203 1331 3267 Ser·

134 3311 237 3387 vilius,
263 3311 341 3393 quid
364 3312 433 3393 ipse
457 3315 492 3376 et'
513 3310 645 3392 collega,
670 3309 790 3391 publici
815 3311 937 3375 consilii
960 3311 1192 3386 moderatorem
1216 3329 1330 3374 neces·

133 3418 220 3483 sario
244 3417 388 3495 iecerint,
413 3418 505 3494 dicit;
529 3417 657 3492 deinde,
682 3416 810 3481 etiamsi
833 3418 985 3499 exiguum
1009 3437 1029 3481 a
1053 3418 1129 3482 belli
1146 3437 1224 3482 cura
1241 3417 1329 3482 laxo-

133 3523 235 3588 menti
259 3526 310 3601 sit‚
334 3543 441 3606 neque
464 3524 551 3606 plebi
575 3542 681 3605 neque
704 3523 853 3604 patribus
869 3525 1042 3588 honestum
1058 3542 1140 3602 esse,
1163 3543 1251 3588 nunc
1266 3523 1330 3588 alia

134 3625 231 3712 agi.²)
288 3628 351 3711 [De
393 3631 591 3696 correctione
633 3631 727 3695 aliter
767 3649 853 3694 nunc
887 3629 1004 3695 iudico.
1061 3630 1132 3694 Vid.
1162 3630 1232 3694 Em.
1261 3629 1330 3694 Lir.

134 3758 166 3820 r·
191 3737 259 3820 m]

164 3964 184 4032 ι)
203 3967 288 4022 Video
306 3968 434 4033 dubitari,
458 3984 495 4022 an
513 3967 668 4022 subiectum
687 3965 722 4019 sit
740 3967 892 4034 quicquam.
930 3965 983 4019 Sed
1005 3983 1050 4018 res
1062 3969 1205 4034 procerte
1223 3969 1264 4019 rei
1281 3965 1330 4020 Lo·

205 4056 294 4111 tinum
314 4074 369 4111 non
394 4062 443 4111 est.
480 4056 520 4111 Ex
542 4056 650 4110 duobus
676 4054 766 4109 Plauti
793 4054 867 4119 locis,
896 4070 964 4123 quos
992 4055 1145 4109 Schellerus
1172 4054 1275 4120 laudat,
1302 4054 1331 4109 in

205 4145 291 4200 altero
315 4145 462 4215 (Amphitr.
482 4145 513 4210 V,
534 4144 557 4209 1,
582 4143 636 4210 17),
664 4142 712 4197 uhi
739 4142 847 4196 dativus
875 4159 930 4196 non
958 4149 1007 4208 est,
1030 4147 1171 4211 provenit
1198 4142 1331 4212 significet

201 4237 339 4303 protelet,
363 4238 445 4288 vincit
463 4232 520 4299 (cir.
540 4233 638 4288 Schell.
658 4231 675 4283 2
694 4248 709 4286 e
727 4237 755 4285 et
774 4231 826 4286 Cic.
846 4231 898 4286 on.
918 4232 955 4285 111
974 4230 990 4298 5
1009 4231 1080 4296 102).
1104 4232 1221 4286 alterum
1240 4232 1331 4286 Schel-

205 4323 278 4377 lerus
295 4323 355 4392 ipse
373 4323 471 4377 melius
490 4322 636 4392 expedivit.

163 4408 184 4476 ²)
203 4412 234 4465 ln
253 4418 412 4467 transcursu
431 4413 512 4466 velim
532 4413 560 4466 in
579 4410 648 4465 Livii
665 4410 725 4465 loco
744 4409 848 4464 attendi
872 4411 906 4463 ad
930 4410 1126 4474 anacoluthon;
1155 4426 1220 4464 nom
1243 4426 1329 4479 quum

204 4501 351 4555 dicendum
370 4506 454 4555 esset:
484 4517 567 4569 neqeee
590 4509 649 4554 aut
668 4501 744 4568 plebi
760 4502 899 4555 tenentem
916 4515 972 4552 ecee
990 4526 1023 4534 -
1043 4506 1101 4552 aut
1114 4499 1245 4567 patribus
1261 4502 1331 4553 catis
