2948 5206
645 1637 732 1733 XII.

106 1844 109 1849 ·
160 1801 526 1901 loemendandis
563 1807 787 1903 Ciceronis
825 1811 1115 1904 orationibus
1151 1839 1237 1933 pro

190 1947 219 2040 P.
239 1949 380 2044 Sestio
410 1952 457 2043 et
482 1951 533 2045 in
560 1951 602 2044 P.
627 1951 866 2046 Vatinium
894 1952 1197 2072 disputatio.¹)

188 2233 237 2356 De
257 2293 488 2358 emendatione
510 2294 695 2359 orationum
718 2293 945 2358 Tullianarum
975 2313 1035 2375 pro
1058 2293 1096 2359 P.
1120 2293 1226 2359 Sestio
1250 2298 1284 2359 et
1296 2315 1334 2354 ιιι

133 2383 189 2458 dP.
206 2397 362 2463 Vatinium
387 2398 505 2464 dicturi
529 2403 605 2465 ante
628 2401 738 2465 omnia
768 2401 955 2465 universam
986 2401 1135 2466 codicum
1164 2421 1282 2466 manu·

132 2498 284 2584 uiuorum,
309 2506 366 2588 qui
385 2509 571 2589 supersunt,
596 2507 757 2571 rationem
781 2506 1025 2587 explicabimus,
1051 2527 1117 2589 qua
1135 2508 1283 2590 exposita

132 2604 197 2685 aaa,
219 2632 288 2694 quae
312 2614 356 2678 ab
380 2613 452 2678 aliis
475 2633 580 2695 nuper
602 2613 635 2676 in
659 2614 767 2695 priore
795 2615 941 2678 oratione
966 2614 1173 2678 emendanda
1196 2634 1282 2696 prae·

130 2708 175 2776 Vita
190 2723 264 2799 sunt,
289 2719 571 2785 confirmabuntur
595 2723 628 2783 et
651 2719 693 2783 ad
710 2739 760 2797 ea,
784 2739 858 2801 quae
877 2724 1013 2797 restant,
1038 2720 1091 2784 via
1106 2721 1281 2784 munietur.

128 2811 179 2884 Nou
196 2829 222 2889 et
244 2827 322 2908 quid
345 2827 379 2891 in
402 2827 457 2890 illa
480 2829 649 2908 praeterea,
686 2827 719 2889 in
742 2826 915 2891 Vatiniana
944 2830 1055 2891 autem
1086 2828 1229 2903 omnino,
1265 2846 1283 2890 e

128 2923 245 2997 lodicibus
267 2933 353 2998 sumi
376 2932 489 3015 possit,
513 2931 650 3014 patebit,
675 2935 708 2995 et
731 2931 809 3012 quid
825 2934 966 3012 aliunde,
991 2934 1129 3011 honest,
1155 2932 1283 2997 coniec-

127 3029 190 3102 ltudo
207 3042 388 3106 necessario
416 3038 596 3122 petendum
625 3038 676 3115 sit,
712 3040 745 3101 et
780 3058 845 3120 quo
880 3061 919 3104 ea
948 3041 1135 3106 coniectura
1164 3040 1283 3104 funda·

126 3148 197 3209 neoto
215 3149 271 3213 niti
296 3148 427 3212 debeat.
462 3146 546 3210 Nam
571 3164 673 3227 quum
695 3145 806 3226 plures
830 3149 1053 3212 recentissimo
1077 3150 1226 3228 tempore
1250 3146 1284 3210 in
1318 3132 1325 3139 ³

126 3248 226 3317 utone
253 3254 406 3319 Sestiana
437 3253 688 3328 elaboraverint,
725 3272 839 3317 eorum
871 3253 945 3330 duo,
982 3252 1020 3317 Ο.
1044 3253 1087 3317 M.
1111 3253 1227 3317 Mdller
1250 3257 1283 3317 et

126 3346 339 3439 &llatthiaeus
375 3361 457 3425 alter
485 3358 656 3423 infeliciter
681 3359 825 3424 criticam
849 3367 977 3441 partem
1001 3360 1164 3435 tractavit,
1199 3359 1283 3423 alter

126 3469 190 3542 litte
216 3487 279 3532 uon
316 3467 433 3550 attigit,
469 3487 511 3531 ne
538 3468 565 3530 is
595 3466 728 3548 quidem
763 3467 870 3544 valde,
906 3471 942 3530 ut
976 3466 1115 3542 videtur,
1151 3485 1280 3540 curans

126 3577 189 3640 llam
207 3579 325 3638 certam
350 3573 580 3639 auctoritatem
605 3593 644 3637 ea
671 3573 833 3655 scriptura
864 3573 1011 3651 haberet,
1048 3593 1122 3657 quae
1150 3572 1193 3636 ab
1223 3573 1281 3636 Er·

126 3675 320 3745 munienter
343 3679 511 3762 recognita
535 3679 631 3762 vulgo
655 3681 933 3756 circumferretur;
958 3680 1084 3756 tertius,
1110 3678 1281 3744 Eduardus

127 3767 276 3863 Vindenis,
308 3788 358 3851 vir
385 3786 603 3865 doctissimus
638 3787 682 3864 id,
718 3786 806 3867 quod
829 3786 895 3850 iam
920 3784 1059 3849 Orellius
1083 3785 1117 3848 in
1140 3785 1282 3849 editione

129 3874 243 3956 liunus
265 3913 402 3976 operum
426 3895 583 3970 senserat,
612 3895 778 3976 perspexit
802 3893 930 3969 clarius,
959 3896 1163 3975 quantopere
1187 3910 1281 3972 supe-

130 3984 195 4056 loru
212 3999 343 4065 editores
366 4001 399 4064 in
423 3999 583 4082 ponendis
607 4000 845 4064 emendationis
863 3998 1085 4063 fundamentis
1106 4001 1280 4076 errassent,
1295 4024 1335 4064 ιιι

133 4105 300 4171 Vlflmmulla
316 4107 546 4189 neglexissent,
570 4106 793 4188 intellexitque
816 4107 976 4183 universe,
1002 4125 1155 4187 quaenam
1173 4112 1282 4170 essent

135 4201 216 4275 optima
243 4215 273 4275 et
305 4213 486 4278 certissima
521 4215 569 4278 rei
604 4213 756 4296 gerenda
791 4213 947 4278 subsidia.
1002 4212 1067 4277 Sed
1102 4232 1203 4295 quum
1239 4212 1282 4276 ad

136 4294 214 4374 himo
230 4317 439 4385 subsidiorum
469 4321 665 4403 scripturam
702 4319 962 4401 cognoscendam
997 4339 1097 4384 unam
1127 4319 1282 4401 Hervagii
1340 4322 1341 4325 ’

141 4436 345 4470 N

161 4525 244 4596 'litu
258 4548 391 4617 tripartito,
410 4549 499 4619 prima
517 4567 581 4619 pars
599 4566 624 4603 a.
645 4547 723 4613 1833,
742 4551 863 4604 secunda
881 4555 909 4603 et
927 4549 1008 4604 tertia
1028 4565 1052 4602 a.
1072 4547 1150 4603 1834.
