2948 5206
713 306 757 372 93

130 508 315 581 taceretur,
350 492 558 570 consensum.
579 503 741 578 omnium,
776 507 864 567 certe
898 502 1127 596 plurimorum,
1163 504 1334 586 patefecit;

134 612 228 676 velut
250 612 382 679 inurat.
400 610 442 675 de
459 611 537 694 imp.
554 609 670 692 Pomp.
692 609 742 687 13,
767 608 810 674 39
834 629 934 691 quum
952 603 1155 694 pervenerint
1177 610 1334 692 scriptum
1401 609 1406 619 ’

138 718 237 783 sitin
259 719 329 783 cod.
354 717 545 793 Erfurtensi,
568 716 751 782 Hauniensi
774 715 1035 799 editionibusque
1058 717 1233 794 veteribus,
1265 704 1341 781 cer·⁸

142 829 214 889 tum
236 825 300 889 iere
323 827 383 912 est,
402 830 624 908 pmcncrunt,
654 842 763 888 errore
786 823 820 887 in
843 823 1017 888 editionem
1042 821 1185 903 aliquam
1209 821 1335 888 illatum
1370 866 1373 871 -

146 936 181 994 et
201 931 242 995 ad
262 930 341 994 alias
360 915 593 1013 propagatum,
622 929 656 994 in
682 929 771 993 nullo
799 932 857 993 aut
885 934 971 993 certe
995 929 1029 993 in
1051 929 1223 1011 perpaucis
1247 929 1336 994 codi-

151 1037 236 1102 cibus
257 1056 336 1102 esse.
373 1037 524 1102 Continet
547 1036 649 1101 codex
672 1035 836 1101 orationes
859 1051 919 1126 pro
942 1036 1012 1117 lege
1035 1036 1132 1113 Man,
1157 1056 1189 1118 p.
1207 1035 1335 1112 Milone,

153 1163 185 1225 p.
205 1136 316 1221 Plane,
344 1164 378 1226 p.
403 1142 503 1220 Sulla,
531 1163 563 1225 p.
587 1143 697 1220 Arch,
728 1142 770 1206 ad
794 1141 884 1220 Quir.
908 1146 941 1207 et
963 1143 997 1207 in
1019 1162 1088 1207 sen.
1112 1163 1144 1225 p.
1168 1144 1248 1219 red,
1277 1161 1337 1225 pro

156 1249 307 1327 Mucello,
340 1270 374 1332 p.
398 1249 514 1331 Ligar,
550 1270 582 1332 p.
613 1249 719 1314 Deiot.
751 1247 956 1331 significatur
986 1248 1093 1313 littera
1124 1249 1166 1313 H.
1218 1249 1337 1314 Similis

159 1375 228 1422 usus
257 1357 315 1421 luit
349 1355 499 1421 editionis
533 1355 653 1420 Adami
687 1355 728 1420 de
762 1355 952 1438 Ambergau
979 1375 1010 1420 a.
1037 1355 1122 1419 1472
1156 1358 1190 1419 et
1223 1355 1337 1420 Venet.

165 1464 244 1541 1480,
276 1466 347 1545 qirae
382 1466 416 1527 et
450 1461 527 1527 alibi
556 1465 590 1527 et
617 1463 759 1527 maxime
789 1462 822 1526 in
850 1461 1044 1528 Catilinariis
1073 1462 1338 1544 interpolationes

164 1569 363 1652 Naugerianas
381 1569 584 1651 aliorumque
601 1561 744 1634 minores
762 1568 923 1651 quasdam
941 1587 1131 1650 erroresque
1150 1569 1205 1633 diu
1218 1588 1338 1651 propa·
1354 1587 1393 1629 ns

166 1680 241 1756 gatos
266 1676 499 1758 patefecerunt.
544 1675 615 1740 Has
643 1676 776 1758 intelligi
812 1675 894 1751 volo,
928 1673 987 1739 ubi
1021 1674 1178 1739 editiones
1213 1674 1339 1739 veteres
1428 1706 1433 1715 ·

169 1782 283 1863 appello.
327 1781 485 1864 lntegrior
508 1787 558 1846 est
580 1783 678 1864 prior.
725 1783 846 1847 Verum
869 1802 935 1848 non
963 1781 1068 1846 solum
1091 1801 1208 1863 pamm
1232 1782 1339 1869 plene,
1439 1865 1442 1871 .

168 1887 366 1971 sedpersaepe
383 1889 467 1954 falso
490 1889 530 1953 de
554 1888 703 1976 codicum
727 1890 894 1972 scripturis
916 1889 1065 1953 retertur.
1108 1888 1143 1952 ld
1168 1888 1264 1970 quale
1286 1888 1337 1965 sit,

169 1993 230 2058 satis
260 1998 385 2087 constat
420 2015 460 2060 ex
481 1995 542 2071 iis,
578 2015 652 2077 quoe
688 1997 728 2060 de
751 1996 869 2060 Graevii
903 1979 965 2084 usu
995 1994 1113 2060 codicis
1142 1994 1343 2058 Erfurtensis

170 2098 301 2179 Wunder,
332 2102 374 2166 de
397 2101 477 2184 regii
499 2102 710 2167 Verrinarum
734 2121 793 2184 ego
817 2102 863 2183 (in
886 2101 1023 2184 epistola
1047 2102 1157 2166 critica
1181 2101 1224 2166 ad
1248 2100 1340 2166 Orel-

170 2205 243 2290 lium)
262 2209 336 2274 dixi.
382 2208 467 2273 Nam
491 2208 595 2290 qualis
618 2209 671 2274 hic
694 2209 840 2274 Graevius
869 2213 919 2273 est
946 2209 1042 2290 iique,
1071 2228 1210 2290 quorum
1240 2227 1342 2291 opera

171 2331 232 2379 usus
251 2320 307 2393 est,
329 2315 406 2381 talis
429 2316 528 2380 etiam
551 2314 643 2381 alibi.
675 2314 771 2379 Velut
793 2314 827 2379 in
849 2315 1051 2380 orationibus
1074 2334 1134 2396 pro
1158 2313 1286 2396 Ligario
1309 2316 1342 2377 et

170 2438 216 2500 pro
233 2421 380 2488 Deiotaro
403 2421 520 2487 habuit
549 2425 669 2504 praeter
696 2420 918 2486 Erfurtensem
949 2422 1076 2487 codices
1104 2420 1342 2500 coloniensem,

172 2524 375 2608 dresdensem,
403 2528 629 2606 Pithoeanum3
665 2529 800 2611 sedita
823 2533 968 2594 erratum
990 2528 1024 2592 in
1047 2524 1228 2592 Erfurtensi
1252 2527 1342 2591 vide·

173 2651 237 2708 mus,
257 2637 299 2701 ita
321 2641 505 2700 ceterorum
530 2636 677 2700 codicum
701 2635 833 2699 nomina
849 2635 1092 2718 perturbantur,
1117 2634 1162 2698 ita
1185 2633 1279 2698 aliter
1303 2634 1343 2697 de

173 2740 306 2823 scriptura
328 2743 361 2807 in
385 2743 661 2819 annotationibus
686 2743 779 2806 aliter
803 2744 835 2806 in
859 2742 956 2806 variis
980 2741 1170 2805 lectionibus
1194 2741 1342 2816 traditur,

174 2843 215 2920 ila.
243 2848 325 2929 quod
353 2849 386 2913 in
416 2853 508 2913 textu
537 2854 596 2927 est,
631 2869 691 2930 pro
719 2850 810 2912 varia
838 2848 1138 2929 lectioneponitur,
1175 2851 1210 2910 ut
1234 2847 1344 2911 multis

176 2948 234 3016 locis
252 2954 377 3020 illorum
401 2956 559 3031 codicum,
583 2955 638 3037 qui
655 2956 738 3020 inter
757 2955 1043 3036 praestantissimos
1067 2958 1152 3028 sunt,
1177 2953 1344 3035 scripturis

176 3057 210 3121 uli
227 3061 315 3149 plane
337 3081 404 3126 non
427 3061 601 3144 possimus.
647 3062 713 3125 Nec
737 3062 855 3125 desunt
879 3061 1006 3125 Gruteri
1030 3061 1232 3143 aliorumque
1256 3081 1345 3125 erro·

176 3181 222 3242 res,
241 3168 270 3232 in
286 3168 437 3233 Gulielmi
454 3187 583 3251 quoque
607 3168 755 3231 codicum
773 3167 949 3256 scripturis,
974 3188 1056 3249 quas
1080 3168 1132 3232 ille
1150 3188 1215 3232 non
1232 3189 1345 3232 omnes

177 3268 227 3351 ipse
251 3279 464 3358 excerpserat,
499 3274 558 3339 sed
589 3275 632 3338 ab
663 3274 734 3338 aliis
766 3279 938 3357 acceperat
966 3273 1043 3357 (vid.
1068 3275 1161 3340 Grut.
1184 3275 1226 3338 ad
1249 3275 1291 3338 IV
1314 3277 1347 3339 in

177 3375 229 3442 Cat.
249 3379 290 3462 8),
319 3382 478 3447 Gruterus
502 3401 542 3444 ex
566 3381 635 3444 eius
659 3381 787 3445 schedis
812 3380 921 3444 edidit.
969 3381 1052 3445 Nam
1082 3402 1207 3446 errores
1237 3382 1279 3446 ab
1309 3382 1347 3446 iis

178 3488 324 3565 commissi,
349 3488 405 3570 qui
428 3487 577 3552 codicum
600 3487 777 3569 scripturas
801 3506 866 3550 non
883 3487 944 3568 ipsi
962 3488 1142 3566 ediderunt,
1166 3488 1226 3552 sed
1244 3489 1347 3553 editas

179 3590 208 3653 ab
235 3594 301 3658 aliis
336 3593 545 3675 collegerunt,
581 3593 794 3676 digesserunt,
831 3597 1071 3675 excerpserunt,
1107 3596 1219 3676 quales
1255 3596 1347 3659 multi

178 3703 235 3762 sunt
254 3700 370 3777 Beckii,
407 3720 505 3782 quem
540 3699 679 3764 Orellius
714 3701 747 3763 in
781 3699 942 3780 prioribus
971 3700 1171 3765 orationibus
1201 3702 1267 3765 fere
1297 3721 1348 3764 se-

178 3805 273 3881 quitur,
305 3807 452 3872 nonnulli
487 3807 589 3889 ipsius
624 3807 743 3883 Orellii,
779 3806 876 3887 paulo
912 3805 1073 3870 interdum
1105 3809 1347 3883 festinantioris,
1401 3862 1403 3866 Α

179 3911 281 3977 molesti
303 3918 389 3991 sunt,
425 3914 483 3978 sed
513 3914 627 3995 corrigi
650 3917 797 3996 possunt,
833 3911 986 3976 adhibitis
1009 3913 1121 3994 primis
1145 3915 1349 3989 auctoribus;

179 4018 246 4093 uod
266 4023 376 4083 tamen
400 4022 462 4085 hoc
484 4021 580 4103 pauci
604 4021 712 4084 tacere
735 4022 881 4102 possunt,
906 4020 1082 4100 petendum
1107 4041 1127 4083 a
1150 4020 1264 4084 ceteris
1289 4025 1348 4093 est,

180 4124 213 4196 ut
241 4127 265 4188 si
292 4126 369 4209 quid
402 4146 422 4190 a
452 4146 506 4190 me
537 4127 631 4191 aliter
662 4126 703 4190 de
735 4124 899 4190 codicibus
931 4125 1166 4190 editionibusve
1195 4126 1349 4191 traditum

182 4244 259 4304 quam
287 4233 329 4297 ab
357 4233 427 4296 aliis
458 4232 691 4298 recentioribus
715 4232 926 4314 reppererint,
962 4233 1131 4313 diligenter
1154 4234 1267 4297 haeea
1298 4253 1351 4296 me

183 4333 280 4416 scripu
301 4338 446 4402 credant.
459 4334 485 4419 ¹)
531 4339 615 4403 Nam
638 4339 718 4403 illud
742 4339 794 4402 vix
818 4339 951 4420 rogandi
975 4343 1060 4413 sunt,
1091 4358 1132 4402 ne
1156 4339 1287 4403 omnino
1310 4339 1351 4403 de
1367 4365 1404 4404 ns

186 4486 422 4505 *sn—.—

207 4575 224 4643 ¹i
238 4581 290 4637 [no
307 4586 432 4655 exemplo
452 4584 592 4653 defungar.
620 4585 652 4638 ln
671 4585 827 4654 Philippicis
846 4560 990 4653 aliquoties
1009 4584 1171 4639 Vaticanum
1190 4585 1352 4639 nominatim
1376 4637 1378 4642 .

241 4673 372 4741 appellari,
396 4673 445 4730 ubi
464 4673 590 4733 Orellius,
614 4674 660 4743 oui
684 4679 810 4727 accurate
834 4673 861 4726 in
880 4673 923 4725 his
941 4672 1109 4727 orationibus
1129 4673 1231 4727 versari
1248 4674 1353 4728 studuit
