2956 5190
619 288 686 397 ι567

53 489 131 555 tice
153 487 276 552 Latinae
300 486 428 552 scholas
463 485 667 551 academicus
689 485 864 562 haberem;
898 503 1037 568 quarum
1066 504 1255 567 quanquam

55 599 128 663 tota
143 595 225 661 ratio
247 595 311 660 alia
335 594 490 676 quaedam
513 612 585 659 esse
609 592 761 670 debebat,
786 612 885 674 quam
909 611 982 674 quae
1005 591 1044 656 iis
1067 591 1157 656 libris
1177 610 1255 657 con·

56 704 163 780 venit,
203 702 258 784 qui
297 701 500 766 scholasticae
540 698 749 764 institutionis
784 718 883 764 causa
917 699 1102 763 scribuntur
1136 696 1254 780 (qualis

56 811 170 874 autem
193 808 300 884 fuerit,
336 827 376 872 ex
407 807 463 872 illa
494 806 535 871 de
563 826 626 871 usu
649 809 682 870 et
704 809 823 871 natura
846 806 1026 870 formarum
1049 805 1256 887 quarundam

56 914 153 979 verbi
181 915 287 979 Latini
300 999 304 1007 Ι
317 913 538 996 disputatione
572 911 706 994 intelligi
734 913 803 977 fere
829 909 961 995 potest),
996 915 1118 990 tamen,
1154 931 1255 994 quum

58 1040 297 1105 compararem,
334 1020 413 1102 quid
443 1039 573 1102 quaque
602 1020 643 1084 de
671 1038 706 1085 re
729 1019 825 1102 vulgo
848 1020 882 1083 in
904 1019 1142 1102 probatissimis
1165 1018 1256 1085 libris

54 1128 252 1204 traderetur,
287 1130 321 1191 et
351 1126 384 1190 in
413 1146 453 1191 eo
475 1125 605 1208 negotio
628 1126 679 1190 vel
702 1126 866 1208 praecipue
888 1126 1030 1207 Zumptii
1053 1125 1170 1190 librum
1196 1125 1256 1191 ad·

55 1235 205 1300 hiberem
230 1254 330 1316 quum
353 1236 488 1316 propter
509 1232 597 1297 hona
620 1234 689 1298 eins
712 1236 782 1297 tum
806 1235 940 1315 propter
967 1252 1062 1297 usum
1092 1231 1157 1297 late
1180 1251 1255 1314 per·

54 1343 223 1423 vagatum,
247 1339 508 1405 subnascebatnr
530 1339 669 1404 materia
691 1338 801 1421 aliqua
824 1340 1090 1404 observationum
1107 1342 1140 1404 et
1156 1358 1256 1405 anno·

56 1447 220 1513 tationum
243 1447 285 1510 de
309 1445 468 1511 eiusmodi
495 1445 603 1524 rebus,
639 1464 712 1527 quae
744 1466 810 1511 non
840 1446 873 1510 in
903 1445 966 1511 hoc
996 1445 1047 1509 vel
1078 1445 1132 1512 illo
1160 1444 1254 1524 libro,

55 1554 116 1618 sed
139 1552 304 1618 communi
328 1553 471 1635 quodam
495 1572 603 1618 errore
626 1571 693 1618 non
708 1557 795 1617 recte
810 1551 895 1617 tradi
910 1551 1108 1629 viderentur,
1133 1554 1167 1616 et
1182 1571 1256 1634 quae

56 1661 235 1743 separatim
259 1659 545 1742 particulatimque
569 1659 684 1742 corrigi
699 1662 843 1741 possent.
879 1659 992 1742 ltaque
1008 1677 1110 1741 quum
1127 1659 1254 1738 scirem,

56 1766 243 1849 Zumptium
268 1769 418 1831 octavam
448 1765 522 1831 libri
545 1765 596 1831 sui
619 1766 793 1831 editionem
816 1784 943 1848 parare,
979 1763 1108 1830 decrevi
1136 1784 1177 1830 ex
1204 1764 1255 1830 his

56 1874 210 1956 quaedam
245 1874 380 1955 seligere
416 1892 594 1955 eommque
628 1873 657 1938 ei
693 1874 820 1955 copiam
851 1871 968 1951 facere,
1003 1871 1032 1936 si
1065 1871 1113 1936 uti
1147 1872 1255 1937 vellet.

56 1981 160 2046 Simul
184 1984 305 2057 autern,
330 1979 418 2061 quod
441 1999 481 2044 ea
504 1983 605 2044 anta
628 1978 855 2045 communibus
872 1978 1077 2060 opinionibus
1098 1977 1255 2043 abhorre-

57 2087 140 2153 bant
162 2091 219 2152 ant
247 2086 410 2152 interdum
443 2085 649 2169 attingebant
674 2089 823 2151 veterum
853 2087 1048 2168 scriptorum
1079 2085 1166 2151 locos
1189 2104 1256 2151 non

57 2195 145 2257 recte
168 2196 226 2257 aut
248 2193 386 2275 scriptos
410 2197 468 2257 aut
491 2192 680 2272 intellectos
703 2192 847 2259 rationes
871 2196 904 2257 et
920 2212 1036 2258 causas
1052 2191 1254 2269 iudiciorum,

58 2319 131 2381 quae
155 2299 189 2363 in
212 2299 372 2365 eiusmodi
395 2300 478 2367 libro
506 2298 661 2381 explicari
688 2318 754 2363 non
782 2303 926 2383 possent,
961 2299 1088 2382 plenius
1116 2299 1255 2380 perscri-

57 2405 184 2489 bendas
206 2407 377 2489 putabam,
402 2410 453 2485 ut,
473 2426 573 2488 quum
598 2425 647 2471 eae
669 2405 747 2470 alibi
771 2405 866 2471 editae
884 2408 1004 2484 essent,
1028 2409 1099 2471 tuto
1117 2424 1255 2470 summae

59 2514 141 2595 ipsae
163 2513 400 2603 ¹sententiarum
423 2512 487 2577 illic
509 2514 587 2595 poni
610 2515 754 2594 possent.
800 2512 914 2594 ltaque
942 2511 1013 2576 leci.
1060 2511 1125 2577 Sed
1153 2532 1254 2594 quum

56 2619 151 2683 tarde
174 2638 244 2683 rem
268 2639 410 2702 agerem,
445 2623 516 2685 tum
544 2620 677 2685 demum
706 2619 828 2684 chartae
855 2619 918 2685 illae
946 2618 1132 2685 Berolinum
1155 2637 1255 2684 vene·

57 2730 144 2803 runt,
168 2744 269 2808 quum
293 2725 434 2809 Zumptii
458 2726 541 2791 liber
562 2725 628 2790 iam
652 2726 738 2809 typis
761 2725 943 2809 descriptus
966 2729 1062 2805 esset,
1087 2729 1124 2790 ut
1145 2724 1184 2791 iis
1207 2727 1256 2791 uti

56 2851 123 2897 non
145 2835 267 2914 posset,
291 2833 353 2898 nisi
376 2832 410 2897 in
432 2852 500 2898 uno
524 2833 601 2899 lolio
623 2831 709 2917 typis
733 2833 869 2898 reddito.
916 2833 984 2916 Ego
1007 2836 1128 2912 antem,
1153 2852 1255 2915 quum

56 2938 119 3004 hoc
142 2941 289 3021 tempore
313 2938 435 3021 aliquid
458 2939 622 3004 edendum
650 2938 730 3004 mihi
758 2941 809 3017 sit,
845 2960 941 3005 omne
972 2944 1083 3006 antem
1112 2942 1253 3022 tempus,

57 3045 144 3127 quod
167 3065 188 3110 a
211 3046 355 3111 muneris
384 3046 506 3129 publici
534 3045 671 3129 negotiis
699 3050 858 3128 superest,
894 3046 977 3112 alius
1006 3047 1099 3112 labor
1125 3046 1254 3128 pridem

55 3155 227 3234 susceptus
249 3152 402 3230 vindicet,
437 3152 562 3235 paratis
589 3152 746 3218 utendum
775 3158 877 3233 ratus,
912 3154 1067 3236 quoniam
1096 3173 1182 3219 nova
1204 3152 1255 3218 in·

56 3257 145 3322 stitui
173 3261 207 3323 et
233 3258 346 3341 perlici
376 3278 443 3325 non
470 3263 616 3341 possunt,
651 3261 809 3325 maiorem
843 3264 971 3343 partem
1006 3260 1144 3339 illorum,
1180 3279 1255 3342 quse

56 3366 127 3428 tum
150 3364 277 3447 plenius
300 3367 566 3448 perscripseram,
601 3366 763 3431 nonnullis
793 3367 934 3451 demptis
957 3373 1015 3433 aut
1037 3366 1167 3444 additis,
1202 3366 1255 3432 hic

56 3471 129 3535 edo.
164 3471 241 3549 Nec,
266 3491 367 3554 quum
391 3472 454 3537 hac
478 3472 539 3537 sim
563 3493 641 3538 usus
664 3473 866 3556 praefatione,
890 3475 1063 3558 quaesitum
1087 3473 1126 3539 iri
1146 3474 1253 3553 credo,

56 3596 126 3655 cur,
162 3579 284 3644 omissa
319 3579 408 3645 omni
444 3579 663 3662 disputatione
694 3580 735 3644 de
768 3579 822 3644 via
852 3600 891 3645 ac
922 3581 1047 3647 ratione
1079 3580 1254 3662 ampliores
1268 3590 1308 3632 ²0⁸

54 3685 278 3767 grammaticae
312 3686 440 3750 Latinae
475 3685 562 3753 locos
602 3685 767 3766 tradendi,
807 3686 1007 3769 singularum
1047 3686 1253 3770 quarundam

55 3809 164 3855 rerum
199 3810 311 3857 veram
347 3793 488 3858 formam
523 3793 813 3858 demonstrandam
848 3794 1057 3877 susceperim.
1102 3795 1152 3858 Ac
1182 3794 1254 3877 qui-

54 3895 206 3976 busdam,
242 3899 384 3964 maxime
413 3899 599 3965 scholarum
630 3900 804 3983 magistris,
838 3899 910 3965 haec
932 3899 1003 3982 ipsa
1026 3899 1130 3984 magis
1152 3900 1254 3982 placi·

55 4008 130 4068 tura
153 4004 260 4084 credo,
300 4007 387 4088 quod
416 4007 540 4072 facilius
570 4009 602 4072 et
630 4007 723 4088 quasi
745 4010 836 4073 recta
859 4008 912 4072 via
934 4005 969 4070 in
991 4026 1087 4073 usum
1111 4007 1255 4073 converti

49 4114 199 4193 possunt.
