2948 5206
673 277 738 343 255

102 470 105 477 '
141 491 197 538 esse.
226 471 289 537 Sed
308 475 431 550 tamen,
455 473 496 537 de
512 492 578 554 qna
600 493 636 538 re
659 478 784 556 agatur,
809 494 869 539 nec
893 494 968 539 eum
991 492 1052 538 nec
1075 474 1155 561 alios
1170 476 1298 557 superi·

139 599 188 646 ons
210 580 398 663 interpretes
427 578 555 656 fefellit3
590 584 642 646 est
668 582 756 645 enim
780 584 813 677 et
835 600 894 662 per
916 600 952 645 se
974 583 1126 662 apertum
1149 584 1182 645 et
1204 600 1297 647 com·

137 688 229 769 mutis
250 685 381 770 Epicuri
403 687 512 753 verbis
543 687 577 751 in
600 687 738 769 epistola
768 686 811 752 ad
841 686 1046 752 Herodotum
1079 683 1183 771 (apud
1207 687 1300 769 Diog.

87 834 91 877 -,
136 792 214 857 laert
234 792 273 871 X,
302 793 357 871 41,
385 790 443 874 42)
472 793 576 876 magis
605 795 704 858 etiam
727 796 829 876 patet.
875 793 1030 876 Relinqui
1060 793 1093 858 in
1121 792 1175 857 illo
1204 813 1301 876 argu-

87 902 92 981 “,·
135 903 216 964 neoto
226 899 383 982 Epicurus
395 899 544 981 putabat,
568 902 605 964 ut
620 900 743 964 diceret
759 898 887 981 aliquis,
912 918 979 963 non
997 903 1109 964 tamen
1126 904 1301 981 utramque

87 992 92 1095 f
133 1008 254 1070 mirram
283 1005 444 1070 infinitam
472 1025 554 1083 esse,
590 1006 648 1070 sed
683 1008 740 1070 aut
774 1025 891 1088 corpus
926 1004 1127 1087 (atomorum
1155 1007 1300 1071 multitu·

87 1118 89 1139 ²
133 1108 227 1193 dinem)
258 1113 349 1184 inani
376 1111 470 1190 liniri,
504 1111 551 1175 ita
578 1117 615 1176 ut
643 1112 739 1176 inane
762 1112 924 1176 infinitum
946 1115 1084 1193 pateret,
1121 1116 1179 1177 aut
1201 1113 1297 1178 inane

87 1216 89 1229 '
132 1216 231 1283 initum
252 1238 389 1302 corpore
411 1219 481 1284 sine
503 1219 567 1282 fine
590 1219 715 1300 patenti
733 1218 854 1295 claudi;
878 1218 989 1300 itaque
1010 1221 1164 1283 nentrum
1181 1219 1299 1283 horum

131 1322 187 1407 lngi
205 1344 296 1407 posse
320 1324 578 1390 demonstrabat.
587 1321 614 1406 ¹)
660 1324 725 1389 Sed
749 1324 837 1407 apud
861 1326 1047 1390 Lucretium
1078 1344 1178 1407 quum
1202 1345 1300 1391 versu

133 1429 404 1512 illuminare
427 1431 595 1494 noerellus
619 1429 693 1512 cet.)
717 1450 735 1495 e
772 1431 928 1513 proximis
952 1434 1066 1514 aperte
1091 1433 1295 1496 contineatur
1370 1425 1373 1430 ’

132 1533 208 1601 dura
223 1556 299 1619 pars
317 1538 488 1602 sententiae
505 1537 733 1620 hypotheticae,
751 1537 1031 1621 describaturqne,
1058 1537 1137 1620 quid
1154 1537 1300 1602 futurum

132 1641 167 1717 o't
192 1644 217 1707 si
237 1642 329 1708 finita
354 1643 496 1726 corporis
526 1645 700 1709 multitudo
727 1645 875 1728 cingatur
903 1644 1028 1709 infinito
1059 1645 1158 1722 inani,
1194 1645 1300 1710 haere·

133 1747 197 1826 bant,
224 1769 324 1832 quum
348 1750 444 1814 huius
467 1753 636 1815 sententiae
660 1752 816 1833 protasio,
844 1750 1043 1834 hypothesin
1067 1751 1298 1828 continentem,

134 1871 160 1916 n
175 1854 226 1920 illis
247 1855 377 1921 duobus
401 1857 549 1921 versibus
572 1857 639 1921 Aut
666 1858 760 1921 etiam
796 1860 856 1922 cet.
881 1858 996 1922 elicere
1024 1857 1202 1922 studerent.
1248 1858 1289 1922 Et
1303 1873 1343 1912 ³¹⁴

133 1958 179 2024 inre
206 1962 390 2039 haerebant3
424 1983 530 2045 neque
561 1964 648 2027 enim
676 1965 709 2026 in
738 1983 812 2028 eam
841 1967 972 2046 partem
1003 1983 1115 2028 eorum
1144 1983 1298 2029 versuum

134 2067 205 2132 rerba
230 2069 416 2152 detorqueri
443 2073 595 2153 possunt3
630 2088 690 2134 nec
724 2074 859 2134 conatus
893 2072 1108 2152 interpretum
1136 2071 1295 2149 refellam,

134 2191 238 2254 porum
266 2196 353 2241 unus
376 2176 549 2242 Creechius
581 2195 641 2240 sua
671 2176 937 2258 interpretatione
972 2177 1166 2256 confidebat,
1196 2197 1296 2259 quum

133 2281 210 2347 ninus
230 2302 332 2365 qnam
356 2283 453 2347 ceteri
475 2282 609 2360 rideret,
645 2283 723 2365 qnid
753 2302 827 2347 eam
851 2286 1022 2348 everteret.
1068 2283 1153 2347 Nam
1177 2284 1296 2348 alteru·

134 2391 191 2450 inim
210 2409 308 2472 quum
332 2409 393 2453 sua
414 2393 532 2454 natura
556 2389 784 2455 disiunctivum
812 2389 854 2453 sit
878 2392 910 2454 et
940 2409 1040 2471 quum
1069 2393 1181 2472 aperte
1211 2391 1298 2455 hunc

134 2509 233 2559 sensum
262 2495 379 2559 faciat:
419 2496 464 2571 ,si
493 2499 550 2559 ant
579 2516 695 2578 corpus
723 2496 821 2573 inani,
857 2500 915 2560 aut
942 2496 1039 2560 inane
1069 2516 1203 2578 corpore
1232 2516 1297 2561 non

133 2600 322 2679 [ominetur,“
361 2602 414 2666 ille
447 2623 507 2684 pro
542 2602 674 2667 delinito
708 2605 857 2685 sumpsit,
893 2623 994 2685 quum
1023 2604 1068 2667 ita
1100 2603 1296 2685 exprimeret

133 2706 400 2792 circumloquendo:
429 2710 475 2786 ,si
497 2729 569 2772 vero
592 2710 780 2791 ulteriorum
796 2712 1019 2774 conterminet
1036 2731 1143 2774 eor-um
1161 2711 1295 2773 alterum

133 2807 237 2896 (Corpus
258 2815 400 2879 videlicet
424 2814 576 2896 Ιαοιιο)“;
600 2816 717 2880 deinde
741 2820 773 2880 et
796 2817 823 2879 is
847 2820 880 2880 et
903 2817 1011 2894 ceteri,
1037 2835 1140 2897 quum
1163 2836 1294 2881 versum

133 2913 247 3003 Simplice
269 2928 390 2985 notura
408 2926 468 2985 cet.
493 2923 651 3004 superiori
669 2924 901 3004 coniungerent
923 2927 980 2987 aut
998 2923 1120 3000 addita,
1145 2926 1182 2986 ut
1200 2923 1296 2985 Lam-

133 3019 210 3104 binus,
242 3033 300 3093 aut
331 3028 504 3105 intellecta,
537 3034 573 3093 ut
596 3029 779 3108 Creechius,
814 3030 975 3111 particula
1008 3037 1044 3107 et,
1082 3049 1122 3093 ex
1145 3029 1297 3110 negativa

133 3131 215 3198 lamen
234 3134 396 3217 particula
419 3135 631 3200 condicionali
654 3134 754 3217 (nisi),
790 3136 833 3200 ad
860 3136 1144 3233 hanc-sententiae
1168 3139 1296 3217 partem

134 3235 333 3305 affimativam
368 3238 422 3322 (si)
456 3244 618 3324 pertinere
651 3242 838 3321 voluerunt,
874 3244 962 3325 quod
996 3243 1066 3306 fieri
1100 3261 1166 3307 non
1200 3261 1296 3323 posse

133 3347 207 3421 pot.
248 3347 313 3411 Sed
336 3347 428 3411 lubet
450 3348 570 3426 videre,
600 3370 699 3431 quam
723 3350 816 3414 facile
840 3370 876 3413 se
899 3354 932 3413 et
954 3349 1151 3414 recentiores
1175 3347 1297 3412 Wake-

135 3444 229 3517 leldius
251 3454 461 3536 expediverit.
497 3454 533 3518 ln
549 3475 614 3520 uno
630 3457 853 3520 recentissimo
874 3455 1063 3537 apographo
1084 3454 1243 3536 (Britann.
1262 3452 1296 3534 3)

137 3555 199 3620 et'm
217 3560 401 3643 vulgaribus
426 3562 549 3644 aliquot
572 3562 767 3627 editionibus
792 3563 935 3644 repperit
958 3565 991 3625 in
1014 3582 1044 3625 r.
1067 3562 1153 3626 1012
1177 3565 1298 3642 etpost

138 3668 225 3727 adoro
250 3667 477 3750 supplementi,
512 3674 549 3733 ut
583 3669 659 3746 dixi,
696 3689 795 3733 causa
830 3668 987 3732 additum.
1039 3668 1086 3731 Ex
1121 3689 1159 3732 eo
1195 3688 1296 3749 quum

143 3852 368 3871 Q*—

160 3972 175 4041 ¹l
189 3983 232 4033 nat
246 3984 299 4054 μήν
317 3987 363 4037 καὶ
382 3990 419 4054 τῷ
437 3982 536 4048 πλήθει
556 3990 609 4036 τῶν
627 3983 759 4055 σωμάτων
777 3982 890 4054 ἄπειρόν
903 3985 955 4037 ἔστι
968 3983 995 4036 ni
1009 3989 1063 4037 πᾶν
1076 3985 1120 4036 καὶ
1134 3989 1171 4053 τῷ
1182 3988 1297 4054 μεγέθει

191 4074 227 4121 roi
237 4080 318 4126 κενοῦ·
333 4079 385 4127 εἴτε
404 4071 458 4143 γᾰρ
477 4069 512 4137 ἤν
530 4072 558 4126 τὸ
572 4073 648 4125 κενὸν
660 4073 779 4142 ἄπειρον,
798 4073 828 4126 ni
842 4072 995 4144 discipata
1009 4072 1153 4145 ὡρισμένα,
1171 4069 1294 4141 οὐδαμοῦ

192 4154 218 4206 ἂν
232 4162 299 4229 ἔμενε
322 4161 355 4214 ui
379 4160 498 4232 σώματα,
523 4160 579 4213 ent*
599 4163 702 4231 Kolone
727 4160 791 4213 καπέ
816 4161 841 4214 α’
866 4161 978 4232 ι’πειρον
1003 4162 1082 4215 κενόν
1106 4162 1296 4230 διεσπαρμένα,

125 4246 131 4259 ”
193 4243 229 4297 oin
243 4252 331 4320 ἔχοντα
349 4250 380 4303 πὶ
394 4248 566 4319 impudorate
578 4252 623 4302 noi
635 4253 774 4302 criticum
794 4249 861 4302 κατα
882 4250 928 4310 τας
940 4248 1090 4309 α’νακοπάζ
1104 4252 1154 4301 rire
1173 4246 1202 4300 ro*
1216 4245 1297 4299 κενὸν

194 4326 219 4395 it
232 4334 379 4407 ὡρισμένον,
408 4338 439 4392 αἱ
464 4341 496 4393 δὲ
520 4340 631 4410 σώματα
654 4338 760 4409 ἄπειρα,
789 4336 838 4392 οὐκ
861 4339 897 4391 (ἲν
919 4337 974 4410 εἶχε
1000 4338 1031 4391 α’
1056 4337 1154 4408 ἄπειρα
1174 4334 1295 4406 σώματα,

196 4419 247 4477 ὅπου
261 4427 293 4480 ἂν
311 4432 377 4494 ἔστη.
