2948 5206
695 297 760 363 283

173 492 316 568 iudicaram,
350 492 417 556 iarn
450 491 557 556 dicam
588 492 740 569 breviter,
776 492 864 574 quod
887 494 1073 575 Zumptium
1098 514 1228 577 quoque
1252 515 1324 560 earu

173 616 216 662 ren
233 597 373 662 fefellisse
397 597 501 674 video,
525 598 622 663 simul
645 603 682 663 ut
704 619 847 663 errorem
872 599 1014 682 aliquem
1030 620 1140 666 meum
1158 604 1324 677 confitear,

171 704 267 768 irtibro
287 705 310 768 1·
322 704 410 768 male
434 707 624 786 separatum
649 724 720 770 esse
745 710 843 787 caput
865 706 909 769 45
933 727 952 770 a
976 707 1184 788 precedenti,
1215 709 1260 772 ita
1289 714 1325 773 ut

170 810 283 891 uperimi
314 810 527 892 disputationi
559 809 600 875 de
632 812 738 893 capite
769 813 865 876 edicti
894 813 1001 878 Verris
1025 814 1068 878 ad
1093 815 1196 896 legem
1221 816 1324 880 Voco-

169 917 225 979 niam
242 917 423 998 pertinenti,
447 937 521 999 quae
544 917 629 982 finiri
652 919 752 983 debet
774 919 965 1001 gravissimo
982 920 1036 983 iilo
1055 920 1324 1002 epiphonemate:

167 1020 211 1085 dcc
222 1023 351 1107 poprdree
373 1023 539 1089 Romanus
562 1046 625 1088 aon
647 1046 746 1089 mareu
773 1025 970 1107 vindicasset,
1006 1026 1070 1090 arisi
1099 1032 1128 1089 te
1155 1026 1228 1090 huic
1251 1034 1325 1091 terrr-

163 1130 211 1210 peu'
227 1136 310 1215 abac
332 1128 408 1193 huic
431 1129 549 1194 iudicio
572 1131 781 1196 reservasset?
811 1136 847 1196 ut
876 1133 915 1207 ei,
950 1133 1095 1213 inquam,
1131 1135 1325 1197 annectatur

167 1232 278 1317 turbida
307 1241 342 1301 et
372 1236 482 1302 subito
513 1238 656 1319 abrupta
687 1238 920 1303 demonstratio
951 1238 1129 1320 iniquitatis
1160 1239 1268 1304 Verris
1291 1242 1325 1305 in

165 1340 209 1404 iure
233 1341 398 1407 mutando.
444 1344 493 1407 Ac
527 1348 640 1408 tamen
674 1345 745 1409 haec
779 1345 851 1425 ipsa
882 1348 952 1408 tota
986 1346 1098 1427 inepta
1133 1350 1192 1410 est.
1239 1345 1325 1425 Quid

166 1447 221 1511 enin
238 1448 278 1512 ad
300 1448 392 1525 illud,
428 1449 515 1531 quod
538 1449 715 1531 praecessit,
750 1449 873 1514 crimen
902 1450 943 1514 de
971 1451 1069 1516 Annii
1092 1452 1158 1516 filia
1182 1453 1325 1534 pertine·

166 1551 208 1629 bat,
230 1573 289 1636 quo
311 1555 427 1619 ordine
450 1555 609 1620 honorum
634 1557 797 1638 possessio
821 1556 891 1620 dari
915 1557 1044 1634 soleret,
1080 1558 1106 1622 si
1131 1560 1252 1624 tabuiae
1275 1563 1325 1624 te-

165 1660 278 1724 stamenti
300 1680 368 1726 non
391 1662 624 1742 proferrentur,
654 1682 755 1744 quum
778 1662 877 1727 Annii
900 1667 1136 1728 testamentum
1160 1666 1324 1747 prolatum

165 1770 220 1830 eset
243 1786 278 1831 ac
308 1786 352 1831 ne
382 1771 584 1832 everteretur
611 1769 742 1851 quidem
767 1769 822 1847 ita,
858 1773 895 1834 ut
929 1762 972 1834 ad
1007 1771 1247 1835 successionem
1281 1773 1325 1835 ab
1355 1823 1356 1827 .

165 1869 354 1938 maerores
377 1874 508 1951 rediret,
532 1874 591 1938 sed
614 1878 651 1939 ut
674 1875 717 1939 ad
740 1875 957 1941 hereditatem
981 1880 1163 1954 vocaretur,
1193 1877 1249 1958 qui
1272 1897 1324 1941 se·

166 1978 236 2043 undo
255 1980 324 2045 ioco
356 1980 390 2044 in
422 1984 621 2046 testamento
644 1982 784 2063 scriptus
808 1986 889 2059 erat,
925 1983 959 2046 L.
983 1983 1111 2047 Annius
1135 1980 1202 2062 (41,
1236 1982 1324 2064 105).

165 2080 257 2162 unua,
284 2086 374 2169 quod
396 2088 543 2169 sequitur
567 2089 691 2152 crimen
713 2088 755 2152 de
778 2087 959 2152 hereditate
983 2088 1125 2166 Minucii,
1155 2092 1245 2153 caret
1268 2108 1324 2152 ex-

130 2246 133 2253 .
166 2190 283 2269 rohone
306 2194 377 2257 eius
402 2193 516 2274 capitis
540 2195 647 2272 edicti,
683 2195 770 2278 quod
803 2199 879 2258 ante
911 2195 1035 2272 fuisset,
1071 2214 1111 2259 ex
1143 2215 1207 2277 quo
1237 2194 1324 2278 genti

165 2293 272 2364 thoda
294 2300 458 2366 bonorum
481 2301 643 2381 possessio
667 2302 737 2366 dari
761 2300 907 2366 deberet.
954 2301 1001 2365 Ea
1029 2302 1080 2365 his
1110 2303 1188 2383 ipsis
1217 2301 1325 2366 verbis

165 2400 385 2484 iacontinetur,
420 2411 466 2484 ut,
502 2412 676 2490 postquam
706 2408 829 2473 dictum
859 2412 917 2485 est,
954 2428 1019 2489 quo
1047 2408 1116 2472 iure
1140 2409 1325 2490 superiores

166 2514 280 2587 pretores
301 2514 353 2578 usi
377 2513 452 2591 sint,
475 2512 574 2595 idque
598 2534 727 2596 aequum
752 2534 833 2592 esse,
858 2514 1040 2579 excitentur
1056 2514 1178 2578 iudices
1203 2512 1324 2599 (coquo-

167 2616 450 2700 attaminaret.)
474 2620 517 2683 ad
541 2621 799 2702 cognoscendam
823 2623 921 2705 huius
943 2623 1021 2686 iuris
1044 2621 1323 2703 perturbationem

167 2716 238 2787 Verris
263 2726 368 2791 edicto
397 2726 529 2791 factam.
582 2727 649 2791 iam
687 2727 884 2808 intelligitur,
920 2748 959 2792 ea
993 2729 1106 2805 rerba,
1142 2748 1215 2809 quae
1250 2736 1325 2809 post

167 2821 348 2896 Hotomanum
372 2833 471 2898 ceteri
495 2833 695 2910 deleverunt,
732 2852 785 2898 me
814 2853 954 2915 quoque,
991 2833 1078 2914 quod
1106 2835 1225 2897 nollem
1256 2834 1324 2898 sac-

167 2934 217 3013 lun,
235 2939 390 3020 pmbante
413 2937 547 3022 (disput.
573 2940 613 3003 de
637 2941 757 3004 Ascon.
781 2960 813 3021 p.
832 2941 895 3003 103
911 2937 1002 3019 not),
1027 2939 1198 3021 Zumptius
1214 2943 1323 3003 autem

135 3078 143 3099 ·
167 3036 193 3102 itt
208 3047 343 3123 restituit,
367 3049 404 3110 ut
428 3047 587 3110 rationem
611 3051 723 3111 tamen
748 3046 864 3111 falsam
888 3047 1049 3123 redderet,
1079 3047 1107 3110 si
1130 3047 1158 3109 is
1182 3047 1325 3110 intestato

166 3156 267 3215 unum
293 3160 379 3229 esset,
415 3172 513 3234 quam
543 3153 728 3217 necessarie
759 3154 833 3230 sint,
869 3174 968 3235 quam
997 3173 1062 3218 non
1091 3172 1214 3229 eorum,
1250 3172 1323 3234 quae
1338 3167 1378 3206 ³⁴⁹

164 3258 323 3333 uenerunt,
347 3260 575 3341 repetitionem
598 3260 754 3325 habeant.
800 3260 917 3342 Agitur·
940 3262 1027 3324 eninr
1051 3260 1092 3323 de
1115 3264 1323 3334 testamento,

163 3375 204 3438 tto
225 3367 289 3446 quis
324 3385 360 3430 se
388 3366 543 3430 heredem
579 3367 622 3430 ab
657 3367 766 3447 aliquo
801 3367 959 3448 scripturn
994 3366 1082 3430 dicat
1117 3372 1150 3431 et
1183 3368 1323 3449 probare

162 3474 268 3549 meur,
295 3491 398 3554 quum
422 3472 455 3536 id
479 3477 592 3537 tamen
615 3471 760 3554 proferre
784 3493 849 3537 non
874 3481 973 3555 queat
996 3471 1106 3553 (115);
1134 3477 1205 3538 tum
1228 3493 1323 3554 supe-

122 3596 125 3601 ·
157 3574 247 3642 n'orum
269 3579 375 3643 edicto
398 3580 445 3643 ita
468 3578 630 3643 bonorum
653 3579 815 3661 possessio
839 3579 981 3643 dabatur
1010 3599 1047 3642 ae
1077 3581 1103 3643 si
1134 3598 1208 3642 eurn
1240 3581 1323 3642 inte-

115 3676 118 3721 ἶ
153 3684 216 3748 stato
235 3690 399 3751 mortuum
424 3690 605 3762 constaret;
630 3687 746 3750 Verres
762 3685 890 3749 Minucii
908 3686 1067 3749 bonorum
1085 3686 1321 3766 possessionem

148 3794 298 3874 nongenti
320 3792 472 3857 Minucia
495 3796 653 3874 tanquam
683 3793 725 3856 ab
749 3792 913 3867 intestato
949 3792 1006 3855 sed
1039 3811 1123 3855 novo
1155 3790 1260 3853 edicto
1284 3789 1323 3859 ei,

143 3896 187 3975 qui
207 3901 437 3963 testamentum
461 3901 585 3964 factum
609 3899 740 3963 dicebat
757 3917 817 3961 nec
835 3898 1033 3979 proferebat,
1059 3896 1158 3961 dedit.
1194 3896 1322 3959 Asconii

138 4006 245 4080 autem,
279 4004 334 4087 qui
363 4007 563 4081 nominatur,
599 4006 784 4081 auctoritas,
821 4024 919 4085 quani
949 4005 1155 4068 Hotomanus
1180 4002 1323 4069 adhibet.

132 4106 290 4192 Zumptius
313 4112 441 4193 spernit
475 4110 643 4193 (quoniam
673 4111 813 4193 pertinet
845 4111 960 4186 adea,
997 4130 1070 4192 quae
1094 4109 1160 4172 dixi
1184 4112 1260 4172 ante
1284 4109 1324 4171 de

130 4215 336 4299 interpretum
361 4221 395 4281 et
422 4219 710 4299 grammaticorum
741 4217 917 4298 scripturis,
954 4217 995 4280 de
1030 4236 1069 4279 ea
1103 4235 1138 4279 re
1173 4213 1323 4297 moneri),

127 4327 210 4389 esset
231 4343 310 4388 sane
335 4323 455 4406 gravis,
479 4324 504 4387 si
530 4343 642 4387 verum
668 4328 764 4399 esset,
790 4344 863 4387 eum
889 4325 990 4387 verba
1014 4323 1067 4386 illa
1085 4324 1116 4385 in
1138 4342 1197 4385 suo
1214 4322 1324 4386 codice

122 4449 185 4496 non
219 4429 376 4495 habuisse
414 4437 447 4494 et
480 4449 539 4511 pro
575 4431 842 4511 interpretatione
878 4429 1105 4511 adscripsisse;
1147 4429 1205 4492 sed
1241 4428 1323 4492 salso
