2948 5206
653 318 718 383 509

115 516 234 595 dumos,
257 514 323 577 nisi
339 512 465 597 publice
488 511 632 576 adscitos.
679 513 836 577 Privatim
859 514 991 594 colunto,
1015 534 1090 598 quos
1106 516 1204 579 ritca
1221 536 1283 599 pa·

115 622 186 685 tritu
208 618 327 701 [cultos
350 613 597 701 acceperint].¹)
644 619 788 682 Delubra
810 618 953 683 labereta.

177 726 269 804 Quod
292 725 327 789 in
349 724 514 789 codicibus
543 744 629 789 veroe
658 725 827 808 scripturae
857 727 1039 808 proximum
1071 732 1129 803 est,
1164 730 1283 792 veteris

115 833 197 897 mendi
219 831 395 896 manifesta
418 832 631 909 conservatio
657 832 689 896 id
712 832 774 896 hoc
797 831 868 896 loco
891 836 1027 914 uterque
1051 833 1153 897 habet
1170 834 1282 909 codex,

115 943 201 1003 annua
226 937 347 1002 librol
376 957 403 1001 c.
430 937 481 1013 ll,
517 938 557 1000 31
594 937 683 1003 solus
718 938 932 1016 Hauniensis;
968 958 1065 1021 quem
1101 940 1209 1004 locum
1245 960 1283 1006 eu

115 1046 191 1127 naus
224 1063 455 1119 commemoro,
490 1044 578 1125 quod
612 1044 727 1108 eadem
763 1044 832 1109 eius
859 1047 942 1110 ratio
971 1051 1021 1110 est
1049 1050 1148 1126 atque
1176 1047 1282 1113 huius.

115 1170 186 1233 quem
217 1169 322 1233 nuper
355 1150 494 1214 tractavi
529 1153 628 1232 atque
662 1150 814 1215 lacunam
849 1151 972 1216 habere
1007 1152 1145 1216 ostendi.
1198 1153 1281 1218 liam

116 1276 190 1339 qiurn
212 1277 251 1322 ex
278 1258 425 1322 omnium
461 1256 608 1321 codicum
645 1257 786 1338 vestigiis
821 1257 915 1322 facile
950 1258 1156 1340 intelligatur,
1192 1259 1283 1324 Cice·

119 1380 204 1427 mrem
225 1383 291 1429 non
314 1362 348 1427 id
372 1364 550 1445 scripsisse,
575 1362 663 1444 quod
685 1382 782 1440 nrrnc,
806 1363 997 1445 planissima
1014 1384 1093 1429 sane
1111 1365 1282 1431 sententia.

118 1467 209 1534 editur:
235 1471 360 1533 leuitate
387 1471 470 1533 enim
494 1476 522 1533 et
544 1471 700 1533 suauitate
723 1470 880 1533 delectans
902 1471 947 1534 sic
970 1470 1010 1534 ab
1033 1491 1140 1535 errore
1161 1474 1283 1549 mentia,

118 1581 234 1660 uquam
258 1577 401 1641 salama
423 1574 557 1660 aliquid,
581 1573 762 1653 adscicitur,
786 1579 909 1653 tamen,
933 1577 1021 1660 quod
1049 1596 1151 1658 genus
1175 1579 1284 1643 mendi

119 1678 200 1759 litent,
222 1703 304 1749 unus
329 1683 534 1747 demonstrat
557 1682 660 1747 codex
683 1682 891 1761 HauniensiS,
915 1684 978 1748 hac
1003 1684 1181 1765 scriptura:
1210 1686 1283 1749 leui·

117 1789 172 1851 totis
189 1798 226 1854 at
248 1792 331 1854 enim
355 1797 383 1854 et
404 1791 572 1853 suomtatis
597 1838 837 1853 ........
861 1787 993 1872 (lacuna
1016 1791 1066 1853 est
1088 1790 1186 1854 trium
1211 1811 1283 1856 ver·

120 1889 218 1976 borum)
240 1896 398 1960 delectans
420 1898 465 1960 sic
488 1899 549 1960 cet.
590 1894 766 1972 GenitivoS,
791 1895 844 1976 qui
868 1896 1059 1977 pendebant
1074 1916 1094 1960 a
1112 1897 1283 1963 vocabulo.

119 2000 182 2078 quod
201 2003 325 2077 excidit,
350 2002 449 2067 ceteri
473 2003 571 2067 etiam
602 2001 729 2066 codices
758 2007 945 2077 servarunt;
980 2004 1106 2068 lacunae
1129 1994 1283 2068 indicium

119 2108 297 2174 abtulerunt.
355 2109 489 2174 Frustra
522 2109 629 2191 igitur,
665 2128 765 2190 quum
800 2128 877 2190 pars
912 2111 1082 2174 sententiae
1117 2110 1283 2185 exciderit,

119 2208 226 2279 editores
260 2235 300 2280 ex
334 2216 388 2292 iia,
424 2235 498 2297 quae
532 2219 723 2297 supersunt,
758 2216 874 2298 integri
909 2216 1031 2298 aliquid
1066 2215 1194 2280 efficere
1229 2237 1283 2282 co·

119 2322 218 2385 umtur.

182 2426 239 2492 Sed
273 2428 345 2493 haec
379 2428 411 2492 in
446 2429 524 2493 locis
558 2427 687 2492 defectu
722 2427 959 2492 laborantibus.
1005 2428 1190 2511 Adiungam
1219 2429 1284 2493 alia

119 2533 235 2614 exempla
259 2554 299 2599 ex
323 2535 452 2600 diversa
475 2535 646 2617 scriptura.
683 2534 798 2597 Libui
822 2554 849 2597 c.
874 2534 924 2610 13,
950 2535 992 2599 36
1016 2535 1137 2599 editur:
1170 2535 1282 2599 Vnam

115 2630 339 2723 pbilosophorum
369 2662 464 2721 neore,
499 2662 562 2704 riou
591 2647 728 2703 ueterum
759 2640 884 2725 quidem
916 2642 1054 2722 illoram,
1089 2642 1144 2705 sed
1167 2662 1283 2722 aarum,

118 2742 157 2820 lli
173 2749 256 2829 quaet
282 2747 430 2830 officinas
457 2749 675 2812 certauerant
703 2749 877 2831 cupientia,
912 2769 982 2833 qua
1010 2749 1084 2830 fresa
1115 2749 1189 2812 clim
1220 2747 1284 2811 dis·

117 2850 280 2923 maaser
304 2855 469 2935 aelthere,
505 2875 542 2917 eu
572 2876 655 2918 traete
679 2855 875 2918 ecdiculatim
898 2853 1101 2938 distincteque
1124 2852 1283 2918 dicuutur.
1300 2872 1337 2910 1³⁷

118 2946 201 3023 (icero
222 2961 284 3037 hic,
320 2966 358 3027 ut
380 2963 468 3038 alibi,
504 2980 578 3025 cum
611 2963 757 3025 veterum
786 2960 1064 3042 philosophorum,
1099 2961 1133 3025 id
1157 2965 1215 3037 est,
1251 2965 1284 3025 et

117 3066 289 3141 apertorum
314 3073 346 3132 et
369 3068 513 3136 Platonis
538 3067 679 3131 maxime
711 3071 744 3131 et
775 3066 829 3147 qui
862 3066 946 3131 circa
976 3067 1066 3132 illum
1091 3072 1193 3146 erant,
1230 3087 1283 3132 ra·

119 3161 183 3234 lione
203 3179 371 3257 comparat
395 3194 517 3249 eorum,
542 3174 598 3255 qui
614 3179 727 3255 postea
744 3174 777 3237 in
792 3174 911 3238 scholis
927 3193 1192 3256 unumquemque
1209 3175 1284 3239 doc·

115 3270 184 3342 binae
203 3282 309 3345 locum
333 3280 592 3364 argumentando
617 3281 863 3361 rationibusque
887 3280 1116 3345 concludendis
1140 3300 1282 3363 expone·

115 3368 181 3461 bani,
202 3388 299 3468 idque
322 3389 368 3452 ita
392 3388 478 3465 facit,
503 3390 549 3463 ut,
574 3406 760 3469 quanquam
787 3388 846 3451 bos
871 3387 939 3451 fere
956 3388 1042 3452 solos
1060 3389 1093 3451 in
1111 3387 1283 3452 scribendo

115 3496 168 3555 lere
187 3495 384 3576 sequebatur
407 3499 441 3559 et
462 3495 554 3575 sequi
578 3494 764 3576 cogebatur,
795 3494 883 3575 quod
906 3494 1031 3558 flumini
1053 3493 1097 3558 illi
1120 3492 1283 3575 profundo

115 3585 261 3665 Platonica
290 3600 510 3666 meditationis
539 3605 597 3665 aut
624 3599 819 3664 Aristotelia
855 3600 1004 3682 exiguam
1040 3603 1072 3663 et
1105 3599 1281 3663 invalidam

115 3705 238 3784 umbem
273 3708 476 3773 committere
511 3727 575 3771 non
611 3707 769 3781 audebat,
804 3706 875 3770 illos
910 3711 1036 3782 tamen,
1071 3709 1109 3769 ut
1142 3724 1281 3786 semper.

115 3812 188 3878 'erbo
215 3818 311 3878 tenus
341 3814 503 3896 praeierat.
524 3816 558 3877 et
586 3813 729 3889 extollat,
765 3814 924 3878 hactenus
953 3813 1084 3894 quidem
1113 3813 1213 3875 etiam
1242 3831 1282 3889 ex

115 3919 184 3984 nimi
208 3922 380 3997 sententia,
405 3921 493 4001 quod
516 3923 548 3984 et
571 3920 710 3984 obscura
735 3920 878 4001 quadam
903 3919 1115 4001 cogitatorum
1138 3919 1282 3982 admira·

118 4206 210 4272 >Hoc
230 4210 281 4270 est,
308 4205 338 4257 in
361 4203 460 4271 quibus
484 4203 603 4255 colendis
628 4202 678 4271 ipsi
703 4206 794 4269 patres
820 4202 871 4270 legi
895 4201 1043 4270 paruerint,
1071 4207 1101 4255 ut
1125 4207 1167 4255 est
1191 4202 1219 4254 in
1238 4217 1281 4255 ex·

148 4293 302 4366 plicatione
320 4292 394 4361 legis.
432 4291 589 4359 Seiungitur
612 4308 628 4343 a
647 4295 772 4359 separato
796 4291 872 4344 cultu
896 4291 1018 4359 privatus
1040 4288 1207 4342 familiarum
1226 4289 1281 4342 cul·

148 4390 198 4438 tus
222 4398 240 4436 a
263 4381 413 4435 maioribus
436 4386 571 4448 acceptus,
616 4380 648 4433 ln
676 4379 868 4448 supplemento
896 4379 963 4432 nibil
991 4383 1088 4447 praeter
1115 4378 1281 4431 sententiam

146 4477 262 4544 prato.
