2948 5206
713 315 830 380 99·

131 513 165 572 et
188 508 335 574 debebat
357 528 430 575 esse
455 511 491 573 in
512 509 579 588 boc,
609 513 643 574 et
665 511 780 574 evertit
802 509 899 592 plane
923 508 1334 591 hancinterpretationem

134 614 224 680 locus
246 616 397 699 geminus
420 617 454 681 in
477 619 561 682 orat.
585 636 645 698 pro
668 616 795 682 Cluent.
819 616 872 693 24,
902 615 955 692 65,
991 614 1047 679 ubi
1077 615 1189 680 Cicero
1217 613 1334 679 adver·

138 723 238 788 sarius
266 721 458 804 alloquitur:
494 722 618 786 Audcte
646 743 777 808 negare,
806 721 846 786 ab
878 721 1052 807 Oppianico
1080 720 1208 786 Staieno
1235 719 1336 784 iudici

140 830 301 911 manium
323 828 456 918 datum
483 835 604 915 negate,
632 831 773 915 inquom,
802 830 838 893 in
861 848 893 892 ao
917 829 990 893 laco.
1036 827 1146 910 Atque
1168 828 1214 892 ibi
1238 828 1335 892 Lam·

147 936 235 1000 binus
256 937 292 999 in
312 937 374 1000 isto
402 935 596 1019 corrigebat.
641 935 797 1018 Apparet,
832 934 920 1000 idem
952 938 1091 1018 utroque
1119 935 1190 1001 loco
1218 934 1336 1000 adver·

149 1043 232 1107 sartis
253 1041 295 1107 ab
319 1047 450 1109 oratore
474 1042 617 1109 concedi.
663 1041 700 1107 ld
721 1061 788 1108 non
810 1045 891 1120 erat,
926 1061 968 1107 ne
999 1044 1241 1124 consurgerent,
1275 1037 1337 1106 sed

152 1151 184 1212 ut
200 1153 329 1231 possent
351 1151 485 1216 omnino
508 1148 716 1232 interpellare
739 1151 773 1213 et
795 1168 834 1245 eo
857 1152 1016 1232 tempore,
1051 1148 1140 1231 quod
1169 1148 1199 1213 ei
1223 1147 1337 1213 datum

156 1258 223 1332 erat,
254 1256 377 1339 aliquid
404 1256 524 1333 dicere,
557 1274 624 1319 non
653 1259 842 1338 exspectato
865 1257 929 1322 alio
952 1256 1080 1322 dicendi
1103 1256 1185 1334 loco,
1220 1254 1336 1331 idest,

158 1364 300 1444 tempore;
334 1363 382 1427 sic
417 1362 504 1427 enim
538 1362 735 1427 vocabulum
767 1363 801 1427 in
834 1363 896 1428 hac
929 1382 966 1427 re
993 1362 1112 1427 dicitur
1142 1360 1336 1447 (portem,

158 1469 248 1552 priore
272 1470 337 1533 loco
367 1469 471 1533 dicere
498 1488 559 1550 pro
586 1467 696 1547 Quint.
721 1469 751 1546 9,
783 1468 842 1545 333
876 1470 929 1547 22,
960 1467 1026 1551 71).
1077 1468 1213 1550 Scripsit
1241 1467 1338 1550 igitur

162 1594 213 1638 aa
231 1575 300 1652 loco,
324 1575 359 1641 id
382 1579 441 1651 est,
470 1594 566 1652 nunc,
597 1576 658 1640 etsi
680 1594 774 1639 meus
797 1577 848 1639 est
870 1575 999 1640 dicendi
1021 1576 1121 1653 locus,
1151 1593 1217 1657 quo
1239 1573 1338 1639 modo

164 1679 326 1763 frequenter
348 1681 453 1747 Graeci
482 1685 643 1747 oratores:
673 1687 733 1756 atys
751 1687 782 1740 tr
799 1691 836 1754 τῷ
854 1686 912 1757 epp
931 1682 1016 1760 tam»,
1046 1679 1225 1763 [interdum
1250 1686 1280 1739 o
1303 1691 1339 1758 τῷ

165 1791 208 1863 pp
225 1791 308 1866 clyp:
343 1789 401 1853 ctr.
425 1787 546 1871 Meyeri
575 1792 608 1852 et
631 1787 841 1853 Schoemanui
863 1786 1029 1853 Attischer
1051 1788 1187 1853 Process
1215 1807 1248 1869 p.
1273 1785 1336 1850 717

166 1912 189 1957 ¹1·
206 1889 300 1976 4411)

233 2000 342 2078 (132,
366 1999 420 2065 90.
468 1999 541 2064 Non
564 2021 683 2066 mesae
710 2009 754 2066 cat
780 2022 885 2066 omnes
913 2021 1164 2082 commemorare,
1202 1999 1337 2082 Curtios,
1352 2019 1392 2060 m

167 2104 275 2189 acan,
297 2106 432 2193 denique
454 2107 476 2187 †
499 2105 682 2189 Mammeos,
706 2129 781 2194 quaa
803 2110 870 2173 iam
894 2116 971 2173 oetoa
994 2129 1016 2172 a
1032 2109 1160 2192 preliis
1177 2106 1337 2190 avocabat,

162 2220 293 2294 parm
315 2212 485 2278 hiumam
509 2214 612 2297 aprum
636 2211 768 2296 [cenam]
792 2215 966 2280 Antiatium
984 2219 1045 2280 cet.
1080 2214 1177 2280 Nulla
1194 2234 1338 2280 comme·

166 2324 289 2384 noratur
318 2319 468 2385 codicum
499 2321 532 2384 in
559 2319 718 2386 vocabulo
741 2330 845 2385 cenem
867 2321 1100 2405 discrepantia;
1135 2340 1197 2386 nec
1226 2323 1339 2386 tamen

167 2423 246 2491 ullum
267 2427 336 2491 tere
357 2425 504 2508 apertius
527 2426 787 2492 additamentum
811 2432 870 2493 est.
906 2427 1014 2507 Quum
1038 2427 1221 2510 superiores
1243 2447 1338 2493 senes

166 2533 355 2613 significasset
377 2533 439 2599 illis
463 2532 572 2598 verbis
595 2553 671 2619 quoa
692 2535 759 2597 iam
783 2541 860 2599 atos
884 2557 904 2598 a
916 2535 1042 2618 pretiis
1061 2534 1220 2612 avocabat,
1245 2534 1339 2599 Anti·

166 2639 252 2717 stium,
286 2643 322 2704 ut
352 2640 448 2722 longe
478 2641 572 2707 annis
603 2642 851 2706 antecedentem
881 2641 1091 2723 signiticaret,
1128 2661 1229 2722 quum
1262 2661 1339 2704 usus

166 2750 234 2810 esset
253 2766 348 2811 versu
372 2746 416 2811 ad
439 2746 599 2811 Troianas
622 2767 675 2812 res
698 2752 877 2830 spectante,
906 2749 1071 2813 Priamum
1101 2749 1186 2812 inter
1214 2752 1342 2812 ceteros

165 2870 240 2936 senes
262 2853 422 2918 Troianos
451 2853 537 2917 iecit.
583 2854 652 2918 Iam
686 2855 782 2920 huius
817 2855 1068 2937 comparationis
1103 2853 1151 2918 vis
1186 2858 1219 2918 et
1250 2854 1340 2936 lepos
1386 2884 1388 2890 ·

165 2957 242 3037 plane
264 2960 429 3037 evertitur,
456 2980 556 3041 quum
580 2962 711 3042 proprio
734 2962 894 3028 vocabulo
917 2981 1018 3027 senex
1041 2960 1240 3044 appellatum
1269 2963 1339 3024 tum

165 3062 212 3128 hoc
232 3066 335 3148 ipsum
360 3066 557 3130 vocabulum
587 3070 685 3132 tenue
716 3072 765 3132 est
794 3068 828 3132 in
858 3069 990 3133 homine
1022 3087 1160 3132 summae
1191 3066 1341 3132 aetatisa

165 3173 260 3238 ceteris
283 3173 521 3254 distinguendo,
550 3193 610 3238 nec
638 3179 726 3239 recte
755 3195 818 3240 vox
839 3197 932 3240 senex
954 3175 1085 3239 Antistii
1109 3174 1232 3238 nomini
1255 3192 1340 3255 prae·

164 3279 290 3356 punitum
325 3281 353 3344 si
388 3283 500 3344 autem
534 3279 701 3345 Priamum
736 3283 838 3365 tyrsum
865 3303 968 3346 aenam
997 3281 1231 3362 coniungimus,
1268 3299 1340 3361 quae

165 3384 220 3449 hac
240 3391 288 3451 est
309 3386 395 3452 ratio
419 3386 556 3463 dicendi,
581 3388 673 3468 quasi
697 3407 762 3452 non
785 3388 991 3469 intelligatur,
1022 3386 1077 3468 qui
1102 3386 1253 3455 naama
1276 3387 1341 3468 ipse

189 3681 206 3749 ¹)
221 3684 292 3753 [an
310 3687 468 3741 emendatio
486 3687 610 3741 celeriter
628 3688 731 3756 optima
755 3688 917 3740 auctoritate
940 3687 1102 3740 confirmata
1125 3691 1173 3739 est.
1211 3685 1279 3738 Nam
1303 3685 1341 3737 Io·

222 3792 302 3830 annes
314 3777 479 3839 Classenius,
499 3775 545 3844 qui
558 3776 710 3830 orationem
728 3793 777 3845 pro
791 3776 915 3830 Cluentio
935 3775 1064 3828 adhibitis
1079 3775 1189 3844 optimis
1204 3772 1342 3827 codicibus

223 3864 309 3924 edidit,
333 3865 361 3918 in
381 3865 427 3918 illo
446 3865 506 3918 loco
525 3881 580 3918 non
599 3865 688 3918 solum
707 3865 735 3918 in
754 3865 848 3918 multis
872 3864 932 3918 aliis
950 3864 1097 3928 codicibus,
1121 3865 1168 3918 sed
1188 3864 1215 3916 in
1235 3863 1342 3916 duobus

223 3955 340 4008 omniurn
359 3954 414 4008 tide
432 3953 597 4022 dignissimis
615 3953 682 4006 illud
701 3970 757 4007 mco
775 3953 887 4017 invenit,
907 3953 963 4016 sed,
987 3969 1042 4021 quo
1060 3958 1202 4021 spectaret,
1230 3968 1284 4006 non
1304 3951 1342 4004 in·

223 4043 329 4097 teltexit.
367 4043 444 4096 idem
464 4041 618 4094 Classenius
638 4042 806 4095 Cluentianae
825 4042 907 4105 locos,
933 4041 979 4110 qui
998 4047 1062 4095 suut
1081 4059 1103 4095 c.
1122 4040 1165 4104 22,
1190 4040 1232 4103 59,
1258 4057 1279 4093 c.
1299 4038 1342 4103 26,

225 4130 262 4195 72,
280 4150 302 4188 c
314 4131 359 4195 27,
373 4130 416 4196 ld,
435 4148 458 4184 c
477 4129 521 4194 32,
534 4129 577 4194 87,
597 4146 618 4184 c.
637 4129 680 4194 34,
700 4129 743 4193 92,
762 4147 784 4183 c.
800 4130 842 4194 65,
863 4130 922 4193 183,
942 4147 1037 4185 omnes
1050 4130 1147 4184 eodem
1160 4129 1283 4182 modain
1297 4145 1342 4197 op·

225 4220 291 4275 timis
309 4220 450 4275 codicibus
470 4220 584 4288 scriptos
603 4220 729 4288 repperit,
753 4220 987 4287 quemadmodum
1011 4236 1060 4287 ego
1084 4222 1165 4272 antea
1188 4216 1220 4283 (c.
1240 4217 1283 4282 34,
1308 4216 1342 4269 92

226 4309 384 4364 inSeabodii
398 4308 533 4362 tabulario
551 4308 653 4376 philol,
672 4313 777 4361 ceteros
795 4308 824 4361 in
843 4309 992 4377 appendice
1011 4307 1201 4376 disputationis
1215 4308 1249 4359 de
1262 4307 1342 4360 Asca

226 4398 277 4463 uio)
303 4398 462 4452 scribendos
491 4398 626 4456 dixeram;
660 4397 733 4466 quod
763 4414 817 4451 non
846 4413 1104 4460 commemorarem,
1133 4396 1184 4449 nisi
1212 4396 1342 4459 viderem,

227 4501 302 4553 quam
320 4487 449 4556 imperite
468 4486 592 4540 nonnulli
611 4485 767 4539 certissimis
791 4486 942 4539 rationibus
966 4486 993 4538 in
1017 4484 1173 4539 huiusmodi
1199 4485 1280 4537 rebus
1304 4500 1343 4537 re-

226 4581 379 4643 pugnarent.
418 4575 458 4628 Ex
477 4592 565 4644 progr.
585 4592 609 4628 a.
630 4572 719 4641 1831]

1100 4661 1130 4713 '2⁸0
