2948 5206
717 295 782 361 459

168 487 200 552 iis
221 488 426 567 proferendis,
460 490 605 555 luctante
633 491 753 567 animo,
788 494 825 555 ut
847 491 963 555 saltem
988 490 1110 572 aliquid
1134 510 1153 555 a
1176 489 1348 572 simplicis-

172 592 245 657 sima
264 594 384 660 ratione
412 596 532 660 diversi
561 596 768 678 significaret,
791 598 1021 662 cumulabatur
1051 597 1199 672 elocutio,
1224 596 1349 661 adscito

89 714 94 773 f
176 717 249 780 saepe
268 701 319 766 tali
341 702 451 784 aliquo
474 703 646 779 element0,
670 703 704 767 in
726 723 791 785 quo
814 704 893 768 nihil
917 707 1004 769 esset
1026 703 1147 785 proprii
1164 703 1207 767 ad
1223 706 1348 767 certum
1362 719 1390 759 τι

89 780 95 809 ¹
178 808 307 888 temporis
328 827 432 891 genus
454 809 719 891 significandum
754 829 794 875 ex
817 830 892 892 quo,
921 811 983 874 hoc
1013 810 1173 873 elemento
1197 829 1271 873 cum
1294 828 1349 873 ra·
1468 810 1472 817 ’

181 910 238 976 dice
256 916 428 992 coniuncto,
452 915 643 981 oriebantur
666 917 791 994 formae,
824 936 898 998 quae
926 937 993 981 non
1015 920 1084 981 tam
1108 919 1198 979 certa
1220 919 1349 997 tempo-

182 1035 238 1083 mn
256 1019 435 1086 discrimina
457 1020 639 1087 indicarent
666 1043 766 1105 quam
797 1024 840 1088 ad
871 1024 904 1088 id
936 1023 1079 1105 aliquam
1109 1022 1271 1087 haberent
1299 1022 1349 1085 in·

182 1122 374 1203 cinationem
408 1146 522 1209 eaeque
546 1128 664 1193 deinde
686 1148 748 1193 usu
772 1133 805 1193 et
827 1130 925 1211 quod,
961 1149 1062 1211 quum
1092 1130 1201 1210 plures
1229 1132 1348 1206 essent,

183 1227 237 1294 aliae
256 1233 292 1296 ab
313 1233 384 1298 aliis
407 1234 662 1299 secemebantur
685 1254 835 1317 novaque
851 1236 1054 1301 accedebant
1069 1235 1231 1300 elementa
1247 1232 1350 1318 (velut

183 1333 327 1404 inaodsto
350 1344 574 1423 augmentum,
598 1341 632 1405 in
655 1343 844 1423 Latinorum
867 1343 1023 1425 perfecto,
1048 1342 1135 1424 quod
1158 1343 1192 1406 in
1207 1343 1236 1406 si
1253 1341 1349 1419 cadit,

183 1441 397 1511 taminationes
431 1448 511 1512 certi
540 1448 669 1530 generis
702 1448 746 1512 ad
779 1469 938 1531 personas
972 1454 1004 1514 et
1039 1467 1193 1513 numeros
1228 1446 1350 1530 signifi·

184 1548 298 1633 candos),
321 1556 420 1618 eertae
442 1552 567 1618 fiebant
596 1559 782 1637 temporum
810 1559 907 1620 notae.
954 1556 1050 1620 Velut
1077 1555 1110 1619 id
1139 1554 1349 1630 elementum,

184 1656 249 1733 quod
267 1678 348 1725 nunc
370 1660 441 1725 sola
464 1660 572 1725 littera
594 1665 756 1726 sconstat
780 1660 931 1743 (verbum
952 1662 1194 1726 substantivum
1216 1660 1250 1724 id
1266 1680 1348 1737 esse,

183 1755 233 1824 ian
251 1765 298 1829 alii
319 1765 494 1848 viderunt),
530 1767 719 1832 adiunctum
755 1768 798 1832 ad
832 1769 975 1833 radicem
1005 1767 1169 1833 efficiebat
1199 1767 1350 1845 formam,

184 1882 239 1944 que
256 1871 515 1954 significationem
539 1873 676 1939 haberet
700 1874 843 1956 aliquam
867 1875 1003 1939 actionis
1026 1873 1187 1938 distinctae
1211 1873 1254 1937 ab
1279 1873 1350 1938 aliis

185 1972 209 2033 el
225 1975 259 2039 ad
277 1983 399 2044 certum
423 1983 456 2044 et
478 2000 580 2044 unum
604 1988 807 2045 momentum
832 1982 954 2058 relatae,
979 1980 1066 2062 quod
1089 1999 1155 2044 non
1176 1979 1223 2058 fit,
1248 1999 1349 2061 quum

184 2077 283 2155 animus
302 2085 335 2149 in
358 2086 570 2168 praesentium
593 2088 867 2168 contemplatione
882 2087 1001 2163 haeret3
1025 2106 1138 2150 verum
1156 2087 1227 2150 haec
1243 2086 1350 2151 forma

184 2181 407 2275 sinuatoque
429 2213 490 2257 nec
514 2193 613 2257 luturi
636 2212 697 2256 nec
719 2193 875 2275 praeteriti
893 2197 973 2271 erat,
998 2196 1031 2257 et
1046 2196 1222 2275 utrumque
1238 2197 1350 2257 tamen

184 2302 214 2351 ⁸¹
231 2311 262 2359 ca
280 2299 366 2381 apud
390 2298 520 2364 Graecos
544 2301 652 2363 ortum
677 2302 736 2364 est.
782 2299 975 2364 Planissime
1003 2302 1074 2364 tota
1102 2300 1173 2363 baec
1201 2319 1254 2364 res
1278 2319 1350 2380 per-

184 2395 288 2474 illicitur
307 2405 340 2469 in
363 2404 481 2488 linguis
504 2404 613 2487 stirpis
637 2405 809 2483 Semiticae,
834 2406 922 2487 quod
945 2425 994 2470 eae
1017 2406 1050 2470 in
1072 2406 1134 2470 illis
1158 2406 1350 2470 rudimentis

184 2494 331 2576 formarum
359 2512 590 2593 temporalium
626 2514 853 2590 substiterunt,
888 2532 994 2594 neque
1031 2531 1070 2575 ex
1106 2513 1212 2578 forma
1246 2513 1350 2596 magis

182 2618 306 2689 eXaressa
330 2621 363 2682 et
387 2619 575 2684 accessione
599 2619 834 2683 elementorum
858 2621 955 2683 aucta
979 2618 1114 2682 ulterius
1138 2620 1181 2684 ad
1199 2619 1352 2684 distincta

180 2707 301 2801 tempura
334 2744 516 2807 progressae
551 2728 637 2788 sunt.
684 2724 855 2805 (Futurum
891 2725 968 2789 olim
1003 2725 1230 2806 appellabant;
1265 2745 1352 2790 nunc

176 2827 289 2926 auant,
322 2836 359 2896 ut
390 2835 505 2914 aptum
536 2851 656 2895 nomen
688 2850 728 2895 cx
755 2851 827 2897 una.
851 2832 959 2914 aliqua
983 2835 1073 2896 certa
1097 2834 1228 2897 notione
1252 2835 1281 2897 ei
1305 2834 1351 2897 rci

173 2932 328 3035 avertant,
359 2959 432 3021 quae
456 2941 525 3002 tota
549 2941 599 3002 est
621 2938 654 3001 in
678 2938 800 3002 incerto
824 2942 942 3002 conatu
965 2938 1097 3021 posita.)
1144 2939 1209 3004 Sed
1232 2940 1265 3004 in
1289 2940 1352 3003 La·

171 3022 233 3103 lma
251 3042 354 3127 lingua
377 3045 471 3110 aliter
495 3045 612 3109 cecidit
635 3047 734 3125 atque
757 3046 790 3108 in
814 3044 944 3119 Graeca;
979 3066 1057 3110 nam
1086 3065 1188 3128 quum
1218 3049 1250 3110 et
1272 3046 1352 3128 foro

165 3143 254 3225 esset,
274 3151 306 3216 id
329 3157 379 3217 est
398 3155 499 3228 πράξω,
525 3156 558 3215 et
580 3152 703 3234 scripsi,
732 3150 766 3214 id
789 3154 839 3214 est
862 3160 981 3228 ἔγραψα,
1011 3155 1123 3216 tamen
1147 3172 1253 3234 neque
1276 3173 1351 3235 per·

89 3238 94 3273 '
160 3228 275 3321 seelum
297 3258 329 3322 in
353 3259 505 3323 omnibus
530 3257 638 3322 verbis
653 3258 699 3321 sic
715 3261 766 3322 est
782 3277 820 3321 ex
837 3258 947 3322 radice
962 3259 1149 3337 deductum,
1174 3259 1232 3323 sed
1251 3279 1351 3340 quum

153 3352 246 3450 ,esset
265 3365 345 3430 alter
368 3369 530 3447 praeterea
553 3368 689 3429 conatus
718 3363 874 3446 praeteriti
902 3366 1059 3447 temporis
1083 3366 1295 3448 significandi,
1325 3368 1352 3430 is

150 3458 182 3511 ’Π
230 3470 291 3537 aliis
326 3472 434 3537 verbis
469 3472 514 3536 ita
549 3475 599 3535 est
626 3471 780 3549 adscitus,
816 3474 851 3535 ut
875 3471 907 3535 in
930 3472 1040 3553 lingua
1074 3472 1140 3535 iarn
1177 3473 1352 3537 const'tuta

146 3555 293 3659 ut1⁴aque
316 3579 422 3644 forma
446 3578 534 3642 idem
558 3577 682 3642 valeret
705 3578 752 3659 (in
780 3598 844 3660 quo
868 3577 1047 3642 formarum
1077 3579 1255 3642 certamine
1278 3598 1352 3658 quae
1401 3589 1415 3613 ·

141 3650 275 3749 suefinq
296 3705 470 3751 causarum
498 3687 676 3762 momenta,
706 3684 784 3765 'quid
812 3685 911 3766 prius,
941 3684 1018 3767 quid
1042 3687 1156 3766 postea
1188 3684 1350 3761 acciderit,

136 3776 246 3864 ΨΜ
271 3792 391 3858 fmstra
418 3790 618 3875 quaerimus),
653 3810 759 3871 neque
795 3791 950 3870 futurum,
986 3791 1074 3872 quod
1106 3791 1140 3855 in
1168 3812 1201 3855 so
1230 3789 1350 3867 exibat,
1366 3811 1392 3852 rs

134 3880 284 3976 11¹(insit,
312 3901 474 3980 cessitque
498 3900 606 3981 potius
629 3898 761 3961 omnino
784 3897 855 3960 aliis
879 3898 990 3963 formis
1016 3898 1153 3963 fortasse
1177 3897 1221 3962 ob
1245 3897 1350 3979 ipsam

132 3988 237 4065 “¹¹11
255 4008 408 4087 praeteriti
431 4007 522 4089 signo
546 4004 787 4087 copulationem
811 4009 843 4068 et
867 4006 1125 4090 ambiguitatem.
1172 4006 1220 4067 Ac
1248 4023 1290 4068 ne
1319 4005 1352 4068 id

131 4096 286 4177 quidem
319 4115 404 4191 dico,
438 4114 538 4178 fuisse
574 4110 749 4193 aliquando
785 4110 817 4174 in
845 4112 997 4175 omnibus
1026 4111 1135 4175 verbis
1165 4109 1351 4174 huiusmodi

131 4182 315 4297 futm3
350 4221 454 4285 multo
486 4223 537 4284 est
567 4219 654 4283 enim
685 4217 897 4299 probabilius,
935 4219 1080 4282 iutururn
1109 4219 1142 4282 in
1173 4238 1206 4281 so
1230 4216 1351 4281 cadens

132 4308 321 4408 Proprium
344 4328 446 4393 fuisse
470 4326 644 4391 verborum
669 4325 703 4389 in
727 4328 960 4389 consonantem
984 4325 1181 4400 exeuntium,
1212 4341 1351 4404 quorum

134 4414 180 4469 ¹¹¹
222 4433 320 4499 multis
343 4440 431 4499 esset
459 4437 634 4516 cognatum
663 4430 875 4512 praeteritum,
911 4439 944 4496 et
971 4434 1041 4496 tum
1071 4432 1214 4507 demum,
1250 4448 1351 4511 quum

140 4502 243 4594 suffio
261 4541 439 4623 similiaque
463 4542 528 4605 iam
552 4539 587 4603 in
610 4538 711 4604 alium
735 4556 830 4601 usum
855 4537 1056 4616 inclinarent,
1087 4538 1131 4602 ad
1156 4537 1247 4601 illam
1271 4556 1352 4601 ana·
