2948 5206
728 1755 754 1848 l.

189 1925 257 2016 De
286 1924 330 2018 L.
352 1924 534 2044 Apuleii
561 1925 843 2044 fragmentis
871 1925 929 2016 de
957 1926 1295 2048 orthographia

527 2091 680 2184 nuper
706 2065 956 2167 inventis.¹l
1299 2071 1302 2075 ’

234 2355 431 2478 institutum
455 2415 505 2473 est
526 2427 617 2473 more
640 2406 800 2472 maiorum
825 2386 858 2470 et
879 2406 946 2470 iam
969 2407 1041 2489 ipsa
1063 2416 1226 2478 vetustate
1251 2417 1344 2496 quasi
1359 2427 1455 2472 area

139 2523 306 2591 sanctum,
336 2520 372 2580 ut
400 2513 588 2590 academiae,
618 2513 745 2593 quoties
773 2513 807 2575 in
834 2512 974 2594 publicae
1003 2515 1123 2581 laetitiae
1153 2520 1342 2586 societatem
1357 2499 1447 2556 ΡΜ

142 2626 278 2689 remant
313 2624 478 2703 festosque
516 2625 619 2685 coetus
653 2620 894 2696 concelebrent,
931 2621 963 2683 id
998 2624 1085 2703 quod
1121 2631 1233 2692 nostra
1267 2649 1344 2694 aca-

144 2732 254 2795 demia
284 2731 369 2794 intra
397 2750 519 2811 paucos
553 2729 622 2794 dies
658 2748 787 2791 summo
821 2730 854 2790 et
882 2727 951 2790 iure
980 2732 1013 2792 et
1042 2730 1209 2797 voluntate
1238 2735 1343 2812 faciet,

145 2838 309 2902 studiosos
339 2838 519 2900 litterarum
547 2835 694 2900 homines
723 2833 766 2897 ad
796 2853 852 2897 eos
881 2840 1059 2900 conventus
1090 2838 1344 2919 frequentandos

147 2945 241 3007 editis
271 2942 599 3007 commentationibus
627 2941 773 3005 invitent.
820 2939 967 3017 Quarum
997 2949 1191 3024 argumenta
1219 2948 1273 3027 qui
1302 2949 1344 3012 ad

149 3052 235 3131 ipsas
257 3050 391 3113 laetandi
413 3069 529 3114 causas
552 3046 761 3112 similitudine
778 3047 887 3127 aliqua
905 3052 938 3111 et
955 3052 1198 3129 opportunitate
1215 3073 1345 3118 accom-

149 3157 293 3229 modant,
323 3156 445 3220 iaciunt
468 3175 548 3219 sane
571 3156 744 3236 eleganter,
775 3154 862 3234 quod
887 3155 930 3217 ad
954 3174 1066 3218 earum
1090 3177 1199 3222 rerum
1223 3163 1345 3224 tracta-

150 3266 269 3329 tionem
298 3264 424 3327 animos
454 3267 585 3338 vocant,
621 3262 664 3325 ad
697 3281 779 3342 quas
803 3261 868 3342 ipsi
897 3262 990 3341 proni
1019 3267 1111 3339 sunt;
1147 3266 1205 3329 sed
1236 3273 1345 3330 tamen

150 3391 214 3434 non
242 3376 311 3434 tam
340 3369 419 3433 mihi
447 3370 508 3433 hoc
544 3369 763 3433 necessarium
799 3367 927 3430 videtur
956 3387 1042 3445 esse,
1079 3375 1115 3433 ut
1150 3372 1243 3435 aliter
1276 3373 1346 3437 fieri

150 3477 237 3540 nullo
278 3477 374 3541 modo
414 3475 526 3557 possit.
589 3475 672 3539 Nam
713 3494 814 3555 quum
854 3474 886 3538 id
927 3474 1006 3537 mihi
1045 3475 1097 3538 hic
1137 3497 1208 3542 mos
1248 3479 1346 3559 signi·

151 3584 246 3646 ficare
275 3582 432 3658 videatur,
468 3601 621 3662 magnam
651 3585 684 3645 et
712 3580 876 3662 publicam
907 3581 1062 3657 laetitiam,
1099 3583 1131 3646 in
1160 3585 1346 3649 hominibus

151 3689 330 3770 praescrtim
365 3688 530 3764 litteram,
566 3708 630 3751 non
666 3688 809 3750 desidem
847 3695 878 3749 et
915 3688 1063 3752 frivolam
1099 3710 1185 3767 esse,
1221 3671 1346 3754 sedin

151 3797 218 3877 ipso
253 3796 365 3859 labore
401 3800 433 3860 et
468 3796 505 3868 iis
540 3794 664 3869 studiis,
701 3814 774 3875 quae
809 3813 910 3874 quum
946 3795 1130 3875 gratissima
1166 3797 1244 3871 sint,
1281 3816 1346 3860 non

151 3902 270 3965 latitia
305 3922 404 3966 causa
439 3922 480 3966 ex
514 3902 630 3965 animis
667 3908 822 3981 tanquam
858 3919 973 3980 graves
1009 3922 1095 3966 curae
1131 3904 1345 3983 deponantur,

151 4008 351 4072 alacritatem
394 4009 559 4089 quandam
601 4009 717 4072 animis
757 4008 888 4081 afferre,
935 4007 979 4070 ita
1021 4012 1056 4070 ut
1102 4009 1225 4072 fructus
1265 4029 1346 4089 quo·

152 4135 213 4196 quc
235 4116 417 4179 studiorum
448 4115 600 4179 libentius
629 4119 698 4178 tum
729 4114 946 4195 proterantur,
977 4133 1049 4177 eam
1079 4113 1347 4195 significationem

156 4258 416 4265 —..-—-—.—---—

180 4326 202 4391 ¹)
219 4330 323 4398 Scripta
342 4328 495 4397 disputatio
513 4345 537 4381 a.
556 4327 756 4381 dccccxxix
776 4331 877 4386 aestate,
904 4342 988 4392 quum
1015 4331 1076 4377 vota
1096 4342 1146 4392 pro
1167 4325 1236 4377 ielici
1257 4325 1348 4379 coniu-

220 4419 261 4486 gio
286 4418 444 4486 principum
469 4416 689 4475 celsissimorum.
714 4415 847 4468 Frederici
871 4414 1034 4466 Ferdinandi
1060 4419 1086 4466 et
1110 4414 1249 4475 Carolina,
1279 4414 1348 4481 regis

220 4507 404 4575 augustissimi
426 4506 498 4567 ffliae,
518 4506 545 4559 iu
564 4511 635 4559 eoetu
654 4504 810 4558 academico
829 4502 1007 4570 concipienda
1026 4508 1113 4563 erant,
1134 4502 1244 4569 Birgero
1265 4502 1349 4555 Thor-

220 4597 295 4661 lacio,
315 4597 363 4665 qui
385 4611 563 4664 programma
581 4595 732 4664 scripturus
751 4597 818 4655 erat,
837 4591 928 4646 subita
948 4592 1034 4644 morbi
1055 4592 1080 4643 vi
1101 4591 1209 4643 alllicto.

1122 4680 1134 4730 l
