2956 5190
626 260 693 325 425

51 455 249 539 permutari,
285 455 462 536 tenendum
492 458 552 532 est,
587 459 721 538 propter
743 455 853 521 nescio
877 475 976 538 quam
999 458 1087 520 notae
1110 456 1260 539 ambigu-

53 560 175 627 itatem
206 562 240 626 in
271 561 382 626 codice
413 562 591 645 archetypo
624 581 712 644 saepe
735 562 769 626 in
800 562 862 626 hac
885 563 1032 627 oratione
1056 566 1089 627 91
1111 563 1260 644 proxima

53 669 227 752 superiore
259 687 320 749 pro
354 667 529 734 indicativo
563 668 717 733 secundae
752 667 985 751 coniugationis
1021 667 1279 734 coniunctivum'

53 774 244 840 subiectum
267 793 350 839 csse.
385 774 491 839 Huius
514 773 617 856 ipsius
640 775 755 856 capitis
771 775 862 840 initio
878 793 992 840 omnes
1014 774 1109 840 codd.
1125 774 1260 857 (PABE,

54 878 144 947 Oxx.
168 878 295 962 omnes)
318 900 379 963 pro
403 870 544 944 99199199
567 882 692 945 habent
717 881 887 958 uideamus,
916 881 1002 945 inira
1027 881 1078 959 16,
1103 881 1145 946 36
1168 882 1261 946 9199-

54 995 115 1053 tur
137 1007 198 1071 pro
221 988 332 1051 9119199
360 986 502 1069 (ΡΑΒΕ;
536 987 570 1050 in
598 986 680 1052 Oxx.
709 993 890 1053 correctum
919 986 1076 1070 videtur);
1112 1008 1139 1052 c.
1163 988 1194 1066 9,
1219 988 1262 1053 24

54 1093 202 1159 videmus
224 1093 353 1159 transiit
375 1093 409 1156 in
431 1092 604 1171 uideamus,
629 1093 746 1158 deinde
769 1096 802 1158 in
825 1094 1008 1159 videbamus
1031 1092 1173 1175 (tantum
1196 1094 1261 1159 duo

56 1200 155 1280 Oxx,
190 1201 312 1265 recenti
340 1200 548 1277 correctione,
581 1199 751 1282 videmus);
787 1202 828 1266 (19
856 1220 948 1283 pror.
973 1220 1060 1265 cons.
1087 1201 1138 1277 14,
1162 1200 1205 1264 35
1229 1200 1261 1265 111

57 1307 156 1374 codd.
179 1307 274 1372 bonis
298 1305 374 1387 (PE,
405 1306 476 1370 sine
507 1305 607 1370 dubio
638 1305 738 1371 etiam
769 1304 902 1388 Bernn.)
933 1306 1101 1372 debeamus
1130 1310 1180 1371 est
1202 1327 1261 1389 pro

56 1413 217 1478 (19199999.
254 1412 317 1491 Qui
340 1414 411 1476 11999
435 1415 523 1476 19919
547 1417 766 1491 correxerunt,
790 1417 947 1505 nostrum.
964 1412 1070 1478 locum
1094 1414 1262 1495 praterire

56 1539 128 1586 non
151 1519 329 1585 dehebant.
338 1513 365 1600 ¹)
411 1518 447 1583 C.
474 1518 525 1595 10,
554 1518 598 1582 25
626 1518 659 1583 in
688 1519 798 1584 codice
827 1520 960 1584 alterius
983 1519 1093 1602 stirpis
1116 1519 1262 1602 principe

57 1629 151 1692 recte
173 1626 332 1707 scriptum
356 1625 458 1689 fuisse
480 1624 619 1704 videtur,
656 1629 742 1690 certe
772 1628 806 1690 in
834 1625 900 1690 urs.
925 1630 989 1690 est:
1025 1634 1070 1708 ut,
1100 1625 1182 1711 quad
1209 1627 1261 1705 iis,

57 1753 137 1818 qums
161 1766 202 1776 -
225 1731 413 1815 subeqimus,
445 1732 524 1812 licet,
556 1765 598 1777 -
629 1732 666 1794 id
693 1753 732 1796 99
759 1733 852 1797 liceat
879 1733 968 1815 ipsis.
1013 1732 1143 1814 Reliqui
1167 1731 1261 1797 codd.

58 1837 111 1922 (Ρ,
136 1838 236 1903 etiam
259 1836 330 1920 AB)
354 1841 387 1902 et
409 1838 484 1902 edd.
508 1841 647 1920 utroque
671 1838 742 1903 loco
765 1839 889 1903 habent
912 1839 1013 1903 liceat.
1022 1832 1049 1919 ²)

150 1944 187 2008 In
215 1943 331 2009 eodem
361 1965 432 2027 cap.
459 1943 500 2008 10
528 1943 683 2026 singulari
711 1945 809 2010 modo
837 1948 1020 2027 propagata
1047 1963 1106 2026 per
1134 1943 1261 2008 codices
1276 1960 1302 2000 99

57 2051 268 2133 interpolatio
296 2055 356 2116 est.
403 2051 518 2116 Editur
546 2053 648 2116 enim:
687 2051 748 2131 Qui
781 2053 810 2115 si
843 2052 910 2116 suis
944 2050 1076 2114 decretis
1110 2050 1263 2135 leyibmoe

57 2158 249 2240 9999199991,
284 2179 323 2221 99
357 2159 427 2243 quis
460 2177 588 2221 suorum
623 2159 737 2221 civium
766 2165 874 2222 999199
901 2159 1127 2241 imperatorum
1150 2157 1263 2240 populi

60 2263 202 2331 11991991
224 2265 340 2345 191991·
373 2286 413 2328 99
440 2265 511 2350 quis
537 2285 569 2329 99
588 2285 649 2348 pro
673 2272 777 2329 999199
800 2266 933 2348 imperio
956 2266 991 2328 19
1008 2264 1188 2347 periculum
1211 2284 1262 2327 99·

54 2371 138 2454 pitis
172 2377 264 2456 atque
298 2373 333 2451 19
360 2373 432 2435 99199
460 2371 632 2435 discrimen
660 2371 796 2453 inferret
801 2395 814 2452 ,·
850 2371 1085 2445 Gaditanorum
1120 2370 1261 2450 auxiliis,

60 2497 160 2562 quum
184 2477 339 2560 vellemus,
375 2479 422 2542 uti
444 2477 533 2541 99119
555 2498 619 2541 999
641 2479 756 2559 liceret,
785 2478 942 2561 priuatim
967 2497 1037 2540 9999
1061 2498 1098 2541 99
1121 2477 1191 2562 quis
1213 2477 1264 2539 air

60 2591 91 2647 91
122 2585 229 2648 animo
260 2592 288 2649 91
318 2585 433 2648 uirtute
456 2585 643 2668 praecellens
667 2604 731 2668 pro
759 2591 864 2648 999199
891 2585 1024 2667 imperio
1041 2584 1185 2669 99919919
1208 2603 1263 2648 sua

61 2689 248 2755 diaaicarai:
280 2692 424 2775 praa-iter
450 2690 487 2753 id
515 2692 584 2755 iura
605 2690 765 2773 ferremus
787 2694 849 2755 cet.
895 2691 967 2755 Duo
990 2698 1066 2755 sunt
1089 2690 1195 2754 in'his
1218 2690 1262 2753 ita

62 2816 177 2880 prava,
208 2801 245 2862 ut
268 2797 409 2862 colorem
433 2817 499 2862 non
521 2798 699 2880 accipiant:
734 2798 823 2879 prius
847 2797 880 2861 in
902 2797 1075 2875 sententia,
1099 2796 1263 2861 (19119911-

61 2907 217 2970 tanorum
242 2904 435 2969 auxiliorum
460 2923 522 2968 usu
544 2904 703 2969 Romanis
731 2904 913 2968 interdicto.
959 2903 1113 2985 Disputat
1140 2902 1262 2978 Cicer0,

62 3010 143 3075 nihil
174 3012 341 3089 interesse,
377 3015 487 3076 utrum
518 3010 671 3076 Gaditani
704 3010 840 3092 praemia
871 3011 995 3075 civibus
1024 3010 1090 3075 suis
1114 3011 1199 3074 bene
1222 3009 1263 3074 do

62 3117 185 3200 populo
207 3117 360 3183 Romano
388 3117 589 3182 merentibus
617 3116 741 3182 tributa
769 3122 842 3182 rata
870 3137 941 3182 esse
971 3115 1084 3194 nolint,
1120 3135 1163 3180 an
1194 3115 1264 3198 lege

62 3225 223 3302 sanciant,
258 3244 300 3289 ne
329 3224 369 3288 (19
392 3224 552 3289 Romanis
575 3224 659 3288 bene
683 3228 880 3290 mereantur.
927 3224 999 3288 Hoc
1022 3226 1133 3287 autem
1158 3226 1262 3288 totum

63 3331 107 3396 ad
131 3350 188 3396 eos
211 3334 348 3413 spectat,
373 3331 428 3413 qui
450 3331 613 3414 privatim,
638 3351 700 3396 sua
722 3331 899 3409 voluntate,
923 3335 961 3396 ut
983 3330 1115 3408 Balbus,
1138 3330 1263 3394 Roma·

63 3456 124 3502 nos
148 3438 364 3519 imperatores
387 3438 606 3514 adiuvabant;
642 3438 762 3503 auxilia
789 3437 919 3521 publice
951 3436 1060 3514 missa,
1096 3456 1170 3519 quae
1199 3456 1264 3502 non

63 3544 208 3626 praemiis
240 3543 462 3623 eliciebantur,
498 3544 557 3609 sed
590 3563 630 3608 ex
660 3544 784 3608 foedere
814 3544 1070 3627 imperabantur,
1106 3544 1171 3607 huc
1199 3562 1264 3607 non
1352 3592 1356 3599 .

95 3804 119 3874 ¹)
139 3805 250 3875 [Postea
269 3808 451 3863 animadverti
470 3810 499 3863 in
523 3810 656 3864 varietate
680 3809 820 3878 scriptura
843 3809 1013 3878 Naugeriana
1037 3809 1110 3879 apud
1133 3808 1265 3863 Orellium

141 3898 193 3951 vol.
213 3898 237 3950 ll
256 3915 282 3966 p.
302 3897 319 3949 2
338 3915 363 3968 p.
384 3896 435 3951 627
455 3901 646 3953 9999919999.
684 3899 842 3952 Hexametn'
865 3898 1016 3953 clausulam
1036 3914 1091 3952 non
1109 3897 1265 3952 reformido.

138 3984 229 4053 1842]

96 4071 167 4141 ¹)C.
186 4075 212 4140 a,
231 4073 266 4128 22
285 4074 325 4141 (in
347 4079 480 4146 periculis
509 4085 588 4146 atque
616 4078 722 4145 asperis
748 4075 923 4144 1999991199)
946 4092 1032 4145 quum
1057 4077 1133 4130 codd.
1152 4074 1267 4141 (PABE)
1348 4089 1351 4096 ·

138 4166 361 4234 propositionem
390 4182 445 4219 non
473 4166 607 4229 habeant,
635 4165 744 4220 videtur
770 4165 862 4234 potius
889 4165 1077 4220 scribendum:
1104 4166 1267 4233 9991991999

140 4262 219 4322 atque
239 4257 345 4323 asperis
363 4256 535 4322 temporibus,
563 4270 650 4323 quum
674 4253 826 4322 prasertim
840 4256 966 4322 periendo
983 4253 1107 4323 proxime
1125 4270 1266 4324 pracesse·

139 4343 183 4398 rit.
219 4341 236 4410 fi
254 4342 289 4396 ‘24
308 4344 405 4413 optimi
423 4342 583 4408 codd.'(PE,
609 4343 693 4397 etiam
710 4340 781 4409 AB):
810 4344 918 4397 11199199
941 4346 970 4396 19
983 4345 1116 4410 muium
1134 4344 1167 4396 11.
1184 4360 1268 4411 praee
1289 4406 1294 4417 .

127 4440 185 4487 ’991
222 4432 417 4492 Recentiorurn
437 4437 486 4497 cst,
506 4433 579 4501 quod
599 4432 700 4486 editur:
729 4433 868 4485 11919919
888 4458 920 4468 -
938 4448 1029 4500 prosa
1057 4431 1203 4501 minusque
1221 4448 1266 4500 ap·

139 4527 199 4575 tum
218 4525 289 4575 enim
307 4522 336 4576 in
354 4523 407 4576 hoc
425 4521 542 4576 transitu
561 4527 589 4575 91
608 4520 782 4575 adiunctione
801 4537 886 4589 quam
904 4523 1007 4574 9199199.
