2956 5190
696 336 760 402 661

125 533 244 596 tamen
264 529 340 612 fait,
364 530 453 612 quod
476 529 510 594 in
532 530 622 595 Leid.
646 533 680 596 et
703 531 775 597 aliis
798 550 932 614 prorsus
955 529 1061 607 abest,
1087 530 1120 594 in
1144 530 1210 596 Eri.
1234 546 1336 612 supra

128 637 290 720 scriptum
314 633 378 718 est)
402 635 571 716 efficiatur,
608 642 757 721 apparet.
803 637 950 703 Modesto
974 635 1087 702 Cicero
1118 638 1151 700 et
1172 634 1337 718 pudenter

128 743 297 827 Ligarium
321 743 512 823 defendens,
548 744 581 808 in
610 744 696 810 bello
724 763 791 810 non
819 744 977 809 acerbum
1000 743 1101 808 bisse
1125 740 1212 818 dicit,
1247 760 1335 806 nunc

128 852 238 915 totum
261 848 401 914 Caesaris
424 849 559 915 sactum.
605 850 643 915 ln
670 851 818 916 eiusdem
842 850 999 916 orationis
1022 847 1041 931 ἕ
1064 849 1107 915 28
1139 849 1256 914 eadem
1279 868 1335 916 ars

129 955 212 1021 nibil
234 974 301 1021 non
324 956 499 1021 enarrandi
522 956 555 1021 in
578 957 740 1024 Beneckio
763 959 905 1042 perspici
927 960 1052 1040 potest:
1084 976 1164 1021 nam
1196 959 1229 1021 et
1251 957 1279 1022 is
1303 958 1337 1022 et

131 1062 295 1129 Soldanus
320 1065 412 1143 mim,
436 1068 473 1128 ut
497 1083 566 1146 ego,
591 1083 610 1129 e
633 1064 799 1130 codicibus
823 1063 1036 1140 addiderunt:
1059 1063 1118 1128 sed
1141 1063 1243 1128 verba
1260 1067 1336 1128 tan·

124 1189 234 1252 quam
263 1171 391 1253 integra
422 1173 455 1235 et
485 1189 568 1235 sana
600 1171 646 1235 sic
677 1171 883 1236 continuant:
920 1191 973 1251 aa,
1008 1176 1043 1234 at
1070 1168 1107 1254 fit
1134 1170 1169 1233 in
1191 1168 1337 1234 acilium

132 1276 231 1359 bellis,
265 1297 321 1341 nec
348 1278 384 1340 in
414 1276 500 1340 cobis
522 1279 637 1362 maula
672 1298 767 1364 quom
790 1279 826 1341 ir:
848 1277 1002 1362 reliquis?
1034 1296 1140 1341 omnes
1162 1277 1245 1340 enim
1267 1276 1336 1340 oiu-

131 1383 225 1448 crudi
245 1383 351 1448 studio
373 1382 566 1447 tenebamur.
612 1384 677 1449 Ubi
699 1384 728 1450 si
751 1385 823 1467 quis
847 1384 1044 1466 quaesiverit,
1080 1382 1169 1465 quod
1196 1383 1336 1447 verbum

132 1489 325 1557 subiiciatur
348 1489 517 1572 particula
541 1511 594 1565 un,
620 1490 719 1555 etad
742 1510 841 1573 quam
865 1491 1061 1555 sententiam
1080 1490 1242 1554 referatur
1263 1488 1337 1554 hoec
1350 1507 1389 1550 aas

133 1597 352 1680 comparatio:
395 1603 430 1660 ut
466 1596 503 1679 fit
542 1600 621 1675 cet,
656 1596 908 1679 respondebitur
947 1597 1010 1661 bac
1049 1595 1335 1678 interpretatione:

138 1703 255 1784 ,Oder,
289 1723 360 1768 was
389 1703 453 1785 bey
482 1702 740 1786 Birgerkriegen
769 1704 828 1769 der
855 1704 924 1768 Fall
955 1723 994 1768 zu
1017 1722 1098 1787 seyn
1121 1703 1230 1785 ptlegt,
1264 1720 1337 1767 war

134 1810 205 1876 dies
227 1810 317 1875 nicht
341 1810 425 1874 auctr
450 1810 514 1894 bey
538 1809 623 1874 euch
651 1810 735 1875 noch
766 1812 861 1874 mehr
891 1809 950 1874 der
980 1809 1060 1891 Fall,
1095 1809 1144 1874 als
1175 1809 1240 1893 bey
1268 1808 1337 1876 den

133 1916 311 1999 dbrigeni‘
360 1917 475 1999 ltaque
497 1936 558 1999 pro
581 1920 644 1981 bac
666 1916 933 1999 interrogatione:
964 1936 1017 1997 an,
1040 1934 1121 1991 ouon
1142 1915 1178 1998 fit
1200 1916 1236 1978 in
1258 1916 1337 1979 civi-

134 2022 218 2087 libus
240 2021 337 2105 bellis,
361 2043 391 2087 ro
415 2043 505 2087 umen
528 2025 563 2087 in
585 2023 670 2087 vobis
692 2027 820 2087 rmaar‘?
848 2023 919 2087 baec
948 2022 1009 2086 erit
1030 2022 1097 2086 iam
1121 2022 1252 2087 Latina:
1280 2042 1335 2106 aa,

135 2148 175 2193 ur
195 2128 232 2211 fit
254 2129 289 2192 in
312 2128 457 2194 civilem
480 2129 577 2210 bellis,
601 2131 637 2193 iu
659 2128 765 2193 coba?
786 2133 818 2193 et
841 2149 901 2211 pro
924 2128 1003 2194 hoc:
1026 2128 1063 2211 fit
1079 2130 1173 2192 etima
1189 2130 1225 2191 in
1240 2127 1335 2210 mlle,

135 2256 191 2298 uec
212 2235 249 2298 in
270 2235 356 2299 cobis
378 2237 482 2319 maqis
505 2237 632 2300 dicetur
654 2235 800 2300 brevius:
827 2234 865 2318 fit
886 2256 942 2300 acc
964 2237 999 2299 iu
1022 2235 1107 2300 votis
1128 2237 1247 2320 moab:
1276 2254 1336 2317 po-

134 2346 258 2408 stremo
281 2364 341 2426 pro
366 2344 444 2408 hoc:
478 2363 535 2407 nec
564 2344 600 2406 iu
630 2341 715 2406 vebia
743 2361 832 2406 micus
861 2363 956 2428 quam
984 2343 1019 2406 in
1041 2343 1173 2427 reliquis
1195 2346 1254 2406 aut
1275 2360 1336 2424 pro

134 2449 213 2515 hoc:
248 2470 286 2514 rr
315 2452 350 2513 in
378 2449 463 2513 vobis
490 2470 578 2513 uncis
606 2470 701 2536 quom
725 2450 760 2513 iu
782 2450 914 2535 reliquis
936 2449 1187 2513 substituemus:
1222 2468 1279 2514 uec
1301 2450 1337 2513 in

135 2555 221 2620 vobis
242 2576 332 2621 naurs
350 2577 445 2641 quam
469 2557 502 2619 in
526 2556 666 2640 reliquis.
701 2555 799 2639 (Nam
817 2556 976 2620 hactenus
993 2557 1191 2639 putavimus
1216 2555 1272 2638 qui
1290 2555 1337 2620 sic

135 2663 274 2728 diceret:
308 2684 375 2726 non
397 2665 432 2726 in
456 2663 540 2727 cobis
563 2664 666 2748 alapis
688 2679 783 2748 quum
808 2664 841 2726 in
864 2663 1005 2747 reliquia,
1041 2662 1233 2745 significare,
1269 2680 1335 2742 coe,

136 2789 217 2852 quos
241 2770 471 2852 alloqueretur,
495 2790 561 2834 non
584 2775 741 2852 praestare
766 2769 913 2850 reliquis:
941 2788 1028 2833 nunc
1050 2770 1256 2852 simrificabit,
1279 2788 1336 2835 eos

135 2897 202 2942 non
230 2877 347 2941 cedere
377 2873 569 2959 reliquia)¹)
622 2876 663 2941 ut
697 2896 796 2958 quum
833 2875 879 2939 sic
913 2895 1105 2941 enarramus
1139 2876 1336 2959 scriptorum

135 2982 237 3047 verba
260 2987 293 3047 et
322 2984 400 3049 talia
428 2984 589 3067 fingimus,
625 3002 698 3047 cum
730 2982 973 3046 notissimarum
1007 3002 1116 3047 rerum
1148 2983 1336 3048 confusione

136 3093 316 3167 eteorum,
352 3110 426 3172 quae
454 3090 535 3155 alias
565 3094 714 3154 tenemus
745 3090 778 3152 et
800 3088 1010 3165 inculcamus,
1046 3089 1229 3154 voluntaria
1252 3089 1335 3154 obli·

135 3196 240 3274 vione,
270 3198 399 3279 ingenia
428 3217 448 3262 a
477 3197 572 3262 nobis
602 3196 645 3260 ad
668 3195 883 3260 subtilitatem
909 3195 1050 3259 exerceri
1075 3194 1228 3261 dicimus!
1263 3195 1335 3261 Sol·

136 3303 241 3368 danus
265 3305 363 3368 etiam
388 3303 545 3369 adscribit
569 3302 660 3386 (nam
684 3303 774 3385 apud
797 3301 953 3366 Orellium
971 3320 1024 3365 me
1042 3306 1336 3368 commemoratum

134 3408 348 3492 reppererat),
373 3429 426 3474 me
450 3429 579 3492 quoque
603 3410 733 3485 vidisse,
762 3427 819 3485 ,ea
843 3410 895 3473 hic
920 3408 1089 3487 excidisse,
1113 3429 1187 3491 quae
1204 3408 1336 3492 proprie

137 3515 177 3580 de
212 3516 423 3582 Tuberonum
460 3517 568 3581 studio
608 3517 694 3582 dicta
735 3518 876 3581 essent‘.
936 3516 984 3579 lta
1024 3534 1112 3580 vcro.
1170 3514 1335 3580 Excidisse

137 3623 297 3700 differam,
341 3643 406 3687 non
449 3623 641 3689 stultissima
683 3624 737 3688 illa
780 3623 883 3705 ellipsi
923 3642 1002 3686 usus
1043 3641 1144 3687 eram.
1207 3621 1336 3703 Scripta

137 3737 247 3795 autem
282 3731 412 3795 fuerant
447 3731 502 3808 sic,
539 3734 585 3808 ut,
620 3750 721 3812 quum
757 3730 868 3795 Cicero
898 3729 1090 3793 Tuberones
1125 3728 1336 3793 vehementes

137 3840 169 3900 et
194 3837 334 3902 victoriae
361 3837 586 3920 cupidissimos
619 3838 720 3902 luisse
749 3837 893 3914 dixisset,
927 3840 1009 3914 tum,
1044 3854 1086 3900 ne
1118 3855 1173 3901 eos
1205 3837 1337 3918 proprie

137 3946 169 4008 el
203 3946 324 4024 praeter
359 3947 484 4009 ceteros
519 3963 674 4009 accusare
710 3943 889 4021 videretur,
924 3942 987 4006 hoc
1022 3942 1173 4007 adderet:
1213 3963 1268 4006 nec
1300 3942 1336 4005 ia

136 4120 192 4128 —-—
349 4123 402 4129 .—

166 4223 188 4290 ¹)
207 4223 277 4292 [Hac
295 4226 468 4281 enarratione
487 4242 542 4280 non
562 4226 653 4280 minus
673 4227 764 4295 inepte
787 4215 881 4280 lictum
900 4224 1058 4279 anacolutbi
1077 4225 1281 4278 excusationem
1299 4224 1336 4278 ab

207 4315 316 4369 Halmio
339 4316 449 4385 probari
472 4315 595 4384 potuitne
617 4333 729 4385 prorsus
754 4317 847 4370 miror.
888 4313 976 4382 Quale
1001 4318 1042 4368 cst
1063 4313 1137 4367 euim
1163 4314 1216 4367 boc
1239 4329 1337 4367 anaco-

206 4403 313 4470 luthon,
340 4411 379 4469 ut,
407 4404 533 4474 abrupta,
561 4421 623 4474 qua:
640 4406 686 4460 rix
709 4406 836 4460 instituta
858 4404 902 4469 sit,
930 4402 1149 4472 interrogatione,
1175 4401 1337 4456 subiiciatur

207 4509 256 4562 per
273 4496 344 4548 enim
361 4510 446 4548 causa
464 4494 522 4548 eius
540 4494 692 4560 sententiae,
711 4512 773 4564 quae
791 4493 905 4548 omnino
923 4491 1075 4561 significata
1093 4507 1149 4545 non
1167 4487 1232 4557 siti]
