2948 5206
626 297 685 373 ,11

287 415 299 447 ὃ

59 494 197 569 propter
218 507 346 553 morem
370 489 588 568 librariorum,
613 491 669 557 ubi
693 492 880 558 testimonia
904 501 936 557 et
953 494 1164 560 auctoritates
1187 487 1264 578 pro·

61 593 235 671 ferrentur,
270 595 380 677 spatia
414 597 677 679 relinquentium,
712 603 749 662 ut
783 606 899 680 postea
933 601 1084 666 coloratis
1112 601 1264 668 ductibus

61 701 341 780 adscriberentur,
383 704 472 784 quod
505 724 594 786 saepe
628 705 812 787 neglectum
847 707 904 783 sit;
942 714 1104 790 praeterea
1137 729 1263 774 morem

62 807 162 872 fuisse
185 808 379 874 Latinorum
403 809 610 875 librariorum
634 809 749 875 Graeca
777 811 958 890 omittendi,
993 821 1030 877 ut
1060 813 1104 877 ab
1132 815 1264 881 homine

63 913 173 979 Graece
196 915 304 996 perito
327 916 568 998 supplerentur.
615 916 740 998 inqua
769 917 990 1000 disputatione
1017 920 1157 985 altemm
1185 922 1263 987 ridi·

66 1020 170 1084 culum
194 1027 245 1085 est
269 1021 311 1086 de
335 1023 467 1101 Graecis,
502 1043 604 1106 quum
635 1025 677 1089 de
704 1024 827 1089 Latinis
851 1024 960 1089 verbis
983 1025 1112 1091 omissis
1137 1036 1262 1110 agatur,

66 1126 200 1192 alterum
245 1128 280 1192 in
319 1130 609 1211 grammaticorum
648 1131 781 1212 quidem
821 1131 912 1203 libris
951 1131 1189 1209 describendis,
1229 1134 1262 1199 in

67 1233 180 1316 quibus
203 1234 316 1300 omnia
339 1236 374 1300 in
390 1237 590 1324 ⁸testimoniis
613 1237 721 1320 posita
744 1245 830 1315 sunt,
863 1237 986 1302 iactum
1009 1258 1154 1320 unquam
1179 1260 1261 1315 esse,

68 1360 168 1423 neque
190 1341 351 1424 exemplis
374 1344 517 1409 ostendit
538 1365 647 1427 neque
670 1350 779 1427 potest
801 1344 939 1420 ostendi,
964 1351 1007 1422 et,
1033 1346 1060 1410 si
1083 1355 1205 1428 posset,
1229 1349 1263 1412 in

68 1447 124 1512 hac
145 1450 328 1531 quastione
351 1450 475 1514 nullam
503 1451 569 1515 vim
598 1451 752 1527 haberet;
787 1451 875 1515 unde
904 1451 992 1515 enirn
1020 1459 1091 1516 tum
1120 1454 1263 1536 quinque

70 1554 117 1619 illa
139 1555 346 1638 fragmenta?
380 1556 507 1622 Scilicet
531 1558 570 1635 ei,
606 1558 661 1640 qui
690 1559 761 1622 haec
784 1558 1032 1635 consarcinavit,
1067 1559 1262 1642 scriptorum

70 1663 194 1727 nomina
216 1682 393 1746 congerere
416 1670 474 1727 aut
497 1665 618 1747 fingere
642 1685 709 1730 non
733 1663 863 1728 difficile
883 1672 963 1742 erat,
989 1664 1173 1748 fragmenta
1191 1667 1263 1749 ipsa

72 1788 267 1851 componere,
303 1777 340 1834 ut
374 1770 425 1834 vel
460 1771 629 1836 minimam
663 1771 806 1854 speciem
840 1771 1010 1849 haberent,
1046 1773 1119 1855 plus
1154 1793 1263 1855 operae

71 1876 259 1957 postulabat.
295 1876 409 1957 Neque
432 1896 498 1941 non
521 1877 554 1941 in
577 1878 626 1956 iis,
651 1899 725 1961 quae
748 1877 856 1961 posita
872 1886 958 1956 sunt,
983 1879 1107 1943 fraudis
1128 1880 1262 1961 vestigia

74 1990 186 2063 patent.
242 1983 291 2047 De
326 1982 522 2048 Heracliteo-
547 1991 662 2065 postea
702 1984 843 2061 dicatum
884 1985 996 2050 Titinii
1029 2004 1162 2050 sensum
1198 2005 1263 2051 non

74 2089 178 2165 habet3
213 2090 272 2154 sed
300 2098 491 2172 corruptum
521 2090 584 2155 dici
613 2085 770 2173 potest¹);
806 2092 943 2174 Turpilii
971 2099 1082 2156 autem
1106 2111 1180 2173 quae
1202 2112 1262 2174 po·
1278 2115 1304 2152 11
1407 2080 1411 2091 ’

75 2204 184 2261 nuntur
210 2196 329 2273 verba,
366 2217 480 2261 eorum
509 2199 597 2280 prior
624 2218 716 2280 pars,
753 2218 827 2279 quae
844 2199 945 2281 ’apud
973 2199 1115 2263 Nonium
1145 2205 1261 2272 exstat,

77 2322 195 2368 sensum
219 2311 251 2369 et
276 2310 402 2368 rectum
427 2311 459 2368 et
483 2303 611 2368 facilem
635 2305 751 2380 habet;
787 2325 861 2386 quae
890 2305 1065 2381 adduntur,
1094 2324 1201 2386 neque
1229 2305 1263 2368 in

78 2418 203 2474 metrum
227 2411 298 2492 cogi
320 2416 468 2492 possunt,
492 2430 599 2493 neque
622 2411 688 2476 ullo
711 2411 810 2476 modo
827 2431 926 2476 sensu
943 2431 1017 2475 cum
1041 2410 1262 2493 superioribus

79 2515 243 2593 cohaerent3
280 2517 480 2599 depravatus
510 2525 620 2581 autem
646 2537 718 2582 esse
742 2518 832 2581 locus
856 2538 921 2582 non
944 2522 1068 2599 potest;
1103 2537 1181 2582 nam
1205 2537 1264 2599 per

80 2641 108 2685 se
127 2624 222 2687 rerba
245 2624 416 2706 aptissima
439 2632 515 2687 sunt
539 2625 581 2687 ad
605 2624 648 2700 id,
673 2624 763 2688 cuius
788 2644 888 2688 causa
913 2624 1136 2704 proferuntur3
1161 2624 1261 2687 Naevii

80 2728 202 2812 denique
226 2729 316 2812 (nam
340 2732 375 2793 in
398 2731 545 2794 Enniano
569 2731 648 2794 nihil
671 2730 819 2810 offendit)
845 2750 973 2794 versum
999 2731 1106 2810 posuit

249 2827 412 2900 Panditur
435 2839 556 2900 interea
579 2838 692 2901 doinus
716 2838 914 2902 altitonantis
940 2836 1076 2920 Olympi,

77 2943 144 3006 satis
166 2952 289 3017 notum,
315 2951 351 3008 ut
375 2964 474 3025 quem
497 2945 562 3008 iam
588 2944 705 3008 Caelius
729 2944 932 3025 Rhodiginus
956 2944 1047 3007 Antt.
1072 2945 1174 3007 Lectt.
1193 2944 1262 3017 XX,

76 3050 111 3112 13
131 3051 308 3132 protulerit,
333 3058 450 3132 postea
473 3050 565 3114 multi
590 3040 798 3115 adhibuerint
822 3051 864 3114 ad
882 3050 1002 3131 Virgilii
1020 3049 1145 3112 AEneid.
1163 3049 1202 3124 X,
1230 3052 1262 3112 l:

227 3158 387 3221 Panditur
410 3158 536 3222 interea
560 3159 677 3222 domus
701 3157 932 3239 omnipotentis
957 3156 1096 3238 Olympi,

69 3263 99 3326 in
136 3284 200 3345 quo
240 3284 337 3328 versu
377 3284 478 3345 quum
521 3264 690 3328 offensioni
737 3272 824 3327 esset
868 3246 1019 3347 Olympus
1061 3264 1262 3344 omnipotens,

68 3371 204 3446 fuerunt,
234 3371 288 3452 qui
318 3370 445 3454 Olympi
474 3376 583 3434 vetere
607 3371 738 3452 genitivi
764 3371 868 3435 forma
892 3391 952 3451 pro
979 3369 1128 3453 Olympii,
1158 3368 1191 3432 id
1214 3373 1264 3432 est

66 3476 159 3551 Iocis,
195 3477 318 3540 dictum
348 3478 592 3553 contenderent,
628 3485 685 3541 aut
714 3478 821 3558 ipsum
850 3478 959 3541 lorem
984 3476 1161 3558 Olympum
1191 3476 1262 3539 dici.

63 3586 113 3649 Ad
149 3586 219 3648 haec
254 3584 352 3666 igitur
379 3585 602 3648 confirmanda
637 3584 689 3648 hic
724 3592 773 3647 est
809 3583 966 3647 confictus
1001 3582 1103 3645 Naevii
1138 3602 1262 3645 versus

62 3692 238 3766 ConfictuS,
264 3691 415 3772 inquam,
439 3691 580 3772 primum
605 3691 701 3766 enim,
727 3711 828 3772 quum
852 3690 998 3753 Naerium
1019 3688 1148 3751 heroico
1167 3708 1262 3751 rersu

60 3819 127 3863 non
150 3818 247 3861 usum
272 3804 408 3872 constet,
446 3797 598 3861 Osannus
622 3796 725 3860 Laecii
754 3817 873 3860 nomen
902 3795 1100 3859 substituere
1125 3795 1262 3876 cogitur;

60 3906 180 3970 deinde
205 3906 273 3968 iure
298 3903 446 3986 Heynius
469 3904 615 3978 miratur,
646 3922 703 3966 cur
728 3903 886 3984 Virgilius,
912 3923 1012 3983 quum
1037 3902 1142 3965 alieno
1167 3920 1263 3963 versu

60 4017 218 4087 uteretur,
245 4032 345 4074 unum
370 4010 565 4074 vocabulum
590 4009 688 4090 idque
713 4029 778 4072 non
802 4009 909 4072 minus
934 4014 1048 4090 aptum
1072 4007 1262 4080 mutaverit,

59 4122 203 4201 denique
228 4118 322 4182 valde
347 4116 471 4192 dubito,
495 4136 574 4179 num
599 4116 670 4197 quis
695 4136 840 4196 unquam
865 4116 898 4179 in
921 4116 1080 4179 adiectivo
1104 4115 1166 4177 hac
1184 4134 1262 4178 usus

58 4229 101 4291 sit
127 4227 233 4291 iorrna
257 4223 405 4305 genitivi:
440 4223 473 4286 in
502 4222 622 4303 Virgilii
653 4241 747 4285 versu
781 4222 1025 4303 interpretando
1049 4220 1127 4284 nihil
1152 4220 1262 4302 profici

57 4337 123 4399 hoc
147 4332 284 4396 artificio
309 4338 443 4412 propter
466 4330 605 4393 alterum
629 4329 736 4392 locum
760 4329 827 4404 Xll,
854 4329 928 4404 791,
952 4329 985 4390 in
1009 4347 1073 4407 quo
1094 4348 1149 4389 rer
1165 4328 1262 4389 onini-

88 4560 113 4627 ¹)
132 4562 273 4629 Corrigere
294 4560 379 4613 voluit
399 4561 580 4613 Grolelendus
599 4559 616 4611 l.
636 4576 658 4623 c,
678 4577 703 4627 p.
723 4558 782 4611 527.
