<?xml version="1.0" encoding="UTF-8"?>
<!DOCTYPE html PUBLIC "-//W3C//DTD XHTML 1.0 Transitional//EN"
    "http://www.w3.org/TR/xhtml1/DTD/xhtml1-transitional.dtd">
<html xmlns="http://www.w3.org/1999/xhtml" xml:lang="en" lang="en">
 <head>
  <title>
</title>
<meta http-equiv="Content-Type" content="text/html;charset=utf-8" />
  <meta name='ocr-system' content='tesseract 3.04.00' />
  <meta name='ocr-capabilities' content='ocr_page ocr_carea ocr_par ocr_line ocrx_word'/>
</head>
<body>
  <div class='ocr_page' id='page_1' title='image "./ionicolaimadvig02madvgoog_0154.png"; bbox 0 0 2948 5206; ppageno 0'>
   <div class='ocr_carea' id='block_1_1' title="bbox 697 337 759 402">
    <p class='ocr_par' dir='ltr' id='par_1_1' title="bbox 697 337 759 402">
     <span class='ocr_line' id='line_1_1' title="bbox 697 337 759 402; baseline 0 -1"><span class='ocrx_word' id='word_1_1' title='bbox 697 337 759 402; x_wconf 89' lang='grc'><strong>131</strong></span> 
     </span>
    </p>
   </div>
   <div class='ocr_carea' id='block_1_2' title="bbox 89 530 1422 4023">
    <p class='ocr_par' dir='ltr' id='par_1_2' title="bbox 89 530 1422 4023">
     <span class='ocr_line' id='line_1_2' title="bbox 165 530 1324 614; baseline 0.008 -21"><span class='ocrx_word' id='word_1_2' title='bbox 165 533 305 607; x_wconf 77' lang='lat' dir='ltr'><strong>numm,</strong></span> <span class='ocrx_word' id='word_1_3' title='bbox 330 531 477 614; x_wconf 88' lang='lat' dir='ltr'><strong>impedit,</strong></span> <span class='ocrx_word' id='word_1_4' title='bbox 501 530 684 613; x_wconf 84' lang='lat' dir='ltr'>quominus,</span> <span class='ocrx_word' id='word_1_5' title='bbox 708 534 746 597; x_wconf 90' lang='lat' dir='ltr'><strong>ut</strong></span> <span class='ocrx_word' id='word_1_6' title='bbox 767 531 839 596; x_wconf 89' lang='lat' dir='ltr'><strong>fieri</strong></span> <span class='ocrx_word' id='word_1_7' title='bbox 862 531 970 610; x_wconf 84' lang='lat' dir='ltr'><strong>debet,</strong></span> <span class='ocrx_word' id='word_1_8' title='bbox 1000 534 1043 598; x_wconf 83' lang='lat' dir='ltr'><strong>ed</strong></span> <span class='ocrx_word' id='word_1_9' title='bbox 1066 533 1324 602; x_wconf 89' lang='lat' dir='ltr'><strong>coniunctionem</strong></span> 
     </span>
     <span class='ocr_line' id='line_1_3' title="bbox 161 623 1323 723; baseline 0.007 -23"><span class='ocrx_word' id='word_1_10' title='bbox 161 656 229 720; x_wconf 70' lang='lat' dir='ltr'><strong>pon·</strong></span> <span class='ocrx_word' id='word_1_11' title='bbox 257 635 440 702; x_wconf 79' lang='lat' dir='ltr'><strong>referantur</strong></span> <span class='ocrx_word' id='word_1_12' title='bbox 474 656 530 715; x_wconf 85' lang='lat' dir='ltr'><strong>ee,</strong></span> <span class='ocrx_word' id='word_1_13' title='bbox 565 657 638 719; x_wconf 76' lang='lat' dir='ltr'><strong>ques</strong></span> <span class='ocrx_word' id='word_1_14' title='bbox 671 623 813 721; x_wconf 88' lang='lat' dir='ltr'><strong>priorem</strong></span> <span class='ocrx_word' id='word_1_15' title='bbox 848 642 976 723; x_wconf 83' lang='lat' dir='ltr'><strong>partem</strong></span> <span class='ocrx_word' id='word_1_16' title='bbox 1010 640 1136 722; x_wconf 91' lang='lat' dir='ltr'><strong>periodi</strong></span> <span class='ocrx_word' id='word_1_17' title='bbox 1169 641 1323 708; x_wconf 84' lang='lat' dir='ltr'><strong>efficiunt.</strong></span> 
     </span>
     <span class='ocr_line' id='line_1_4' title="bbox 157 742 1323 830; baseline 0.008 -24"><span class='ocrx_word' id='word_1_18' title='bbox 157 742 238 824; x_wconf 78' lang='lat' dir='ltr'><strong>lique</strong></span> <span class='ocrx_word' id='word_1_19' title='bbox 268 761 344 806; x_wconf 85' lang='lat' dir='ltr'><strong>carn</strong></span> <span class='ocrx_word' id='word_1_20' title='bbox 372 744 566 827; x_wconf 77' lang='lat' dir='ltr'><strong>particulam</strong></span> <span class='ocrx_word' id='word_1_21' title='bbox 600 745 720 810; x_wconf 90' lang='lat' dir='ltr'><strong>omittit</strong></span> <span class='ocrx_word' id='word_1_22' title='bbox 754 744 857 810; x_wconf 84' lang='lat' dir='ltr'>codex</span> <span class='ocrx_word' id='word_1_23' title='bbox 891 745 1089 811; x_wconf 77' lang='lat' dir='ltr'><strong>Erfurtensis</strong></span> <span class='ocrx_word' id='word_1_24' title='bbox 1123 751 1156 812; x_wconf 89' lang='lat' dir='ltr'><strong>et</strong></span> <span class='ocrx_word' id='word_1_25' title='bbox 1190 749 1323 830; x_wconf 78' lang='lat' dir='ltr'><strong>qtridum</strong></span> 
     </span>
     <span class='ocr_line' id='line_1_5' title="bbox 154 848 1323 936; baseline 0.007 -23"><span class='ocrx_word' id='word_1_26' title='bbox 154 851 253 914; x_wconf 75' lang='lat' dir='ltr'><strong>veteres</strong></span> <span class='ocrx_word' id='word_1_27' title='bbox 269 848 366 914; x_wconf 92' lang='lat' dir='ltr'><strong>codd.</strong></span> <span class='ocrx_word' id='word_1_28' title='bbox 383 851 417 914; x_wconf 92' lang='lat' dir='ltr'><strong>in</strong></span> <span class='ocrx_word' id='word_1_29' title='bbox 434 851 580 933; x_wconf 79' lang='lat' dir='ltr'>margine</span> <span class='ocrx_word' id='word_1_30' title='bbox 591 852 821 934; x_wconf 74' lang='lat' dir='ltr'>repetitionum</span> <span class='ocrx_word' id='word_1_31' title='bbox 834 848 1169 936; x_wconf 68' lang='lat' dir='ltr'><strong>Lembmianarum.²)</strong></span> <span class='ocrx_word' id='word_1_32' title='bbox 1203 855 1323 922; x_wconf 84' lang='lat' dir='ltr'><strong>Verum</strong></span> 
     </span>
     <span class='ocr_line' id='line_1_6' title="bbox 150 956 1323 1044; baseline 0.006 -24"><span class='ocrx_word' id='word_1_33' title='bbox 150 956 310 1021; x_wconf 87' lang='lat' dir='ltr'><strong>eoomisso</strong></span> <span class='ocrx_word' id='word_1_34' title='bbox 332 956 481 1022; x_wconf 89' lang='lat' dir='ltr'><strong>nondum</strong></span> <span class='ocrx_word' id='word_1_35' title='bbox 507 977 608 1023; x_wconf 89' lang='lat' dir='ltr'><strong>sanus</strong></span> <span class='ocrx_word' id='word_1_36' title='bbox 636 962 686 1022; x_wconf 91' lang='lat' dir='ltr'><strong>est</strong></span> <span class='ocrx_word' id='word_1_37' title='bbox 716 958 821 1036; x_wconf 80' lang='lat' dir='ltr'><strong>locus3</strong></span> <span class='ocrx_word' id='word_1_38' title='bbox 855 979 933 1023; x_wconf 87' lang='lat' dir='ltr'><strong>nem</strong></span> <span class='ocrx_word' id='word_1_39' title='bbox 966 962 1097 1042; x_wconf 88' lang='lat' dir='ltr'><strong>tempus</strong></span> <span class='ocrx_word' id='word_1_40' title='bbox 1131 961 1323 1044; x_wconf 85' lang='lat' dir='ltr'><strong>plusquam-</strong></span> 
     </span>
     <span class='ocr_line' id='line_1_7' title="bbox 146 1061 1323 1147; baseline 0.006 -21"><span class='ocrx_word' id='word_1_41' title='bbox 146 1062 308 1143; x_wconf 75' lang='lat' dir='ltr'><strong>perfectum</strong></span> <span class='ocrx_word' id='word_1_42' title='bbox 331 1061 492 1146; x_wconf 49' lang='lat' dir='ltr'><strong>(famem)</strong></span> <span class='ocrx_word' id='word_1_43' title='bbox 515 1064 612 1147; x_wconf 89' lang='lat' dir='ltr'><strong>plane</strong></span> <span class='ocrx_word' id='word_1_44' title='bbox 640 1084 710 1130; x_wconf 88' lang='lat' dir='ltr'><strong>esse</strong></span> <span class='ocrx_word' id='word_1_45' title='bbox 740 1065 892 1144; x_wconf 88' lang='lat' dir='ltr'><strong>alienum,</strong></span> <span class='ocrx_word' id='word_1_46' title='bbox 927 1065 993 1131; x_wconf 83' lang='lat' dir='ltr'><strong>iam</strong></span> <span class='ocrx_word' id='word_1_47' title='bbox 1027 1065 1194 1131; x_wconf 84' lang='lat' dir='ltr'><strong>Ernestius</strong></span> <span class='ocrx_word' id='word_1_48' title='bbox 1228 1068 1323 1133; x_wconf 91' lang='lat' dir='ltr'><strong>intel·</strong></span> 
     </span>
     <span class='ocr_line' id='line_1_8' title="bbox 143 1167 1382 1255; baseline 0.008 -23"><span class='ocrx_word' id='word_1_49' title='bbox 143 1167 214 1245; x_wconf 86' lang='lat' dir='ltr'><strong>lerit,</strong></span> <span class='ocrx_word' id='word_1_50' title='bbox 247 1169 307 1234; x_wconf 88' lang='lat' dir='ltr'><strong>sed</strong></span> <span class='ocrx_word' id='word_1_51' title='bbox 341 1168 476 1234; x_wconf 88' lang='lat' dir='ltr'><strong>licenter</strong></span> <span class='ocrx_word' id='word_1_52' title='bbox 509 1190 569 1235; x_wconf 88' lang='lat' dir='ltr'><strong>nec</strong></span> <span class='ocrx_word' id='word_1_53' title='bbox 602 1177 718 1255; x_wconf 86' lang='lat' dir='ltr'><strong>aperta</strong></span> <span class='ocrx_word' id='word_1_54' title='bbox 752 1174 869 1239; x_wconf 87' lang='lat' dir='ltr'><strong>erroris</strong></span> <span class='ocrx_word' id='word_1_55' title='bbox 898 1191 997 1237; x_wconf 84' lang='lat' dir='ltr'><strong>cause</strong></span> <span class='ocrx_word' id='word_1_56' title='bbox 1025 1192 1121 1237; x_wconf 79' lang='lat' dir='ltr'><strong>essem</strong></span> <span class='ocrx_word' id='word_1_57' title='bbox 1143 1174 1320 1242; x_wconf 74' lang='lat' dir='ltr'><strong>substituit.</strong></span> <span class='ocrx_word' id='word_1_58' title='bbox 1373 1174 1382 1189; x_wconf 74' lang='lat'><em>&#39;</em></span> 
     </span>
     <span class='ocr_line' id='line_1_9' title="bbox 139 1275 1322 1362; baseline 0.005 -21"><span class='ocrx_word' id='word_1_59' title='bbox 139 1275 274 1360; x_wconf 73' lang='lat' dir='ltr'><strong>Plerique</strong></span> <span class='ocrx_word' id='word_1_60' title='bbox 297 1277 426 1342; x_wconf 80' lang='lat' dir='ltr'><strong>codices</strong></span> <span class='ocrx_word' id='word_1_61' title='bbox 448 1282 524 1360; x_wconf 90' lang='lat' dir='ltr'><strong>post</strong></span> <span class='ocrx_word' id='word_1_62' title='bbox 549 1299 681 1362; x_wconf 79' lang='lat' dir='ltr'><strong>semper,</strong></span> <span class='ocrx_word' id='word_1_63' title='bbox 715 1283 752 1344; x_wconf 91' lang='lat' dir='ltr'><strong>ut</strong></span> <span class='ocrx_word' id='word_1_64' title='bbox 781 1279 938 1345; x_wconf 85' lang='lat' dir='ltr'><strong>editiones</strong></span> <span class='ocrx_word' id='word_1_65' title='bbox 967 1281 1044 1343; x_wconf 88' lang='lat' dir='ltr'><strong>ante</strong></span> <span class='ocrx_word' id='word_1_66' title='bbox 1070 1278 1238 1359; x_wconf 91' lang='lat' dir='ltr'><strong>Orellium,</strong></span> <span class='ocrx_word' id='word_1_67' title='bbox 1272 1282 1322 1347; x_wconf 91' lang='lat' dir='ltr'><strong>in·</strong></span> 
     </span>
     <span class='ocr_line' id='line_1_10' title="bbox 137 1383 1322 1466; baseline 0.005 -19"><span class='ocrx_word' id='word_1_68' title='bbox 137 1387 238 1448; x_wconf 73' lang='lat' dir='ltr'><strong>oenmt</strong></span> <span class='ocrx_word' id='word_1_69' title='bbox 268 1383 339 1466; x_wconf 52' lang='lat' dir='ltr'><strong>furi</strong></span> <span class='ocrx_word' id='word_1_70' title='bbox 373 1383 408 1449; x_wconf 94' lang='lat' dir='ltr'><strong>id</strong></span> <span class='ocrx_word' id='word_1_71' title='bbox 441 1385 595 1450; x_wconf 84' lang='lat' dir='ltr'><strong>omittunt</strong></span> <span class='ocrx_word' id='word_1_72' title='bbox 629 1386 694 1450; x_wconf 93' lang='lat' dir='ltr'><strong>duo</strong></span> <span class='ocrx_word' id='word_1_73' title='bbox 728 1384 871 1463; x_wconf 74' lang='lat' dir='ltr'><strong>Orcum,</strong></span> <span class='ocrx_word' id='word_1_74' title='bbox 906 1384 1030 1463; x_wconf 84' lang='lat' dir='ltr'><strong>Heum,</strong></span> <span class='ocrx_word' id='word_1_75' title='bbox 1064 1385 1143 1451; x_wconf 85' lang='lat' dir='ltr'><strong>edit.</strong></span> <span class='ocrx_word' id='word_1_76' title='bbox 1175 1407 1205 1452; x_wconf 86' lang='lat' dir='ltr'><strong>a.</strong></span> <span class='ocrx_word' id='word_1_77' title='bbox 1237 1388 1322 1454; x_wconf 78' lang='lat'><strong>1472</strong></span> 
     </span>
     <span class='ocr_line' id='line_1_11' title="bbox 137 1489 1332 1573; baseline 0.006 -19"><span class='ocrx_word' id='word_1_78' title='bbox 137 1489 385 1573; x_wconf 73' lang='lat' dir='ltr'><strong>lambinusque3</strong></span> <span class='ocrx_word' id='word_1_79' title='bbox 409 1490 468 1555; x_wconf 88' lang='lat' dir='ltr'><strong>sed</strong></span> <span class='ocrx_word' id='word_1_80' title='bbox 487 1490 621 1573; x_wconf 69' lang='lat' dir='ltr'><strong>faciam</strong></span> <span class='ocrx_word' id='word_1_81' title='bbox 643 1493 797 1557; x_wconf 90' lang='lat' dir='ltr'><strong>omittunt</strong></span> <span class='ocrx_word' id='word_1_82' title='bbox 820 1491 897 1556; x_wconf 87' lang='lat' dir='ltr'><strong>edit.</strong></span> <span class='ocrx_word' id='word_1_83' title='bbox 918 1490 1078 1570; x_wconf 83' lang='lat' dir='ltr'><strong>Lambini,</strong></span> <span class='ocrx_word' id='word_1_84' title='bbox 1102 1492 1205 1558; x_wconf 84' lang='lat' dir='ltr'><strong>codex</strong></span> <span class='ocrx_word' id='word_1_85' title='bbox 1222 1493 1332 1561; x_wconf 86' lang='lat' dir='ltr'><strong>Dres·&#39;</strong></span> 
     </span>
     <span class='ocr_line' id='line_1_12' title="bbox 135 1595 1320 1684; baseline 0.005 -23"><span class='ocrx_word' id='word_1_86' title='bbox 135 1596 244 1674; x_wconf 71' lang='lat' dir='ltr'><strong>mrsu,</strong></span> <span class='ocrx_word' id='word_1_87' title='bbox 279 1595 385 1663; x_wconf 83' lang='lat' dir='ltr'><strong>Oxou.</strong></span> <span class='ocrx_word' id='word_1_88' title='bbox 414 1616 508 1676; x_wconf 86' lang='lat' dir='ltr'><strong>unus,</strong></span> <span class='ocrx_word' id='word_1_89' title='bbox 543 1598 669 1676; x_wconf 83' lang='lat' dir='ltr'><strong>Herm,</strong></span> <span class='ocrx_word' id='word_1_90' title='bbox 704 1597 755 1663; x_wconf 85' lang='lat' dir='ltr'><strong>ed.</strong></span> <span class='ocrx_word' id='word_1_91' title='bbox 784 1617 815 1662; x_wconf 88' lang='lat' dir='ltr'><strong>a.</strong></span> <span class='ocrx_word' id='word_1_92' title='bbox 846 1597 941 1674; x_wconf 75' lang='lat'><strong>1472,</strong></span> <span class='ocrx_word' id='word_1_93' title='bbox 976 1597 1149 1680; x_wconf 86' lang='lat' dir='ltr'><strong>iidemque,</strong></span> <span class='ocrx_word' id='word_1_94' title='bbox 1184 1605 1320 1684; x_wconf 83' lang='lat' dir='ltr'><strong>excepto</strong></span> 
     </span>
     <span class='ocr_line' id='line_1_13' title="bbox 134 1701 1320 1789; baseline 0.003 -21"><span class='ocrx_word' id='word_1_95' title='bbox 134 1701 311 1779; x_wconf 81' lang='lat' dir='ltr'><strong>Osoniensi,</strong></span> <span class='ocrx_word' id='word_1_96' title='bbox 344 1703 400 1786; x_wconf 79' lang='lat' dir='ltr'><strong>fui</strong></span> <span class='ocrx_word' id='word_1_97' title='bbox 432 1703 558 1769; x_wconf 84' lang='lat' dir='ltr'><strong>addunt</strong></span> <span class='ocrx_word' id='word_1_98' title='bbox 591 1707 667 1786; x_wconf 85' lang='lat' dir='ltr'><strong>post¹</strong></span> <span class='ocrx_word' id='word_1_99' title='bbox 697 1703 955 1780; x_wconf 75' lang='lat' dir='ltr'><strong>abiicieedomm,</strong></span> <span class='ocrx_word' id='word_1_100' title='bbox 991 1723 1090 1785; x_wconf 88' lang='lat' dir='ltr'><strong>quam</strong></span> <span class='ocrx_word' id='word_1_101' title='bbox 1125 1705 1320 1789; x_wconf 81' lang='lat' dir='ltr'><strong>scripturum</strong></span> 
     </span>
     <span class='ocr_line' id='line_1_14' title="bbox 134 1809 1319 1896; baseline 0.003 -22"><span class='ocrx_word' id='word_1_102' title='bbox 134 1809 302 1875; x_wconf 81' lang='lat' dir='ltr'><strong>Lambinus</strong></span> <span class='ocrx_word' id='word_1_103' title='bbox 336 1829 374 1875; x_wconf 89' lang='lat' dir='ltr'><strong>se</strong></span> <span class='ocrx_word' id='word_1_104' title='bbox 408 1829 448 1875; x_wconf 85' lang='lat' dir='ltr'><strong>ex</strong></span> <span class='ocrx_word' id='word_1_105' title='bbox 481 1810 646 1876; x_wconf 82' lang='lat' dir='ltr'><strong>codicibus</strong></span> <span class='ocrx_word' id='word_1_106' title='bbox 680 1811 859 1893; x_wconf 82' lang='lat' dir='ltr'><strong>sumpsisse</strong></span> <span class='ocrx_word' id='word_1_107' title='bbox 891 1813 1040 1875; x_wconf 85' lang='lat' dir='ltr'><strong>testatur.</strong></span> <span class='ocrx_word' id='word_1_108' title='bbox 1097 1811 1184 1877; x_wconf 86' lang='lat' dir='ltr'><strong>Satis</strong></span> <span class='ocrx_word' id='word_1_109' title='bbox 1218 1816 1319 1896; x_wconf 85' lang='lat' dir='ltr'><strong>petet,</strong></span> 
     </span>
     <span class='ocr_line' id='line_1_15' title="bbox 133 1916 1319 2004; baseline 0.003 -23"><span class='ocrx_word' id='word_1_110' title='bbox 133 1917 248 1998; x_wconf 82' lang='lat' dir='ltr'><strong>opinor,</strong></span> <span class='ocrx_word' id='word_1_111' title='bbox 280 1916 415 1999; x_wconf 76' lang='lat' dir='ltr'><strong>fuissem</strong></span> <span class='ocrx_word' id='word_1_112' title='bbox 450 1916 562 1982; x_wconf 93' lang='lat' dir='ltr'><strong>deberi</strong></span> <span class='ocrx_word' id='word_1_113' title='bbox 595 1917 734 1982; x_wconf 84' lang='lat' dir='ltr'><strong>librariis</strong></span> <span class='ocrx_word' id='word_1_114' title='bbox 769 1938 864 2004; x_wconf 79' lang='lat' dir='ltr'><strong>quom</strong></span> <span class='ocrx_word' id='word_1_115' title='bbox 893 1916 1108 1982; x_wconf 82' lang='lat' dir='ltr'><strong>conirmctioni</strong></span> <span class='ocrx_word' id='word_1_116' title='bbox 1137 1917 1319 2001; x_wconf 83' lang='lat' dir='ltr'><strong>perfectum</strong></span> 
     </span>
     <span class='ocr_line' id='line_1_16' title="bbox 132 2021 1422 2109; baseline 0.003 -22"><span class='ocrx_word' id='word_1_117' title='bbox 132 2021 288 2088; x_wconf 80' lang='lat' dir='ltr'><strong>indicativi</strong></span> <span class='ocrx_word' id='word_1_118' title='bbox 311 2027 442 2106; x_wconf 87' lang='lat' dir='ltr'><strong>tempus</strong></span> <span class='ocrx_word' id='word_1_119' title='bbox 465 2023 596 2106; x_wconf 76' lang='lat' dir='ltr'><strong>adiungi</strong></span> <span class='ocrx_word' id='word_1_120' title='bbox 619 2043 685 2088; x_wconf 90' lang='lat' dir='ltr'><strong>non</strong></span> <span class='ocrx_word' id='word_1_121' title='bbox 707 2024 897 2101; x_wconf 87' lang='lat' dir='ltr'><strong>ferentibus,</strong></span> <span class='ocrx_word' id='word_1_122' title='bbox 921 2022 1010 2105; x_wconf 87' lang='lat' dir='ltr'><strong>quod</strong></span> <span class='ocrx_word' id='word_1_123' title='bbox 1032 2026 1120 2109; x_wconf 80' lang='lat' dir='ltr'><strong>recte</strong></span> <span class='ocrx_word' id='word_1_124' title='bbox 1142 2023 1189 2102; x_wconf 87' lang='lat' dir='ltr'><strong>lit,</strong></span> <span class='ocrx_word' id='word_1_125' title='bbox 1218 2044 1319 2106; x_wconf 88' lang='lat' dir='ltr'><strong>quum</strong></span> <span class='ocrx_word' id='word_1_126' title='bbox 1420 2029 1422 2033; x_wconf 80' lang='grc'>’</span> 
     </span>
     <span class='ocr_line' id='line_1_17' title="bbox 132 2127 1318 2213; baseline -0.001 -19"><span class='ocrx_word' id='word_1_127' title='bbox 132 2146 192 2193; x_wconf 87' lang='lat' dir='ltr'><strong>uon</strong></span> <span class='ocrx_word' id='word_1_128' title='bbox 211 2129 358 2195; x_wconf 86' lang='lat' dir='ltr'><strong>narratio</strong></span> <span class='ocrx_word' id='word_1_129' title='bbox 382 2130 572 2208; x_wconf 81' lang='lat' dir='ltr'><strong>contexitur,</strong></span> <span class='ocrx_word' id='word_1_130' title='bbox 604 2131 665 2203; x_wconf 68' lang='lat' dir='ltr'><strong>sed,</strong></span> <span class='ocrx_word' id='word_1_131' title='bbox 691 2132 821 2213; x_wconf 77' lang='lat' dir='ltr'><strong>tempm</strong></span> <span class='ocrx_word' id='word_1_132' title='bbox 845 2130 1015 2195; x_wconf 84' lang='lat' dir='ltr'><strong>definitum</strong></span> <span class='ocrx_word' id='word_1_133' title='bbox 1036 2131 1170 2194; x_wconf 83' lang='lat' dir='ltr'><strong>notatur</strong></span> <span class='ocrx_word' id='word_1_134' title='bbox 1191 2127 1264 2211; x_wconf 83' lang='lat' dir='ltr'><strong>(cir.</strong></span> <span class='ocrx_word' id='word_1_135' title='bbox 1287 2147 1318 2193; x_wconf 85' lang='lat' dir='ltr'><strong>v.</strong></span> 
     </span>
     <span class='ocr_line' id='line_1_18' title="bbox 135 2233 1319 2319; baseline 0.004 -21"><span class='ocrx_word' id='word_1_136' title='bbox 135 2253 158 2298; x_wconf 90' lang='lat' dir='ltr'><strong>c.</strong></span> <span class='ocrx_word' id='word_1_137' title='bbox 178 2234 218 2300; x_wconf 88' lang='lat' dir='ltr'><strong>de</strong></span> <span class='ocrx_word' id='word_1_138' title='bbox 240 2235 319 2319; x_wconf 86' lang='lat' dir='ltr'><strong>imp.</strong></span> <span class='ocrx_word' id='word_1_139' title='bbox 343 2236 403 2301; x_wconf 82' lang='lat' dir='ltr'><strong>Cn.</strong></span> <span class='ocrx_word' id='word_1_140' title='bbox 425 2235 541 2319; x_wconf 90' lang='lat' dir='ltr'><strong>Pomp.</strong></span> <span class='ocrx_word' id='word_1_141' title='bbox 567 2238 596 2313; x_wconf 92' lang='lat'><strong>1,</strong></span> <span class='ocrx_word' id='word_1_142' title='bbox 625 2233 676 2318; x_wconf 83' lang='lat'><strong>2),</strong></span> <span class='ocrx_word' id='word_1_143' title='bbox 710 2235 764 2318; x_wconf 78' lang='lat' dir='ltr'><strong>fui</strong></span> <span class='ocrx_word' id='word_1_144' title='bbox 798 2240 907 2301; x_wconf 86' lang='lat' dir='ltr'><strong>autem</strong></span> <span class='ocrx_word' id='word_1_145' title='bbox 942 2237 1017 2317; x_wconf 91' lang='lat' dir='ltr'><strong>post</strong></span> <span class='ocrx_word' id='word_1_146' title='bbox 1049 2255 1171 2318; x_wconf 71' lang='lat' dir='ltr'><strong>emper</strong></span> <span class='ocrx_word' id='word_1_147' title='bbox 1196 2234 1319 2303; x_wconf 84' lang='lat' dir='ltr'><strong>iisdem</strong></span> 
     </span>
     <span class='ocr_line' id='line_1_19' title="bbox 134 2340 1319 2426; baseline 0.005 -25"><span class='ocrx_word' id='word_1_148' title='bbox 134 2341 260 2407; x_wconf 79' lang='lat' dir='ltr'><strong>verbum</strong></span> <span class='ocrx_word' id='word_1_149' title='bbox 282 2342 522 2426; x_wconf 87' lang='lat' dir='ltr'><strong>supplentibus,</strong></span> <span class='ocrx_word' id='word_1_150' title='bbox 551 2342 639 2424; x_wconf 88' lang='lat' dir='ltr'><strong>quod</strong></span> <span class='ocrx_word' id='word_1_151' title='bbox 666 2343 700 2406; x_wconf 90' lang='lat' dir='ltr'><strong>in</strong></span> <span class='ocrx_word' id='word_1_152' title='bbox 721 2345 784 2409; x_wconf 84' lang='lat' dir='ltr'><strong>bec</strong></span> <span class='ocrx_word' id='word_1_153' title='bbox 808 2347 992 2426; x_wconf 85' lang='lat' dir='ltr'><strong>temporum</strong></span> <span class='ocrx_word' id='word_1_154' title='bbox 1021 2341 1263 2425; x_wconf 80' lang='lat' dir='ltr'><strong>comparatione</strong></span> <span class='ocrx_word' id='word_1_155' title='bbox 1285 2340 1319 2407; x_wconf 89' lang='lat' dir='ltr'><strong>in</strong></span> 
     </span>
     <span class='ocr_line' id='line_1_20' title="bbox 134 2446 1319 2533; baseline 0.001 -21"><span class='ocrx_word' id='word_1_156' title='bbox 134 2447 259 2514; x_wconf 69' lang='lat' dir='ltr'><strong>celatim</strong></span> <span class='ocrx_word' id='word_1_157' title='bbox 281 2451 445 2516; x_wconf 86' lang='lat' dir='ltr'><strong>sententia</strong></span> <span class='ocrx_word' id='word_1_158' title='bbox 471 2449 626 2533; x_wconf 83' lang='lat' dir='ltr'><strong>perfacile</strong></span> <span class='ocrx_word' id='word_1_159' title='bbox 655 2449 788 2532; x_wconf 77' lang='lat' dir='ltr'><strong>intelligi</strong></span> <span class='ocrx_word' id='word_1_160' title='bbox 816 2453 945 2532; x_wconf 88' lang='lat' dir='ltr'><strong>poterat</strong></span> <span class='ocrx_word' id='word_1_161' title='bbox 973 2469 1013 2514; x_wconf 84' lang='lat' dir='ltr'><strong>ex</strong></span> <span class='ocrx_word' id='word_1_162' title='bbox 1041 2446 1208 2532; x_wconf 84' lang='lat' dir='ltr'><strong>primaria.</strong></span> <span class='ocrx_word' id='word_1_163' title='bbox 1253 2446 1319 2513; x_wconf 90' lang='lat' dir='ltr'><strong>Sed</strong></span> 
     </span>
     <span class='ocr_line' id='line_1_21' title="bbox 134 2553 1318 2638; baseline 0.001 -21"><span class='ocrx_word' id='word_1_164' title='bbox 134 2553 178 2633; x_wconf 73' lang='lat' dir='ltr'><strong>fui</strong></span> <span class='ocrx_word' id='word_1_165' title='bbox 207 2555 262 2620; x_wconf 92' lang='lat' dir='ltr'><strong>illo</strong></span> <span class='ocrx_word' id='word_1_166' title='bbox 295 2555 367 2621; x_wconf 92' lang='lat' dir='ltr'><strong>loco</strong></span> <span class='ocrx_word' id='word_1_167' title='bbox 396 2556 582 2638; x_wconf 90' lang='lat' dir='ltr'><strong>ponendum</strong></span> <span class='ocrx_word' id='word_1_168' title='bbox 611 2557 690 2621; x_wconf 90' lang='lat' dir='ltr'><strong>mihi</strong></span> <span class='ocrx_word' id='word_1_169' title='bbox 718 2557 823 2622; x_wconf 90' lang='lat' dir='ltr'><strong>visum</strong></span> <span class='ocrx_word' id='word_1_170' title='bbox 848 2560 907 2634; x_wconf 88' lang='lat' dir='ltr'><strong>est,</strong></span> <span class='ocrx_word' id='word_1_171' title='bbox 943 2576 1007 2638; x_wconf 89' lang='lat' dir='ltr'><strong>quo</strong></span> <span class='ocrx_word' id='word_1_172' title='bbox 1040 2554 1210 2638; x_wconf 78' lang='lat' dir='ltr'><strong>legebatur</strong></span> <span class='ocrx_word' id='word_1_173' title='bbox 1243 2553 1318 2619; x_wconf 91' lang='lat' dir='ltr'><strong>inde</strong></span> 
     </span>
     <span class='ocr_line' id='line_1_22' title="bbox 135 2661 1317 2753; baseline 0.001 -30"><span class='ocrx_word' id='word_1_174' title='bbox 135 2665 231 2725; x_wconf 84' lang='lat' dir='ltr'><strong>ortum</strong></span> <span class='ocrx_word' id='word_1_175' title='bbox 256 2662 401 2745; x_wconf 73' lang='lat' dir='ltr'><strong>fuissem,</strong></span> <span class='ocrx_word' id='word_1_176' title='bbox 436 2664 632 2753; x_wconf 78' lang='lat' dir='ltr'><strong>elegantiore</strong></span> <span class='ocrx_word' id='word_1_177' title='bbox 659 2663 783 2729; x_wconf 91' lang='lat' dir='ltr'><strong>ordine.</strong></span> <span class='ocrx_word' id='word_1_178' title='bbox 834 2663 926 2728; x_wconf 82' lang='lat' dir='ltr'><strong>Edidi</strong></span> <span class='ocrx_word' id='word_1_179' title='bbox 955 2662 1068 2744; x_wconf 78' lang='lat' dir='ltr'><strong>igitur:</strong></span> <span class='ocrx_word' id='word_1_180' title='bbox 1106 2661 1208 2741; x_wconf 57' lang='lat' dir='ltr'><strong>Qum</strong></span> <span class='ocrx_word' id='word_1_181' title='bbox 1235 2680 1317 2742; x_wconf 82' lang='lat' dir='ltr'><strong>uero,</strong></span> 
     </span>
     <span class='ocr_line' id='line_1_23' title="bbox 136 2767 1317 2855; baseline 0 -25"><span class='ocrx_word' id='word_1_182' title='bbox 136 2769 260 2832; x_wconf 59' lang='lat' dir='ltr'><strong>uentu</strong></span> <span class='ocrx_word' id='word_1_183' title='bbox 282 2772 409 2851; x_wconf 76' lang='lat' dir='ltr'><strong>omisso,</strong></span> <span class='ocrx_word' id='word_1_184' title='bbox 432 2790 497 2854; x_wconf 76' lang='lat' dir='ltr'><strong>epo,</strong></span> <span class='ocrx_word' id='word_1_185' title='bbox 526 2772 581 2855; x_wconf 77' lang='lat' dir='ltr'><strong>qui</strong></span> <span class='ocrx_word' id='word_1_186' title='bbox 600 2772 692 2854; x_wconf 77' lang='lat' dir='ltr'><strong>pacis</strong></span> <span class='ocrx_word' id='word_1_187' title='bbox 714 2777 824 2833; x_wconf 82' lang='lat' dir='ltr'><strong>auctor</strong></span> <span class='ocrx_word' id='word_1_188' title='bbox 846 2789 976 2853; x_wconf 80' lang='lat' dir='ltr'><strong>semper,</strong></span> <span class='ocrx_word' id='word_1_189' title='bbox 998 2776 1071 2852; x_wconf 82' lang='lat' dir='ltr'><strong>poet</strong></span> <span class='ocrx_word' id='word_1_190' title='bbox 1093 2767 1317 2834; x_wconf 77' lang='lat' dir='ltr'><strong>Pharsalicum</strong></span> 
     </span>
     <span class='ocr_line' id='line_1_24' title="bbox 132 2874 1317 2958; baseline 0 -20"><span class='ocrx_word' id='word_1_191' title='bbox 132 2875 265 2955; x_wconf 61' lang='lat' dir='ltr'><strong>potum</strong></span> <span class='ocrx_word' id='word_1_192' title='bbox 288 2895 404 2940; x_wconf 82' lang='lat' dir='ltr'><strong>suasor</strong></span> <span class='ocrx_word' id='word_1_193' title='bbox 423 2876 478 2958; x_wconf 74' lang='lat' dir='ltr'><strong>fui</strong></span> <span class='ocrx_word' id='word_1_194' title='bbox 500 2880 561 2941; x_wconf 90' lang='lat' dir='ltr'><strong>cet.</strong></span> <span class='ocrx_word' id='word_1_195' title='bbox 606 2877 716 2958; x_wconf 85' lang='lat' dir='ltr'><strong>Atque</strong></span> <span class='ocrx_word' id='word_1_196' title='bbox 742 2875 813 2941; x_wconf 82' lang='lat' dir='ltr'><strong>haec</strong></span> <span class='ocrx_word' id='word_1_197' title='bbox 836 2896 901 2941; x_wconf 89' lang='lat' dir='ltr'><strong>non</strong></span> <span class='ocrx_word' id='word_1_198' title='bbox 925 2875 1039 2940; x_wconf 89' lang='lat' dir='ltr'><strong>dubito</strong></span> <span class='ocrx_word' id='word_1_199' title='bbox 1061 2874 1139 2955; x_wconf 82' lang='lat' dir='ltr'><strong>quin</strong></span> <span class='ocrx_word' id='word_1_200' title='bbox 1162 2876 1253 2939; x_wconf 82' lang='lat' dir='ltr'><strong>recta</strong></span> <span class='ocrx_word' id='word_1_201' title='bbox 1274 2875 1317 2938; x_wconf 91' lang='lat' dir='ltr'><strong>sit</strong></span> 
     </span>
     <span class='ocr_line' id='line_1_25' title="bbox 137 2974 1315 3062; baseline 0.004 -21"><span class='ocrx_word' id='word_1_202' title='bbox 137 2977 227 3044; x_wconf 84' lang='lat' dir='ltr'><strong>torma</strong></span> <span class='ocrx_word' id='word_1_203' title='bbox 249 2983 438 3059; x_wconf 85' lang='lat' dir='ltr'><strong>sententiae;</strong></span> <span class='ocrx_word' id='word_1_204' title='bbox 461 2983 608 3048; x_wconf 88' lang='lat' dir='ltr'><strong>relictum</strong></span> <span class='ocrx_word' id='word_1_205' title='bbox 626 2974 737 3047; x_wconf 83' lang='lat' dir='ltr'><strong>tamen</strong></span> <span class='ocrx_word' id='word_1_206' title='bbox 755 3001 827 3047; x_wconf 88' lang='lat' dir='ltr'><strong>esse</strong></span> <span class='ocrx_word' id='word_1_207' title='bbox 845 2982 1104 3046; x_wconf 87' lang='lat' dir='ltr'><strong>additamentum</strong></span> <span class='ocrx_word' id='word_1_208' title='bbox 1120 2980 1315 3062; x_wconf 88' lang='lat' dir='ltr'><strong>interpretis,</strong></span> 
     </span>
     <span class='ocr_line' id='line_1_26' title="bbox 136 3070 1316 3172; baseline -0.001 -21"><span class='ocrx_word' id='word_1_209' title='bbox 136 3087 277 3168; x_wconf 81' lang='lat' dir='ltr'><strong>suspicari</strong></span> <span class='ocrx_word' id='word_1_210' title='bbox 308 3070 425 3170; x_wconf 83' lang='lat' dir='ltr'><strong>aliquis</strong></span> <span class='ocrx_word' id='word_1_211' title='bbox 454 3090 570 3172; x_wconf 87' lang='lat' dir='ltr'><strong>possit;</strong></span> <span class='ocrx_word' id='word_1_212' title='bbox 605 3108 682 3154; x_wconf 85' lang='lat' dir='ltr'><strong>nam</strong></span> <span class='ocrx_word' id='word_1_213' title='bbox 717 3091 750 3154; x_wconf 90' lang='lat' dir='ltr'><strong>in</strong></span> <span class='ocrx_word' id='word_1_214' title='bbox 784 3089 845 3154; x_wconf 91' lang='lat' dir='ltr'><strong>illis</strong></span> <span class='ocrx_word' id='word_1_215' title='bbox 881 3089 996 3152; x_wconf 81' lang='lat' dir='ltr'><strong>amisso</strong></span> <span class='ocrx_word' id='word_1_216' title='bbox 1024 3088 1161 3151; x_wconf 62' lang='lat' dir='ltr'><strong>scente</strong></span> <span class='ocrx_word' id='word_1_217' title='bbox 1188 3089 1221 3151; x_wconf 93' lang='lat' dir='ltr'><strong>et</strong></span> <span class='ocrx_word' id='word_1_218' title='bbox 1244 3074 1316 3171; x_wconf 79' lang='lat' dir='ltr'><strong>poet</strong></span> 
     </span>
     <span class='ocr_line' id='line_1_27' title="bbox 138 3188 1368 3277; baseline 0.002 -22"><span class='ocrx_word' id='word_1_219' title='bbox 138 3188 184 3255; x_wconf 75' lang='lat' dir='ltr'><strong>rt.</strong></span> <span class='ocrx_word' id='word_1_220' title='bbox 211 3195 362 3277; x_wconf 63' lang='lat' dir='ltr'><strong>melium</strong></span> <span class='ocrx_word' id='word_1_221' title='bbox 394 3215 461 3260; x_wconf 90' lang='lat' dir='ltr'><strong>non</strong></span> <span class='ocrx_word' id='word_1_222' title='bbox 494 3195 599 3261; x_wconf 90' lang='lat' dir='ltr'><strong>solum</strong></span> <span class='ocrx_word' id='word_1_223' title='bbox 634 3196 721 3260; x_wconf 91' lang='lat' dir='ltr'><strong>idem</strong></span> <span class='ocrx_word' id='word_1_224' title='bbox 755 3195 805 3260; x_wconf 92' lang='lat' dir='ltr'><strong>bis</strong></span> <span class='ocrx_word' id='word_1_225' title='bbox 840 3195 971 3271; x_wconf 89' lang='lat' dir='ltr'><strong>dicitur,</strong></span> <span class='ocrx_word' id='word_1_226' title='bbox 1012 3193 1071 3258; x_wconf 88' lang='lat' dir='ltr'><strong>scd</strong></span> <span class='ocrx_word' id='word_1_227' title='bbox 1109 3192 1312 3258; x_wconf 89' lang='lat' dir='ltr'><strong>incommode</strong></span> <span class='ocrx_word' id='word_1_228' title='bbox 1329 3215 1368 3257; x_wconf 80' lang='lat' dir='ltr'><strong>ree</strong></span> 
     </span>
     <span class='ocr_line' id='line_1_28' title="bbox 137 3296 1315 3386; baseline 0.003 -25"><span class='ocrx_word' id='word_1_229' title='bbox 137 3296 311 3382; x_wconf 85' lang='lat' dir='ltr'><strong>interposita</strong></span> <span class='ocrx_word' id='word_1_230' title='bbox 340 3302 502 3367; x_wconf 85' lang='lat' dir='ltr'><strong>sententia</strong></span> <span class='ocrx_word' id='word_1_231' title='bbox 530 3303 601 3367; x_wconf 86' lang='lat' dir='ltr'><strong>hoec</strong></span> <span class='ocrx_word' id='word_1_232' title='bbox 630 3302 865 3386; x_wconf 78' lang='lat' dir='ltr'><strong>disiunguntur,</strong></span> <span class='ocrx_word' id='word_1_233' title='bbox 901 3306 1058 3383; x_wconf 86' lang='lat' dir='ltr'><strong>tanquam</strong></span> <span class='ocrx_word' id='word_1_234' title='bbox 1089 3300 1165 3366; x_wconf 85' lang='lat' dir='ltr'><strong>novi</strong></span> <span class='ocrx_word' id='word_1_235' title='bbox 1194 3300 1315 3382; x_wconf 88' lang='lat' dir='ltr'><strong>aliquid</strong></span> 
     </span>
     <span class='ocr_line' id='line_1_29' title="bbox 140 3401 308 3487; baseline 0.036 -22"><span class='ocrx_word' id='word_1_236' title='bbox 140 3401 308 3487; x_wconf 73' lang='lat' dir='ltr'><strong>addatur&#39;)</strong></span> 
     </span>
     <span class='ocr_line' id='line_1_30' title="bbox 209 3512 1313 3597; baseline 0.001 -21"><span class='ocrx_word' id='word_1_237' title='bbox 209 3512 348 3579; x_wconf 82' lang='lat' dir='ltr'><strong>Restant</strong></span> <span class='ocrx_word' id='word_1_238' title='bbox 370 3516 535 3580; x_wconf 88' lang='lat' dir='ltr'><strong>orationes</strong></span> <span class='ocrx_word' id='word_1_239' title='bbox 557 3515 747 3597; x_wconf 79' lang='lat' dir='ltr'><strong>Philippicae</strong></span> <span class='ocrx_word' id='word_1_240' title='bbox 771 3515 855 3580; x_wconf 86' lang='lat' dir='ltr'><strong>duee.</strong></span> <span class='ocrx_word' id='word_1_241' title='bbox 890 3514 1011 3579; x_wconf 84' lang='lat' dir='ltr'><strong>Earum</strong></span> <span class='ocrx_word' id='word_1_242' title='bbox 1035 3513 1313 3578; x_wconf 87' lang='lat' dir='ltr'><strong>emendandarum</strong></span> 
     </span>
     <span class='ocr_line' id='line_1_31' title="bbox 89 3616 1312 3709; baseline -0.002 -25"><span class='ocrx_word' id='word_1_243' title='bbox 89 3636 92 3709; x_wconf 70' lang='grc' dir='ltr'><strong>ξ</strong></span> <span class='ocrx_word' id='word_1_244' title='bbox 142 3616 189 3684; x_wconf 65' lang='lat' dir='ltr'><strong>elsi</strong></span> <span class='ocrx_word' id='word_1_245' title='bbox 215 3621 374 3701; x_wconf 81' lang='lat' dir='ltr'><strong>optimum</strong></span> <span class='ocrx_word' id='word_1_246' title='bbox 398 3621 584 3703; x_wconf 71' lang='lat' dir='ltr'><strong>praesidium</strong></span> <span class='ocrx_word' id='word_1_247' title='bbox 615 3622 742 3704; x_wconf 83' lang='lat' dir='ltr'><strong>praebet</strong></span> <span class='ocrx_word' id='word_1_248' title='bbox 770 3621 872 3685; x_wconf 83' lang='lat' dir='ltr'><strong>codex</strong></span> <span class='ocrx_word' id='word_1_249' title='bbox 900 3621 1084 3693; x_wconf 79' lang='lat' dir='ltr'><strong>Vaticanus,</strong></span> <span class='ocrx_word' id='word_1_250' title='bbox 1121 3638 1185 3700; x_wconf 89' lang='lat' dir='ltr'><strong>quo</strong></span> <span class='ocrx_word' id='word_1_251' title='bbox 1214 3618 1312 3683; x_wconf 88' lang='lat' dir='ltr'><strong>etiam</strong></span> 
     </span>
     <span class='ocr_line' id='line_1_32' title="bbox 89 3718 1311 3809; baseline -0.002 -21"><span class='ocrx_word' id='word_1_252' title='bbox 89 3718 91 3775; x_wconf 73' lang='grc' dir='ltr'><strong><em>ἓ</em></strong></span> <span class='ocrx_word' id='word_1_253' title='bbox 142 3720 220 3799; x_wconf 73' lang='lat' dir='ltr'><strong>mulo</strong></span> <span class='ocrx_word' id='word_1_254' title='bbox 246 3726 393 3807; x_wconf 89' lang='lat' dir='ltr'><strong>pluribus</strong></span> <span class='ocrx_word' id='word_1_255' title='bbox 422 3726 499 3791; x_wconf 90' lang='lat' dir='ltr'><strong>locis</strong></span> <span class='ocrx_word' id='word_1_256' title='bbox 527 3747 605 3792; x_wconf 91' lang='lat' dir='ltr'><strong>usus</strong></span> <span class='ocrx_word' id='word_1_257' title='bbox 633 3748 707 3792; x_wconf 91' lang='lat' dir='ltr'><strong>sum</strong></span> <span class='ocrx_word' id='word_1_258' title='bbox 736 3747 835 3809; x_wconf 82' lang='lat' dir='ltr'><strong>quam</strong></span> <span class='ocrx_word' id='word_1_259' title='bbox 863 3729 1056 3809; x_wconf 86' lang='lat' dir='ltr'><strong>superiores,</strong></span> <span class='ocrx_word' id='word_1_260' title='bbox 1091 3744 1157 3789; x_wconf 90' lang='lat' dir='ltr'><strong>non</strong></span> <span class='ocrx_word' id='word_1_261' title='bbox 1191 3726 1311 3800; x_wconf 73' lang='lat' dir='ltr'><strong>tamem</strong></span> 
     </span>
     <span class='ocr_line' id='line_1_33' title="bbox 144 3831 1312 3916; baseline -0.001 -20"><span class='ocrx_word' id='word_1_262' title='bbox 144 3844 224 3906; x_wconf 75' lang='lat' dir='ltr'><strong>quum</strong></span> <span class='ocrx_word' id='word_1_263' title='bbox 244 3833 425 3914; x_wconf 82' lang='lat' dir='ltr'><strong>praesertirn</strong></span> <span class='ocrx_word' id='word_1_264' title='bbox 449 3834 536 3899; x_wconf 90' lang='lat' dir='ltr'><strong>solus</strong></span> <span class='ocrx_word' id='word_1_265' title='bbox 561 3835 587 3899; x_wconf 93' lang='lat' dir='ltr'><strong>is</strong></span> <span class='ocrx_word' id='word_1_266' title='bbox 611 3835 652 3898; x_wconf 92' lang='lat' dir='ltr'><strong>sit</strong></span> <span class='ocrx_word' id='word_1_267' title='bbox 675 3834 816 3899; x_wconf 88' lang='lat' dir='ltr'><strong>melioris</strong></span> <span class='ocrx_word' id='word_1_268' title='bbox 840 3834 966 3916; x_wconf 75' lang='lat' dir='ltr'><strong>generis</strong></span> <span class='ocrx_word' id='word_1_269' title='bbox 990 3833 1102 3909; x_wconf 82' lang='lat' dir='ltr'><strong>codex,</strong></span> <span class='ocrx_word' id='word_1_270' title='bbox 1132 3831 1175 3896; x_wconf 88' lang='lat' dir='ltr'><strong>ad</strong></span> <span class='ocrx_word' id='word_1_271' title='bbox 1203 3831 1312 3895; x_wconf 84' lang='lat' dir='ltr'><strong>omnic</strong></span> 
     </span>
     <span class='ocr_line' id='line_1_34' title="bbox 145 3936 1312 4023; baseline 0 -21"><span class='ocrx_word' id='word_1_272' title='bbox 145 3936 241 4002; x_wconf 72' lang='lat' dir='ltr'><strong>menda</strong></span> <span class='ocrx_word' id='word_1_273' title='bbox 264 3939 409 4005; x_wconf 85' lang='lat' dir='ltr'><strong>tollenda</strong></span> <span class='ocrx_word' id='word_1_274' title='bbox 437 3940 570 4016; x_wconf 83' lang='lat' dir='ltr'><strong>sufiicit;</strong></span> <span class='ocrx_word' id='word_1_275' title='bbox 605 3961 744 4023; x_wconf 86' lang='lat' dir='ltr'><strong>quorum</strong></span> <span class='ocrx_word' id='word_1_276' title='bbox 772 3960 872 4005; x_wconf 91' lang='lat' dir='ltr'><strong>unum</strong></span> <span class='ocrx_word' id='word_1_277' title='bbox 901 3945 933 4005; x_wconf 91' lang='lat' dir='ltr'><strong>et</strong></span> <span class='ocrx_word' id='word_1_278' title='bbox 961 3941 1099 4004; x_wconf 85' lang='lat' dir='ltr'><strong>alterum</strong></span> <span class='ocrx_word' id='word_1_279' title='bbox 1128 3938 1312 4002; x_wconf 85' lang='lat' dir='ltr'><strong>coniectura</strong></span> 
     </span>
    </p>
   </div>
   <div class='ocr_carea' id='block_1_3' title="bbox 168 4141 1310 4575">
    <p class='ocr_par' dir='ltr' id='par_1_3' title="bbox 168 4141 1310 4487">
     <span class='ocr_line' id='line_1_35' title="bbox 168 4141 1310 4222; baseline -0.004 -13"><span class='ocrx_word' id='word_1_280' title='bbox 168 4141 185 4209; x_wconf 64' lang='grc' dir='ltr'><strong>ι)</strong></span> <span class='ocrx_word' id='word_1_281' title='bbox 199 4148 292 4205; x_wconf 77' lang='lat' dir='ltr'><strong>Codicis</strong></span> <span class='ocrx_word' id='word_1_282' title='bbox 310 4153 375 4216; x_wconf 75' lang='lat' dir='ltr'><strong>nrt,</strong></span> <span class='ocrx_word' id='word_1_283' title='bbox 402 4153 432 4206; x_wconf 91' lang='lat' dir='ltr'><strong>in</strong></span> <span class='ocrx_word' id='word_1_284' title='bbox 454 4154 590 4222; x_wconf 83' lang='lat' dir='ltr'><strong>prioribus</strong></span> <span class='ocrx_word' id='word_1_285' title='bbox 611 4153 772 4222; x_wconf 87' lang='lat' dir='ltr'><strong>perturbati,</strong></span> <span class='ocrx_word' id='word_1_286' title='bbox 801 4153 829 4206; x_wconf 91' lang='lat' dir='ltr'><strong>in</strong></span> <span class='ocrx_word' id='word_1_287' title='bbox 854 4152 943 4206; x_wconf 84' lang='lat' dir='ltr'><strong>verbis</strong></span> <span class='ocrx_word' id='word_1_288' title='bbox 961 4160 1025 4219; x_wconf 83' lang='lat' dir='ltr'><strong>post</strong></span> <span class='ocrx_word' id='word_1_289' title='bbox 1051 4151 1242 4205; x_wconf 76' lang='lat' dir='ltr'><strong>Pharsalicum</strong></span> <span class='ocrx_word' id='word_1_290' title='bbox 1260 4154 1310 4204; x_wconf 86' lang='lat' dir='ltr'><strong>cet.</strong></span> 
     </span>
     <span class='ocr_line' id='line_1_36' title="bbox 200 4239 1309 4311; baseline 0 -19"><span class='ocrx_word' id='word_1_291' title='bbox 200 4253 247 4294; x_wconf 84' lang='lat' dir='ltr'><strong>nou</strong></span> <span class='ocrx_word' id='word_1_292' title='bbox 264 4241 352 4297; x_wconf 86' lang='lat' dir='ltr'><strong>minor</strong></span> <span class='ocrx_word' id='word_1_293' title='bbox 371 4246 413 4297; x_wconf 82' lang='lat' dir='ltr'><strong>cel</strong></span> <span class='ocrx_word' id='word_1_294' title='bbox 431 4242 578 4296; x_wconf 67' lang='lat' dir='ltr'><strong>arcuatas</strong></span> <span class='ocrx_word' id='word_1_295' title='bbox 597 4259 681 4310; x_wconf 88' lang='lat' dir='ltr'><strong>quam</strong></span> <span class='ocrx_word' id='word_1_296' title='bbox 700 4242 728 4296; x_wconf 93' lang='lat' dir='ltr'><strong>in</strong></span> <span class='ocrx_word' id='word_1_297' title='bbox 747 4241 852 4311; x_wconf 83' lang='lat' dir='ltr'><strong>reliqua</strong></span> <span class='ocrx_word' id='word_1_298' title='bbox 871 4242 921 4294; x_wconf 83' lang='lat' dir='ltr'><strong>hac</strong></span> <span class='ocrx_word' id='word_1_299' title='bbox 941 4240 1070 4294; x_wconf 89' lang='lat' dir='ltr'><strong>oratioue.</strong></span> <span class='ocrx_word' id='word_1_300' title='bbox 1098 4240 1129 4293; x_wconf 88' lang='lat' dir='ltr'><strong>lu</strong></span> <span class='ocrx_word' id='word_1_301' title='bbox 1149 4255 1181 4293; x_wconf 89' lang='lat' dir='ltr'><strong>eo</strong></span> <span class='ocrx_word' id='word_1_302' title='bbox 1200 4239 1309 4308; x_wconf 72' lang='lat' dir='ltr'><strong>legitur:</strong></span> 
     </span>
     <span class='ocr_line' id='line_1_37' title="bbox 204 4327 1310 4398; baseline 0 -17"><span class='ocrx_word' id='word_1_303' title='bbox 204 4328 280 4391; x_wconf 57' lang='lat' dir='ltr'><strong>wem</strong></span> <span class='ocrx_word' id='word_1_304' title='bbox 298 4347 358 4385; x_wconf 79' lang='lat' dir='ltr'><strong>cero</strong></span> <span class='ocrx_word' id='word_1_305' title='bbox 378 4333 496 4385; x_wconf 63' lang='lat' dir='ltr'><strong>werden</strong></span> <span class='ocrx_word' id='word_1_306' title='bbox 514 4334 614 4385; x_wconf 67' lang='lat' dir='ltr'><strong>ammio</strong></span> <span class='ocrx_word' id='word_1_307' title='bbox 637 4340 661 4383; x_wconf 80' lang='lat' dir='ltr'><strong>ct</strong></span> <span class='ocrx_word' id='word_1_308' title='bbox 684 4333 830 4398; x_wconf 76' lang='lat' dir='ltr'><strong>cupiditate</strong></span> <span class='ocrx_word' id='word_1_309' title='bbox 857 4329 1015 4398; x_wconf 88' lang='lat' dir='ltr'><strong>(repetitum</strong></span> <span class='ocrx_word' id='word_1_310' title='bbox 1040 4328 1091 4381; x_wconf 92' lang='lat' dir='ltr'><strong>hoc</strong></span> <span class='ocrx_word' id='word_1_311' title='bbox 1115 4344 1148 4381; x_wconf 85' lang='lat' dir='ltr'><strong>ex</strong></span> <span class='ocrx_word' id='word_1_312' title='bbox 1172 4327 1310 4396; x_wconf 86' lang='lat' dir='ltr'><strong>superiore</strong></span> 
     </span>
     <span class='ocr_line' id='line_1_38' title="bbox 203 4414 720 4487; baseline 0.004 -18"><span class='ocrx_word' id='word_1_313' title='bbox 203 4414 280 4481; x_wconf 69' lang='lat' dir='ltr'><strong>Versu)</strong></span> <span class='ocrx_word' id='word_1_314' title='bbox 296 4426 357 4486; x_wconf 75' lang='lat' dir='ltr'><strong>port</strong></span> <span class='ocrx_word' id='word_1_315' title='bbox 376 4420 568 4472; x_wconf 73' lang='lat' dir='ltr'><strong>Pharsalicum</strong></span> <span class='ocrx_word' id='word_1_316' title='bbox 582 4421 720 4487; x_wconf 79' lang='lat' dir='ltr'><strong>proelium.</strong></span> 
     </span>
    </p>

    <p class='ocr_par' dir='ltr' id='par_1_4' title="bbox 174 4490 1309 4575">
     <span class='ocr_line' id='line_1_39' title="bbox 174 4490 1309 4575; baseline -0.006 -11"><span class='ocrx_word' id='word_1_317' title='bbox 174 4490 190 4555; x_wconf 74' lang='lat' dir='ltr'><strong>’l</strong></span> <span class='ocrx_word' id='word_1_318' title='bbox 202 4495 264 4567; x_wconf 64' lang='lat' dir='ltr'><strong>[Cim</strong></span> <span class='ocrx_word' id='word_1_319' title='bbox 280 4523 341 4574; x_wconf 73' lang='lat' dir='ltr'><strong>quer</strong></span> <span class='ocrx_word' id='word_1_320' title='bbox 359 4523 393 4560; x_wconf 86' lang='lat' dir='ltr'><strong>ex</strong></span> <span class='ocrx_word' id='word_1_321' title='bbox 411 4506 498 4561; x_wconf 82' lang='lat' dir='ltr'><strong>tertiae</strong></span> <span class='ocrx_word' id='word_1_322' title='bbox 516 4506 642 4560; x_wconf 89' lang='lat' dir='ltr'><strong>editionis</strong></span> <span class='ocrx_word' id='word_1_323' title='bbox 661 4507 819 4575; x_wconf 77' lang='lat' dir='ltr'><strong>prestatione</strong></span> <span class='ocrx_word' id='word_1_324' title='bbox 839 4511 965 4575; x_wconf 70' lang='lat' dir='ltr'><strong>excepta</strong></span> <span class='ocrx_word' id='word_1_325' title='bbox 977 4504 1028 4559; x_wconf 90' lang='lat' dir='ltr'><strong>sub</strong></span> <span class='ocrx_word' id='word_1_326' title='bbox 1045 4503 1128 4558; x_wconf 87' lang='lat' dir='ltr'><strong>linem</strong></span> <span class='ocrx_word' id='word_1_327' title='bbox 1143 4505 1224 4559; x_wconf 87' lang='lat' dir='ltr'><strong>huius</strong></span> <span class='ocrx_word' id='word_1_328' title='bbox 1236 4503 1309 4558; x_wconf 81' lang='lat' dir='ltr'><strong>volu·</strong></span> 
     </span>
    </p>
   </div>
   <div class='ocr_carea' id='block_1_4' title="bbox 206 4590 1097 4736">
    <p class='ocr_par' dir='ltr' id='par_1_5' title="bbox 206 4590 1097 4736">
     <span class='ocr_line' id='line_1_40' title="bbox 206 4590 465 4664; baseline 0.004 -18"><span class='ocrx_word' id='word_1_329' title='bbox 206 4590 272 4646; x_wconf 79' lang='lat' dir='ltr'><strong>minis</strong></span> <span class='ocrx_word' id='word_1_330' title='bbox 289 4591 465 4664; x_wconf 81' lang='lat' dir='ltr'><strong>ponentur.].</strong></span> 
     </span>
     <span class='ocr_line' id='line_1_41' title="bbox 1065 4682 1097 4736; baseline 0 -20"><span class='ocrx_word' id='word_1_331' title='bbox 1065 4682 1097 4736; x_wconf 67' lang='lat'><strong>90</strong></span> 
     </span>
    </p>
   </div>
   <div class='ocr_carea' id='block_1_5' title="bbox 0 0 1478 5206">
    <p class='ocr_par' dir='ltr' id='par_1_6' title="bbox 0 0 1478 5206">
     <span class='ocr_line' id='line_1_42' title="bbox 0 0 1478 5206; baseline 0 3"><span class='ocrx_word' id='word_1_332' title='bbox 0 0 1478 5206; x_wconf 95' lang='lat' dir='ltr'><strong> </strong></span> 
     </span>
    </p>
   </div>
  </div>
 </body>
</html>
