2948 5206
656 302 699 366 29

70 519 206 563 summa
229 476 327 563 laude
351 499 530 580 ponebant,
554 499 724 581 aurigandi
749 519 819 576 ars;
849 518 923 564 eam
947 504 1056 564 autem
1081 503 1280 575 ostentabat,

72 607 128 687 qui
153 606 224 671 lora
247 605 393 683 tenebat,
418 605 638 671 Automedon.
684 605 897 689 Perspicuum
922 609 987 671 iam
1013 613 1072 685 est,
1097 610 1184 673 hunc
1208 630 1280 675 esse

73 714 178 797 spatam
212 712 318 789 illum,
354 732 522 794 unumque
558 712 725 778 hominem
760 716 881 790 notari,
923 719 957 779 et
991 716 1037 779 sic
1073 735 1145 779 esse
1181 718 1281 780 inter·

74 819 304 902 pungendum:
1186 837 1189 844 ·

817 947 894 993 nam
918 929 988 992 lora
1012 930 1147 994 tenebat

236 1034 319 1115 lpse,
344 1034 522 1098 lacematae
545 1036 600 1099 dcc.

164 1140 298 1204 Eiicitur
320 1140 419 1222 igitur
442 1159 482 1204 ex
505 1143 567 1204 hoc
591 1141 662 1207 loco
685 1142 771 1205 Nero
800 1161 873 1205 cum
898 1162 958 1207 suo
981 1144 1148 1206 comitatu.
1195 1142 1281 1206 Nam

76 1247 216 1321 amicam
252 1247 455 1315 lacematam
488 1247 575 1328 quod
611 1247 752 1329 Sporum
784 1227 925 1325 iaciunt,
968 1250 1040 1330 quis
1080 1269 1145 1313 non
1179 1249 1280 1325 ridet,

79 1353 234 1435 Sporum,
270 1372 368 1434 quem
405 1352 575 1417 mulierem
611 1354 741 1418 efficere
775 1355 862 1448 Nero
896 1355 1067 1430 studebat,
1109 1355 1281 1419 muliebria

82 1461 275 1524 vestimenta
303 1461 484 1541 sumpsisse
514 1459 585 1541 (cir.
610 1461 700 1525 Suet.
725 1461 801 1525 Ner.
826 1458 898 1541 28),
927 1465 1121 1542 tantumque
1151 1463 1279 1535 abesse,

83 1570 117 1629 ut
137 1567 165 1630 is
187 1566 288 1631 virilis
311 1565 444 1630 habitus
474 1569 639 1632 mentione
669 1568 876 1650 significetur,
906 1572 942 1633 ut
971 1574 1081 1633 contra
1112 1569 1280 1633 muliebris

85 1672 308 1753 sigrulicandus
332 1673 451 1738 fuerit?
474 1673 590 1738 Verbis
614 1675 693 1739 nihil
718 1677 901 1758 continetur
924 1677 986 1739 nisi
1010 1678 1117 1757 imago
1135 1676 1280 1740 mulieris

89 1799 147 1843 nou
175 1780 405 1862 pudicissimae,
441 1780 550 1844 viriles
583 1785 691 1846 vestes
723 1783 891 1847 imitantis,
947 1782 1154 1864 Complectar
1185 1784 1282 1864 igitur
1371 1852 1373 1856 ,

90 1888 198 1951 omnia.
245 1887 407 1952 luvenalis
431 1889 516 1951 inter
540 1896 650 1952 cetera
673 1890 834 1953 scelerum
860 1894 892 1953 et
915 1889 1111 1970 flagitiorum
1130 1890 1282 1970 exempla

57 2017 60 2021 ·
95 1992 233 2057 describit
255 1994 423 2059 hominem
447 1996 563 2059 insano
587 1997 757 2077 aurigandi
780 1997 889 2060 studio
922 2016 961 2059 ex
990 1996 1110 2087 divitiis
1139 1996 1182 2058 ad
1213 1998 1283 2059 ino·

97 2101 170 2180 piam
192 2101 360 2165 redactum
384 2108 418 2165 et
442 2121 560 2166 munus
579 2102 718 2166 militare
736 2102 944 2184 impudenter
961 2107 1139 2184 petentem,
1160 2103 1283 2184 inopiae

100 2225 132 2269 er
150 2208 272 2289 publico
296 2208 463 2283 levamen3
498 2209 568 2272 eius
600 2210 733 2275 incitato
762 2228 859 2274 cursu
890 2209 1082 2273 Flaminiam
1112 2211 1282 2290 spectante
1298 2224 1323 2264 ³⁷

103 2314 188 2377 anuca
208 2315 408 2397 pervolantis
432 2317 540 2397 imago
564 2317 765 2397 proponitur.
807 2316 958 2380 Nondum
983 2317 1048 2379 dixi
1073 2315 1113 2378 de
1138 2315 1192 2379 illa
1213 2317 1284 2397 ipsa

105 2421 334 2498 moratoriis,
369 2423 431 2485 nisi
461 2423 549 2503 quod
577 2442 710 2486 causam
741 2423 810 2486 eius
839 2423 991 2503 petendae
1020 2422 1215 2504 significavi3
1252 2426 1290 2486 et·

107 2536 225 2604 quastus
249 2549 352 2594 causa
375 2549 413 2593 ac
438 2530 590 2612 stipendii
615 2530 675 2593 illis
699 2530 903 2611 temporibus
927 2529 1094 2592 Romanos
1126 2529 1283 2592 militasse

110 2635 133 2693 et
150 2654 275 2699 munera
299 2636 453 2700 militaria
477 2638 552 2701 vitae
570 2637 794 2700 sustentandae
812 2641 870 2701 aut
887 2637 1033 2717 pecuniae
1052 2636 1283 2717 comparandae

110 2755 185 2804 causa
204 2744 308 2823 petita
333 2763 416 2820 esse,
441 2744 520 2807 satis
545 2751 657 2808 nolum
683 2748 733 2807 est
757 2742 925 2823 tetigitque
944 2761 1016 2805 eam
1035 2761 1104 2805 rem
1123 2742 1284 2806 luvenalis
1392 2733 1395 2739 ’

111 2842 170 2919 llll,
197 2850 258 2913 193
282 2869 354 2931 sqq.
406 2851 475 2914 lam
500 2852 642 2931 primum
672 2849 931 2915 concertationes
960 2848 1032 2923 illae,
1063 2848 1285 2929 Tigellinusne

111 2949 311 3038 intelligendus
334 2959 376 3022 sit
405 2978 448 3025 an
472 2959 565 3035 aliuS,
602 2962 635 3021 et
669 2958 801 3023 omnino
834 2956 875 3018 de
911 2963 999 3019 certo
1028 2956 1160 3020 homine
1191 2957 1285 3020 intel·

111 3054 220 3139 ligendo,
246 3064 386 3128 sublatae
409 3069 496 3141 sunt,
521 3065 650 3128 Nerone
674 3065 749 3127 hinc
775 3064 920 3144 expulso,
967 3063 1152 3126 Videndum
1173 3067 1285 3126 tamen

110 3171 223 3249 exempli
253 3178 286 3233 et
315 3171 546 3236 admonitionis
576 3191 691 3247 causa,
728 3190 829 3251 quam
864 3190 929 3233 non
964 3174 1051 3233 recte
1087 3189 1156 3250 rem
1191 3189 1287 3233 suam

110 3282 196 3351 agant.
241 3277 335 3340 Unde
371 3279 458 3341 enim
493 3277 690 3359 praefectura
725 3277 778 3340 illa
813 3278 978 3358 praetorii?
1022 3276 1068 3339 lla
1103 3277 1186 3340 adeo
1222 3295 1287 3339 non

110 3378 286 3458 significatur
320 3403 407 3447 curae
442 3384 583 3447 cohortis
619 3384 871 3466 appellatione,
895 3387 931 3446 ut
965 3383 1044 3446 nihil
1079 3384 1198 3446 certius
1234 3384 1286 3457 sit,

110 3502 195 3565 quarn,
230 3509 331 3571 quum
366 3492 412 3554 ita
447 3491 636 3571 simpliciter
667 3491 783 3554 cohors
814 3491 942 3554 dicatur
970 3489 1124 3570 singulari
1149 3507 1287 3552 numero

109 3593 178 3658 nullo
198 3597 309 3661 addito
339 3596 508 3672 vocabulo,
545 3616 610 3662 non
640 3597 772 3686 intelligi
801 3617 898 3678 posse
928 3617 993 3660 non
1022 3596 1121 3660 modo
1150 3595 1286 3677 praelec-

108 3698 194 3766 luram
212 3703 392 3767 cohortium
412 3705 650 3784 praetoriarum,
675 3704 733 3766 sed
751 3704 875 3767 nullum
896 3705 1016 3768 summi
1033 3703 1153 3785 gradm
1167 3720 1286 3765 munus

109 3806 237 3872 militare.
273 3811 312 3873 Et
326 3814 437 3874 tamen
450 3809 582 3888 Weber,
600 3814 757 3891 tanquam
771 3811 998 3874 incertissimo
1012 3809 1225 3873 fundamento
1238 3810 1286 3871 in·

105 3912 189 3987 sistat,
214 3917 408 3998 Tigellinum
428 3919 480 3980 hic
498 3921 611 3998 aperte
628 3937 663 3980 se
682 3924 793 3980 tenere
811 3921 921 3998 putat;
945 3936 1051 3998 neque
1069 3936 1108 3979 eo
1127 3921 1286 3988 movetur,

105 4022 176 4097 quod
202 4024 341 4089 obscuro
371 4044 446 4087 eum
476 4024 547 4088 loco
578 4027 685 4088 ortum
717 4027 750 4086 et
778 4024 978 4105 pauperibus
1007 4022 1199 4104 parentibus
1232 4041 1286 4084 ac-

104 4128 247 4206 cepimus;
283 4131 391 4211 potius
422 4131 497 4194 hinc
530 4150 648 4194 novam
682 4129 859 4210 exsculpsit
888 4130 1062 4194 verborum
1092 4131 1287 4209 interpreta-

103 4232 217 4310 tionem,
253 4241 289 4300 ut
318 4258 427 4300 carere
456 4239 540 4299 caraci
570 4238 728 4299 laniorum
756 4257 849 4299 cerasa
878 4237 1013 4311 dicatur,
1049 4255 1114 4298 non
1138 4237 1193 4315 qui
1217 4255 1285 4298 rem

102 4342 255 4415 paternam
281 4343 477 4426 dilapidarit,
513 4344 571 4407 sed
600 4344 733 4408 omnino
762 4344 816 4423 qui
847 4350 941 4424 egeat
970 4361 1030 4404 uec
1054 4343 1285 4422 patrimonium

103 4449 307 4513 amaloribus
332 4452 488 4514 traditum
513 4451 685 4530 acceperit.
727 4449 820 4513 Adeo
843 4469 909 4514 non
933 4448 1164 4511 animadvertit
1188 4445 1286 4528 (prae-

103 4552 237 4633 terquam
260 4557 349 4638 quod
378 4556 461 4620 belle
489 4557 560 4620 haec
592 4556 845 4638 coniunguntur:
881 4555 969 4618 bona
1000 4554 1133 4617 donavit
1165 4574 1286 4634 praese-
