2948 5206
700 327 763 394 691

133 522 307 586 restituere
331 520 533 587 dubitemus:
557 543 654 609 oeque
676 525 712 587 in
734 524 809 588 ultis
831 525 936 589 minue
946 526 1097 609 presidii
1120 562 1160 572 —
1185 549 1280 613 qoam
1295 530 1330 594 in

133 627 316 714 transsupis
335 626 423 710 fuit?
457 628 495 692 ln
515 628 679 694 codicibus
696 630 958 713 prepositionem
982 653 1047 699 non
1070 653 1091 699 a
1113 634 1253 700 librariis
1270 636 1329 701 ad·

133 734 238 800 ditem
263 753 346 813 esse,
380 753 433 800 res
462 733 536 816 ipsa
562 735 781 813 demonstran
816 736 861 800 illi
884 737 971 803 enim
999 743 1139 822 utroque
1161 740 1233 805 loco
1256 760 1330 807 eam

133 839 354 917 addidissem
388 840 447 906 sed
475 859 576 923 quum
605 860 684 908 casu
711 843 820 925 priore
841 843 913 908 loco
936 844 1117 925 excidisset,
1151 846 1331 930 posteriore

133 951 249 1013 tamen
272 945 307 1010 in
329 946 441 1012 multis
464 946 631 1012 codicibus
654 952 783 1014 servata
808 952 868 1014 est.

224 1052 295 1117 Lib.
318 1052 447 1131 XXXII,
471 1051 502 1116 ὁ.
538 1051 581 1117 Et
602 1075 673 1119 cem
694 1054 822 1121 Arbeia
843 1055 969 1140 quidem
985 1077 1048 1141 per
1069 1057 1136 1122 boec
1157 1060 1331 1124 societatem

134 1157 318 1242 (Philippus
341 1157 412 1242 rex)
438 1158 608 1242 firmoded;
636 1160 846 1226 Macedonum
874 1164 999 1228 animos
1019 1185 1113 1250 pssum
1137 1164 1332 1231 Heracliden

134 1266 274 1330 emicem
303 1267 453 1331 maximo
481 1267 615 1332 invidio
643 1267 705 1332 sibi
735 1288 798 1334 esee
827 1277 976 1352 emet,
1010 1271 1118 1337 multia
1147 1270 1332 1337 criminibus

133 1376 300 1434 ananum
321 1371 358 1435 in
384 1373 512 1437 vincula
539 1375 667 1438 coniecit
694 1374 814 1459 inspecti
837 1375 1045 1460 popcdare'm
1070 1375 1200 1461 poudio.
1251 1376 1333 1443 Haec

134 1480 184 1541 est
220 1476 340 1543 codicis
374 1478 624 1563 Bambergensis
652 1481 823 1563 scriptura
860 1482 902 1548 ad
937 1501 1036 1564 quam
1071 1482 1171 1548 ceteri
1205 1483 1332 1549 codices

132 1583 283 1666 proxime
316 1586 492 1664 accedunt;
526 1587 651 1653 babent
684 1587 787 1652 enim:
822 1609 893 1652 cum
926 1587 1102 1654 Heraclide
1133 1609 1209 1653 eom
1237 1610 1334 1675 qucum

133 1690 285 1754 madmae
308 1694 369 1756 cet.
415 1693 537 1759 Locum
559 1693 749 1771 mutilatum
774 1694 938 1776 quamdo
965 1694 1091 1777 priores
1119 1693 1259 1761 editores
1282 1694 1333 1761 in·

131 1796 379 1880 terpolaverint,
402 1817 468 1864 non
490 1798 642 1878 referam,
674 1800 829 1883 quoniam
852 1800 955 1867 verba
977 1799 1088 1883 spuria
1111 1802 1139 1865 a'
1155 1800 1333 1884 Baumgar·

132 1902 324 1971 ten-Clusio
347 1902 397 1987 [et
417 1904 581 1988 Bekkero]
602 1909 691 1971 recte
714 1906 817 1973 eiecta
832 1906 1001 1972 neminem.
1013 1911 1242 1972 revocaturum
1260 1926 1333 1974 esse

133 2009 288 2077 arbitror.
333 2010 425 2077 Unus
448 2012 613 2078 lacobsius
636 2012 774 2090 viderat,
802 2013 835 2078 in
863 2013 1023 2096 corruptis
1046 2011 1116 2079 istis
1138 2034 1214 2078 acm
1237 2034 1333 2100 quum

132 2115 239 2182 latere
261 2118 408 2196 ommam,
443 2137 541 2201 quem
573 2118 792 2184 coniecturam
816 2120 919 2186 codex
942 2120 1192 2201 Bambergensis
1215 2119 1332 2186 conflr-

133 2222 249 2288 mavit.
279 2223 368 2307 ,lpse
389 2227 501 2290 autem
524 2225 895 2308 &ungarico-Crunos
924 2226 967 2292 ad
995 2225 1175 2292 orationem
1199 2226 1333 2308 expleo·

133 2328 214 2394 dam
237 2332 271 2394 et
294 2329 552 2413 coniungendam
576 2335 652 2396 ante
676 2333 813 2396 ominem
835 2331 1029 2415 interposuit
1050 2351 1150 2417 queo,
1173 2331 1220 2398 ita
1235 2337 1273 2397 ut
1289 2331 1333 2398 ad

134 2435 260 2500 anime
281 2440 451 2518 repetatur
469 2436 638 2520 firmado&
669 2439 702 2502 in
730 2440 808 2503 nota
831 2446 942 2504 autem
966 2437 1091 2502 mavult
1114 2457 1173 2519 pro
1197 2438 1334 2503 omicm

133 2540 234 2606 scribi
268 2549 304 2606 ut
336 2564 426 2629 quem
460 2541 581 2626 (deleto
615 2543 718 2608 altero
752 2564 851 2628 quem,
886 2543 976 2632 quod
1007 2543 1040 2607 in
1073 2546 1166 2608 textu
1200 2540 1334 2627 posuit),

133 2646 240 2712 Multa
262 2650 375 2714 tamen
390 2651 533 2729 obstant,
557 2651 730 2732 quominus
746 2650 809 2715 hac
824 2650 1011 2716 coniectura
1024 2648 1131 2715 locum
1148 2651 1334 2717 restitutum
1348 2667 1387 2709 ⁸⁶⁴

134 2758 262 2837 putem.
296 2755 380 2821 Nam
404 2758 546 2839 primum
569 2758 705 2821 ammom
728 2757 848 2822 mutari
869 2756 958 2821 nullo
973 2755 1072 2820 modo
1086 2759 1203 2838 potest,
1227 2775 1333 2840 neque

134 2861 313 2944 quicquam
342 2867 418 2928 ante
446 2863 531 2928 hanc
564 2883 678 2928 vocem
712 2863 820 2942 inseri,
856 2882 958 2945 quum
992 2864 1025 2926 et
1057 2862 1119 2944 ipsi
1152 2863 1334 2928 Heraclidis

135 2968 262 3032 nomini
284 2970 347 3034 hoc
374 2967 568 3034 vocabulum
603 2969 841 3035 subiiciendum
875 2969 982 3047 tuerit,
1017 2971 1055 3032 ut
1088 2968 1334 3051 significaretur,

137 3074 244 3157 qualis
266 3076 366 3141 bomo
388 3076 512 3154 fuisset,
548 3078 581 3141 et
608 3075 719 3140 mendi
747 3076 837 3157 origo
866 3076 899 3139 in
922 3075 973 3140 his
996 3073 1104 3139 verbis
1127 3074 1335 3157 apertissima

137 3183 191 3246 sit.
237 3181 374 3247 librarii
409 3182 494 3255 enim
530 3203 599 3245 eom
633 3184 709 3245 ante
744 3180 940 3246 Heracliden
970 3179 1234 3263 praepositionem
1264 3199 1335 3245 esse

138 3288 212 3365 rati,
236 3287 436 3370 scripserunt
457 3309 527 3352 cum
545 3287 732 3365 Heraclide;
756 3287 802 3352 sic
825 3287 933 3352 littera
955 3307 977 3350 n
999 3284 1043 3350 ad
1064 3285 1213 3368 proxima
1229 3288 1336 3351 tracta

140 3413 180 3458 ex
204 3393 341 3457 amicum
363 3394 470 3459 effecit
492 3415 567 3458 nom
590 3415 669 3472 cum,
694 3394 811 3459 deinde
834 3414 909 3458 nom
931 3412 1037 3478 quum
1071 3389 1137 3455 Sed
1151 3391 1202 3456 his
1217 3391 1334 3470 missis,

139 3498 321 3578 videamus,
348 3500 427 3582 quid
455 3500 665 3567 statuendum
689 3503 732 3567 sit
755 3501 795 3565 de
819 3500 874 3564 iila
896 3497 1087 3580 repetitione
1110 3497 1203 3562 verbi
1223 3496 1335 3580 firmo·

140 3604 204 3669 dot.
250 3604 286 3669 id
309 3608 451 3689 primum
474 3607 538 3672 alio
567 3611 715 3690 ternpore
742 3605 955 3689 repetendum
988 3604 1064 3680 erit;
1098 3623 1177 3668 nam
1205 3603 1246 3668 de
1274 3603 1337 3668 bac

139 3731 207 3776 una
231 3713 359 3778 actione
382 3714 554 3779 dicendum
579 3716 665 3778 erat:
686 3711 838 3795 firmavit,
862 3732 957 3797 quum
981 3745 1020 3754 —
1045 3710 1189 3785 conceda
1220 3708 1337 3773 deinde

139 3819 241 3901 panio
263 3819 328 3885 alio
350 3820 547 3902 significatu3
571 3818 668 3885 aliter
691 3819 776 3883 enim
800 3820 930 3883 roridos
950 3815 1078 3899 firmari
1094 3816 1219 3893 dicitur,
1244 3814 1338 3879 aliter

142 3926 260 4002 enimi;
294 3927 366 4009 ipsa
388 3931 547 4009 praeterea
569 3926 641 3990 haec
665 3925 809 3989 brevitas
832 3921 1000 4004 loquendi:
1036 3921 1244 3985 Macedonum
1268 3923 1337 3985 oni·

141 4051 218 4112 mos,
253 4052 347 4117 quum
376 4037 436 4098 cet.
466 4051 527 4097 nec
554 4033 690 4096 auribus
720 4034 812 4112 grata
840 4049 900 4094 nec
929 4028 1063 4093 Liviana
1091 4047 1163 4092 esse
1193 4027 1337 4104 videtum

142 4139 315 4205 adiecisset
339 4145 425 4203 certe
448 4145 562 4202 orden.
608 4136 717 4202 Unum
747 4136 878 4212 addam,
913 4153 978 4200 non
1007 4134 1124 4198 abesse
1152 4131 1338 4213 tautologiae

142 4246 270 4323 vitium,
305 4245 330 4309 si
360 4244 486 4309 initium
514 4244 685 4308 sententiae
708 4243 766 4307 sit:
799 4240 941 4324 firmavit
963 4243 1095 4317 animos,
1129 4239 1203 4303 finis
1227 4239 1338 4302 autem

144 4352 212 4417 hic:
247 4353 366 4436 inpendi
393 4350 600 4435 popularium
629 4348 758 4434 poedio.
804 4347 890 4427 Quid
913 4348 1029 4431 igitur?
1063 4347 1107 4411 Ut
1136 4364 1213 4410 vera
1236 4344 1338 4426 scrip·

143 4467 220 4527 tura
243 4461 276 4524 et
299 4457 394 4523 simul
418 4457 534 4521 erroris
556 4455 646 4539 origo
669 4454 860 4536 reperiatur,
889 4455 1021 4537 propius
1045 4451 1266 4517 accedendum
1290 4451 1340 4515 est

145 4568 189 4633 ad
212 4566 359 4632 codicum
383 4563 528 4645 vestigia.
563 4560 723 4644 Equidem
745 4561 872 4625 Livium
895 4561 1062 4642 scripsisse
1085 4561 1180 4641 puto:
1206 4557 1247 4621 Et
1269 4576 1339 4621 cum
