2956 5190
746 316 810 382 318

269 515 305 581 C.
330 516 360 593 7,
386 516 426 579 16
450 512 590 579 Orellius
613 512 794 602 Weiskium
816 517 947 577 secutus
970 511 1090 577 edidit:
1114 518 1225 576 tamen
1246 520 1287 577 est
1299 516 1357 579 aa

180 622 278 705 modi,
301 621 450 712 cupidius
471 627 506 684 ut
528 620 632 704 mopia
653 620 804 685 inscdcri
826 619 959 683 oltcrim
976 619 1207 701 innocentiam,
1230 620 1361 705 quon&

179 751 212 795 se
246 728 355 793 timide
388 728 526 812 copitore
560 726 721 802 videntum
755 727 789 790 in
818 724 912 790 codd.
942 729 992 790 est
1014 724 1165 811 umidus,
1202 726 1265 792 nisi
1296 728 1363 811 quod

180 834 425 926 Cemblacensis
455 824 562 898 habet
595 832 769 917 cupidinis,
804 832 1021 911 Francianus,
1056 833 1213 899 omnium
1247 833 1364 905 iniimus

180 944 248 1006 circs
270 943 397 1006 omnino
423 940 568 1024 cupidus.
613 939 679 1004 Sed
714 940 900 1005 coniectura
934 938 989 1004 illa
1017 933 1180 1022 perversa
1209 943 1277 1017 est;
1307 960 1366 1007 nan

55 1064 57 1069 ’
180 1053 217 1114 ut
240 1049 402 1126 omittam,
437 1046 563 1111 nullam
590 1046 642 1110 hic
671 1065 743 1112 esse
771 1065 905 1112 causam
928 1046 1171 1128 transponendi
1194 1048 1366 1113 adverhim

181 1159 259 1220 ante
293 1152 554 1219 coniunctionem
588 1160 621 1217 et
656 1153 855 1231 Ciceronem,
890 1154 917 1217 si
952 1152 1151 1232 addidisset,
1186 1155 1368 1238 scriptunm

182 1262 282 1325 fuisse
304 1260 427 1344 cupide,
457 1264 493 1324 ut
516 1258 558 1325 ad
582 1258 617 1323 id
639 1259 816 1325 referretur
838 1258 956 1336 timide,
986 1278 1047 1323 nec
1070 1279 1213 1343 urgeam
1237 1261 1369 1327 vitiosum

182 1386 241 1449 per
275 1385 311 1431 se
344 1368 642 1449 comparativorum
677 1366 805 1431 diverso
839 1365 938 1431 modo
971 1365 1158 1448 positorum
1193 1387 1370 1435 concursrm

182 1471 344 1556 (cupidius
365 1480 401 1538 at
423 1470 549 1557 mapa),
586 1477 683 1552 certe,
719 1471 874 1554 quoniam
897 1472 1045 1557 cupidius
1067 1473 1112 1538 ad
1137 1474 1293 1539 immori
1311 1494 1371 1559 per·

182 1580 286 1644 tinere
310 1578 419 1656 debet,
454 1599 520 1645 non
543 1583 651 1662 polest
678 1579 725 1643 ita
747 1578 791 1643 ab
814 1599 854 1644 co
877 1577 994 1657 divelli,
1029 1582 1067 1644 ut
1089 1579 1125 1645 id
1148 1568 1371 1665 interponatm,

181 1706 242 1768 per
276 1685 364 1768 quod
399 1687 472 1750 cum
508 1686 611 1751 altero
645 1685 794 1750 membro
834 1689 1041 1768 comparetur
1083 1686 1204 1772 (mopis
1243 1688 1373 1773 rapidis

181 1795 333 1859 insectari
367 1815 463 1880 quom
496 1793 606 1857 timide
639 1790 800 1877 ospitare).
856 1792 940 1857 Vere
968 1792 1125 1859 iudicavit
1154 1794 1198 1859 de
1226 1794 1373 1863 hocloco

145 1885 148 1891 ’
183 1900 361 1965 Ernestius.
396 1900 481 1965 Nam
503 1899 584 1964 illud
606 1899 740 1984 cupidus
763 1918 803 1963 ex
826 1898 996 1980 marginali
1014 1904 1072 1965 aut
1089 1901 1294 1969 interlineari
1309 1906 1374 1968 nola
1416 1914 1418 1933 ¹

183 2009 217 2071 in
241 2010 429 2072 contextum
454 2010 623 2089 receptum
646 2010 707 2083 est,
742 2005 943 2087 adscriptum
973 2006 1015 2071 ad
1045 2006 1274 2075 definiendum
1300 2014 1375 2076 certo

183 2114 324 2192 nomine,
360 2113 447 2196 quod
482 2113 595 2179 Cicero
628 2113 755 2194 integra
788 2113 951 2176 sententia
979 2113 1171 2195 complexus
1200 2115 1375 2189 videbatun

134 2280 137 2285 .
184 2219 243 2284 sed
266 2219 321 2302 qui
345 2219 526 2302 adscripsit,
560 2219 616 2283 illa
644 2226 750 2283 tomen
778 2225 822 2283 est
851 2218 1004 2283 eiusnodi
1026 2236 1093 2285 non
1116 2219 1158 2285 de
1184 2242 1230 2300 re,
1266 2223 1324 2288 sed
1342 2223 1376 2287 de

184 2326 285 2392 Caelio
307 2327 378 2408 ipso
407 2328 542 2409 accepit,
578 2346 687 2391 errore
721 2330 793 2391 orto
822 2345 862 2389 ex
890 2345 939 2402 eo,
976 2326 1063 2409 quod
1091 2328 1264 2410 praecedit,
1296 2330 1376 2413 fucit.

184 2433 383 2498 Huiusmodi
406 2432 530 2514 aliquot
553 2431 787 2509 additamenta,
813 2433 1041 2498 annotationes
1065 2434 1177 2516 potius
1194 2455 1297 2519 quam
1314 2456 1375 2501 rer·

184 2538 302 2605 borum
322 2540 613 2622 interpretamenta
636 2539 803 2616 habentia,
828 2539 1054 2621 antiquissima
1073 2545 1150 2605 sunt
1174 2543 1211 2606 in
1226 2542 1377 2608 Ciceronis

186 2647 285 2709 etiam
309 2646 403 2710 bonis
427 2646 592 2711 codicibus
622 2646 693 2727 (cfr.
718 2645 838 2726 disput.
862 2645 903 2709 de
928 2647 1056 2711 emend.
1074 2647 1141 2712 loc.
1165 2649 1268 2730 aliqu.
1292 2652 1377 2715 oratt

186 2751 251 2816 Cic.
279 2773 312 2833 p.
339 2753 401 2817 148
433 2773 504 2834 sqq.
538 2758 571 2816 et
601 2752 658 2816 de·
674 2753 751 2817 locis
782 2751 945 2816 Verrinar.
975 2773 1006 2834 p.
1032 2754 1094 2817 341
1128 2752 1234 2836 sqq.);
1269 2774 1378 2820 nomen

186 2840 353 2939 proprium
377 2858 423 2923 ita
447 2859 593 2924 additum
626 2860 659 2922 in
689 2859 841 2923 omnibus
870 2859 1036 2924 codicibus
1065 2860 1311 2943 deprehensum
1337 2866 1380 2925 ast

185 2964 219 3027 in
242 2963 338 3028 huius
362 2965 463 3046 ipsius
486 2965 641 3031 orationis
664 2966 755 3030 initio
778 2965 961 3048 (Atratini).
974 2961 999 3047 ¹)

132 3089 172 3130 aaa
276 3070 311 3135 C.
331 3072 381 3148 10,
406 3073 458 3148 24,
483 3073 540 3136 ubi
563 3077 673 3138 orator
689 3072 800 3163 Dionis
817 3072 1028 3137 Alexandrini
1047 3073 1227 3141 familiares
1245 3094 1380 3141 comme·

186 3181 302 3253 morat,
331 3197 455 3254 vereor,
469 3174 471 3179 ’
486 3198 528 3244 ne
551 3180 656 3243 frusta
679 3179 859 3261 corrigendi
883 3199 984 3260 opera
1008 3179 1202 3258 insumatur,
1235 3183 1382 3266 quoniam

185 3284 220 3346 in
243 3303 281 3348 eo
306 3284 426 3361 codice,
451 3305 491 3349 ex
514 3306 579 3368 quo
602 3286 703 3350 nostri
728 3286 865 3350 derivati
882 3286 956 3364 sint,
981 3287 1137 3351 nonnulla
1160 3287 1214 3352 hic
1239 3288 1302 3371 legi
1324 3307 1383 3353 non

185 3391 332 3472 potuisse
355 3396 507 3473 apertum
531 3397 580 3457 est
599 3413 644 3456 ex
668 3392 786 3457 codicis
809 3392 1001 3457 Parisiensis
1018 3393 1133 3475 primae
1148 3413 1272 3459 manus
1287 3396 1383 3477 scrip-

185 3501 276 3573 tura3
313 3498 360 3579 (in
388 3518 452 3580 quo
481 3518 622 3564 vacuum
650 3499 793 3581 spatium
817 3498 935 3563 indicio
961 3504 1019 3577 est,
1055 3520 1120 3565 non
1145 3519 1258 3565 errore
1282 3501 1384 3567 media

187 3605 220 3668 in
243 3604 422 3687 archetypo
446 3606 567 3671 omissa
590 3603 716 3687 fuisse).
752 3605 833 3669 Eam
857 3606 1009 3670 lacunam
1034 3607 1089 3688 qui
1112 3606 1268 3689 supplere
1291 3627 1385 3673 cona·

174 3715 238 3799 ‚tus
263 3715 322 3788 est,
359 3713 446 3794 quod
478 3714 742 3797 supplementum
775 3712 818 3776 illi
850 3732 979 3794 quoque
1012 3714 1113 3779 codici
1142 3714 1249 3779 altera
1273 3735 1386 3780 manus

185 3818 326 3896 addidit,
367 3819 495 3885 videtur
529 3821 664 3905 vestigia
699 3819 838 3885 obscura
872 3820 1025 3903 persequi
1054 3820 1194 3886 voluisse
1228 3820 1385 3905 (alioquin

186 3926 273 3989 eninr
309 3946 349 3991 ea
382 3928 614 4011 supplevisset,
650 3948 724 4010 quae
759 3926 892 4009 intelligi
908 3918 1090 4009 possent),
1125 3926 1186 3992 sed
1220 3946 1263 3992 ex
1298 3927 1387 3992 initio

214 4134 236 4202 ¹)
257 4138 284 4192 C.
304 4140 329 4203 t),
353 4140 386 4191 21
412 4143 564 4198 cedendum
588 4143 696 4197 videtur
720 4140 844 4195 codicum
864 4140 1001 4194 bonorum
1020 4139 1176 4194 auctoritati
1200 4145 1228 4193 et
1252 4139 1388 4194 rhetorico

259 4228 372 4283 artificio
391 4230 420 4284 in
439 4231 494 4286 his:
520 4235 572 4287 Sed
591 4240 685 4285 acetroe
702 4232 843 4298 sapientire
861 4237 951 4282 tamn
969 4237 1016 4298 est,
1029 4231 1145 4297 'iudices
1165 4246 1220 4283 non
1238 4231 1300 4283 ideo
1318 4230 1389 4283 votis

257 4334 360 4385 quoquc
378 4338 424 4373 eoa
442 4340 554 4376 comam
568 4331 670 4390 putare
689 4324 739 4372 cet.
778 4318 925 4371 Sciendum
949 4322 1042 4372 tamen
1062 4323 1112 4382 est,
1136 4323 1200 4386 post
1218 4317 1299 4372 illum
1318 4318 1389 4387 gani·

258 4404 345 4459 tivum
364 4424 502 4478 nusquam
520 4412 586 4466 alibi
605 4411 764 4466 Ciceronem
789 4408 923 4461 infinitivo
943 4406 1131 4461 accusativum
1150 4423 1389 4475 supervacaneum

257 4493 371 4559 addere;
399 4513 450 4552 nec
473 4501 547 4569 apud
571 4500 639 4554 alios
664 4497 777 4552 memini
801 4514 845 4551 me
866 4497 892 4550 id
911 4496 1008 4564 legere.
1043 4493 1109 4562 [Cir.
1129 4496 1164 4549 ad
1184 4496 1239 4550 Cic.
1256 4496 1293 4551 de
1311 4496 1388 4550 Finn

162 4636 170 4650 ‚
258 4581 302 4646 111,
321 4582 347 4646 3,
367 4585 401 4638 10
419 4604 445 4656 p.
464 4587 517 4641 355
536 4589 578 4643 ed.
598 4585 636 4655 3.]
