2948 5206
718 325 760 390 16

230 496 237 507 ’
268 519 457 601 Ingeniique
481 519 532 607 sui
555 519 660 584 dictus
684 521 875 603 cognomine
900 522 1034 603 Largus,

268 625 393 690 Gallica
416 625 473 708 qui
495 625 672 708 Phrygium
696 626 789 691 duxit
811 627 845 690 in
868 647 948 691 arva
971 647 1094 706 senem,

132 751 214 813 quos
239 732 475 814 interpretatus
499 732 658 815 Apuleius
683 733 799 797 eadem
824 733 944 815 pagina
967 731 986 814 ἕ
1006 735 1046 799 18
1070 735 1149 800 citat
1173 736 1335 802 Valerium

134 837 280 923 Largum
303 840 339 902 in
362 840 535 903 Aremoris
562 838 738 915 moritum
775 840 1030 920 eodemmodo,
1060 862 1142 923 quos
1170 845 1336 925 proximos

133 946 242 1027 posuit
265 944 402 1010 Ovidius
425 967 456 1010 v.
483 946 534 1023 19,
558 946 612 1023 20,
641 945 814 1010 Camerino
837 954 869 1010 et
894 947 1003 1012 Tusco
1026 968 1059 1029 p.
1084 949 1102 1012 V
1127 946 1145 1029 ἕ
1171 951 1212 1014 16
1236 958 1269 1013 et
1294 952 1377 1015 151⁹

133 1072 233 1134 opera
256 1052 446 1134 assignavit,
476 1053 552 1116 huic
576 1052 709 1134 quidem
731 1053 868 1117 ridiculo
892 1054 996 1131 titulo,
1020 1055 1055 1117 in
1078 1054 1237 1139 Phyllidis
1259 1079 1336 1122 suoe

134 1179 249 1235 amore,
285 1159 375 1239 quod
405 1159 494 1241 apud
518 1159 671 1223 Ovidium
695 1167 764 1223 erat
788 1181 846 1224 auo
872 1160 1035 1244 Phyllida
1070 1161 1200 1227 videtur
1222 1170 1334 1228 autem

135 1264 267 1329 Ovidius
287 1265 470 1347 Phyllidem
488 1265 662 1331 Thraciam
678 1266 781 1330 Tusci
805 1266 957 1331 carminis
982 1272 1212 1350 argumentum
1235 1269 1334 1352 signi-

136 1370 240 1448 ficare,
276 1391 354 1448 non,
388 1379 425 1435 ut
454 1372 611 1437 intellexit
641 1373 694 1437 hic
723 1373 837 1451 homo,
873 1373 1016 1454 puellam
1051 1373 1094 1438 ab
1123 1375 1195 1457 ipso
1224 1377 1334 1441 Tusco

138 1486 289 1542 amatam.
325 1477 390 1555 Qui
412 1485 594 1558 sequuntur
617 1498 731 1543 versus
755 1481 794 1544 21
821 1487 854 1544 et
878 1480 931 1551 22,
956 1480 997 1543 de
1019 1480 1056 1544 P.
1080 1481 1234 1547 Varronis
1251 1482 1334 1546 Ata-

138 1585 194 1648 cini
216 1584 448 1666 Argonauticis
471 1584 604 1667 intelligi
627 1586 742 1664 solent,
767 1586 1028 1651 aWemsdorfio
1037 1582 1062 1669 ¹)
1087 1588 1128 1652 de
1151 1588 1241 1652 libris
1264 1589 1334 1653 eius

139 1691 303 1756 mvalibus
328 1692 560 1773 intelliguntur,
585 1712 667 1772 quos
689 1693 869 1773 Schneider
891 1694 934 1756 Μ.
957 1694 1111 1757 Varronis
1139 1694 1240 1759 fuisse
1263 1695 1333 1759 iure

140 1798 268 1862 ridetur
283 1792 526 1879 contendere.²)
572 1798 638 1862 Sed
661 1799 764 1863 Varro
787 1799 955 1876 Atacinus
980 1819 1078 1881 quem
1096 1801 1331 1887 Velleiuscum

141 1904 280 1969 Lucretio
304 1905 479 1986 coniungit,
504 1904 660 1968 Horatius
684 1905 717 1968 in
741 1906 848 1970 satiris
872 1911 1037 1970 mortuum
1062 1907 1231 1990 significat,
1260 1908 1332 1973 Vir·

140 2012 224 2092 gilius
248 2012 395 2075 imitatus
418 2031 492 2075 esse
515 2005 676 2090 dicitur³),
701 2012 866 2093 antiquior
889 2015 958 2091 init,
983 2035 1082 2096 quam
1106 2021 1142 2078 ut
1165 2015 1250 2079 inter
1272 2015 1332 2078 hos

141 2117 237 2181 Ovidii
261 2117 535 2198 aquales-locum
559 2113 726 2197 habear.⁴)
770 2119 805 2183 ld
829 2120 932 2184 multo
954 2121 1058 2202 magis
1081 2121 1269 2204 intelligitur
1291 2141 1332 2185 ex

141 2222 226 2288 Orid.
255 2226 330 2287 Am.
356 2224 382 2300 l,
414 2224 464 2300 15,
494 2225 533 2286 21
568 2231 599 2288 et
628 2226 680 2302 22,
716 2227 772 2289 uhi
800 2227 903 2291 Varro
931 2228 1021 2291 Attio
1050 2227 1233 2305 subiicitur,
1267 2229 1331 2292 Lu·

140 2332 231 2394 cretio
255 2330 466 2413 praeponitur.
512 2331 626 2411 ltaque
651 2332 819 2397 Cornelius
843 2333 952 2415 Nepos
977 2334 1010 2397 in
1033 2334 1089 2397 vit.
1113 2334 1210 2398 Attici
1236 2355 1263 2399 c.
1290 2336 1331 2398 12

134 2445 199 2519 post
229 2437 412 2501 laceretium
446 2445 474 2500 et
503 2437 622 2499 Catulli
650 2447 779 2503 mortem
807 2440 934 2516 scribit,
970 2459 1025 2505 eos
1054 2441 1238 2522 appellans
1275 2443 1331 2523 qui

137 2563 236 2626 nuper
259 2546 398 2617 fuerant,
429 2543 583 2617 Varrone,
613 2545 668 2625 qui
692 2551 788 2609 aetate
813 2547 967 2610 remotior
991 2554 1070 2624 erat,
1099 2549 1330 2629 praetermisso.

136 2651 286 2732 Apuleius
310 2652 347 2714 P.
372 2650 563 2713 Terentium
592 2651 771 2715 Varronem
801 2652 866 2716 non
895 2654 1061 2717 nominato
1090 2674 1188 2735 opere
1218 2655 1330 2719 laudat

134 2779 163 2838 p.
187 2760 208 2820 o
236 2756 253 2837 ξ
281 2761 336 2831 11,
373 2757 461 2837 quod
495 2757 570 2820 hinc
603 2778 645 2820 an
675 2759 804 2822 aliunde
834 2760 1019 2840 sumpserit,
1056 2759 1224 2822 incertum.
1265 2759 1330 2823 Sed

132 2864 220 2944 apud
243 2863 395 2927 Ovidium
419 2864 565 2943 sequitur
588 2864 640 2927 hic
664 2885 777 2929 versus
802 2864 886 2946 (23):

204 3165 347 3217 heroidum
373 3166 494 3233 epistolis
519 3167 714 3233 respondentes
738 3172 844 3220 exstare
867 3170 1013 3235 putantur,
1041 3170 1189 3234 antequam
1215 3166 1329 3220 Ovidius

202 3255 347 3322 epistolam
374 3254 448 3307 illam
473 3271 506 3307 ex
529 3255 616 3307 Ponto
645 3256 764 3323 scripsit.
794 3261 914 3313 mortuo¹
943 3253 1086 3306 confundit
1109 3255 1258 3308 Masurium
1283 3256 1328 3309 Sa-

201 3343 305 3403 binum,
334 3344 534 3396 nobilissimum
561 3344 792 3405 iurisconsultum,
822 3344 868 3412 qui
892 3343 992 3396 Tiberii
1018 3348 1047 3396 et
1068 3343 1255 3411 proximorum
1280 3344 1327 3396 irn-

200 3438 357 3499 peratorum
382 3432 552 3500 temporibus
574 3433 673 3486 floruit.
716 3433 774 3486 Vid.
799 3450 867 3501 quos
891 3434 925 3485 de
950 3449 982 3485 eo
1006 3432 1107 3485 laudat>
1122 3432 1203 3485 Baehr
1226 3451 1251 3501 p.
1276 3433 1327 3484 554

198 3526 255 3573 not.
277 3522 300 3573 l.

152 3608 174 3674 ¹)
197 3610 274 3663 Poet.
294 3610 352 3662 Lat.
372 3610 435 3662 ltin.
455 3611 465 3662 1
485 3628 510 3678 p.
537 3609 587 3661 154
607 3627 664 3678 sqq.
686 3612 715 3673 V,
740 3610 756 3661 3
781 3628 805 3678 p.
833 3609 900 3661 1387
925 3627 983 3678 sqq.
1025 3607 1076 3676 [De
1104 3611 1200 3664 eodem
1231 3610 1326 3663 intelli-

197 3699 302 3766 gendos
321 3716 380 3751 esse
400 3716 503 3760 verena,
527 3701 607 3751 dubio
631 3717 723 3751 carere
748 3705 825 3766 putat
844 3700 876 3751 Α.
890 3685 1042 3762 weicheri,
1066 3699 1099 3751 de
1123 3700 1218 3752 Hostio
1243 3700 1327 3752 Poeta

198 3805 224 3855 p.
248 3787 278 3837 ll
301 3793 357 3840 not.
378 3789 404 3840 in
424 3789 511 3841 Poett.
536 3789 606 3841 Latt.
631 3788 682 3840 Vit.
707 3794 733 3840 et
753 3790 841 3841 Carrn.
867 3788 957 3855 reliq,
980 3805 1103 3856 prorsus,
1130 3789 1202 3856 quod
1227 3789 1325 3849 obstat,

197 3893 254 3929 non
275 3877 496 3929 animadvertens
515 3894 565 3930 nec
585 3877 733 3945 quidquam
754 3878 866 3940 hahens
890 3893 939 3930 cur
963 3883 1019 3930 tam
1044 3877 1214 3930 affirmanter
1233 3877 1325 3944 loqua-

197 3972 251 4017 tur.
279 3963 368 4030 1834]

150 4053 174 4111 'l
194 4055 226 4107 In
259 4055 410 4107 Comment.
435 4055 469 4107 de
498 4055 554 4107 vita
578 4054 611 4107 Μ.
636 4055 754 4107 Terentii
782 4055 909 4107 Varronis
937 4055 1044 4107 Reatini
1068 4058 1114 4108 dcc.
1140 4055 1248 4122 Scriptt.
1274 4054 1324 4106 Rei

197 4144 278 4196 Rust.
299 4144 329 4196 V.
349 4144 359 4196 1
379 4144 408 4196 P.
428 4144 461 4196 ll.

154 4229 175 4297 ’l
196 4234 257 4285 Vid.
277 4233 431 4284 testimonia
452 4232 524 4299 apud
543 4231 669 4285 Wernsd.
690 4233 719 4294 V,
739 4233 756 4283 3
776 4251 801 4300 p.
823 4233 891 4284 1398
910 4251 968 4302 sqq.
989 4239 1015 4286 et
1036 4233 1112 4287 1410.

153 4318 178 4381 ⁴)
198 4322 244 4382 At,
263 4323 284 4373 si
305 4322 388 4374 Varro
407 4338 461 4373 non
481 4321 655 4388 intelligatur,
675 4322 876 4375 Wernsdoriius
892 4323 991 4383 obiicit,
1012 4323 1111 4376 mirum
1131 4339 1198 4385 esse,
1219 4323 1313 4376 interci

201 4410 272 4461 disse
295 4410 408 4462 omnino
431 4416 488 4462 tarn
512 4410 610 4462 eximie
634 4410 736 4463 laudati
767 4417 853 4479 poetae
876 4427 985 4464 nomen.
1033 4411 1104 4477 Quid
1128 4412 1229 4473 Tusco,
1258 4412 1323 4480 quill

202 4497 285 4549 llario
306 4498 404 4550 lactum
430 4503 510 4561 esset,
533 4498 555 4550 si
575 4499 688 4551 Ovidius
708 4516 802 4552 eorum
823 4500 934 4552 nomina
953 4500 1095 4567 pressisset
1114 4506 1141 4553 et
1160 4518 1206 4554 eos
1225 4501 1323 4568 signifi-

204 4592 290 4637 casset
309 4587 435 4639 tantum?
458 4587 525 4653 Quis
544 4588 656 4640 nomina
675 4589 828 4642 divinaret?
