2948 5206
652 295 714 359 271

128 490 264 553 auctoritas
285 488 391 554 multo
414 488 521 554 minus
551 488 590 554 iis
617 488 777 566 firmatur,
811 490 845 554 in
877 490 995 572 quibus
1027 491 1118 556 addit
1148 493 1280 574 aliquid.
1295 509 1334 549 ³³⁸

128 594 233 676 quodin
254 595 371 660 ceteris
399 615 466 661 non
494 598 553 660 est.
600 594 726 660 Horum
755 596 1053 662 additamentorum
1081 598 1279 663 levissimum

126 704 163 777 d.
179 701 229 766 sed
251 701 472 779 manifestum,
496 701 529 765 in
547 701 651 766 Divin.
670 703 701 779 3,
726 703 756 778 8,
781 703 837 767 ubi
862 688 956 785 vulfio
974 704 1140 769 scribitur:
1164 704 1199 767 id
1215 707 1279 768 ium

120 808 238 891 populare
271 815 365 894 utque
392 808 565 891 plausibile
593 808 717 891 sactum
744 817 797 885 eet,
834 809 975 875 melioris
1010 810 1140 875 tamiliae
1176 811 1280 883 codd..

123 919 245 996 perpetua
267 916 517 997 permutatione,
552 914 677 980 habent
708 923 737 979 et
761 917 933 998 plausibile
964 916 1019 1000 (de
1043 917 1147 982 Guell.
1172 918 1193 980 2
1216 916 1280 982 vid.

122 1020 260 1103 ipsud),
295 1021 465 1104 Zumptius
495 1020 642 1087 eGuell.
669 1025 683 1087 1
721 1023 822 1087 edidit
857 1031 949 1108 atque
983 1026 1077 1088 etiam
1099 1022 1280 1107 plausibile,

122 1145 192 1207 quum
211 1132 324 1192 tamen
345 1127 453 1192 nullus
476 1129 519 1193 sit
541 1130 696 1194 orationis
720 1148 885 1206 ascensus
920 1130 978 1194 sed
1006 1131 1155 1195 translati
1184 1150 1282 1196 voca·

122 1232 166 1297 tuli
183 1234 221 1298 ad
243 1236 413 1317 proprium
436 1235 610 1313 adiunctio,
639 1255 712 1318 quae
740 1255 870 1318 semper
892 1217 1030 1318 simplici
1052 1237 1211 1318 particula
1234 1237 1281 1301 fit.

122 1335 223 1405 durior
253 1342 305 1405 est
336 1341 520 1422 corruptela
555 1339 674 1423 (neque
702 1342 789 1405 enim
817 1342 912 1407 aliter
940 1341 1105 1423 appellare
1134 1341 1282 1426 possum)

120 1462 146 1508 u
160 1445 212 1511 hoc
234 1446 346 1512 codice
369 1452 402 1512 et
424 1447 648 1530 Stephaniano
671 1448 760 1512 illata
783 1447 816 1511 in
840 1449 911 1512 Act.
930 1449 953 1526 l,
977 1449 1009 1525 4,
1036 1450 1086 1526 12,
1112 1449 1168 1513 ubi
1186 1450 1282 1532 vulgo

120 1555 179 1616 att:
208 1574 302 1638 quom
331 1556 389 1618 isle
405 1575 467 1639 per
489 1556 661 1618 triennium
683 1556 730 1619 ita
753 1556 876 1618 vexarit
899 1575 937 1617 oc
953 1555 1110 1638 perdidit,
1146 1575 1282 1621 consen·

120 1656 241 1725 tantus
263 1659 359 1725 codd.
384 1660 488 1726 Guell.
513 1662 534 1725 2
557 1665 590 1726 et
613 1662 702 1726 Leid.
726 1664 759 1725 et
782 1661 858 1725 edit.
884 1661 997 1725 Lamb.
1021 1662 1227 1745 Asconioque
1250 1663 1283 1727 in

121 1761 240 1831 turrate
264 1768 494 1846 annotationis,
518 1768 687 1850 Zumptius
711 1770 821 1831 autem
846 1766 960 1830 edidit:
992 1770 1137 1849 reducit,
1161 1771 1283 1833 veraci

119 1891 145 1934 cr
155 1874 298 1957 perdidit,
323 1875 548 1940 coniunctione
564 1875 738 1939 verborum
756 1892 821 1938 non
840 1893 904 1938 uno
922 1873 1020 1938 modo
1038 1876 1163 1941 vitiosa.
1199 1877 1281 1941 Nam

119 1982 269 2046 etoddore
292 1986 344 2046 est
366 1982 503 2046 verbum
527 1981 662 2046 diversae
687 1985 719 2045 et
739 1981 898 2063 generalis
916 1981 1167 2063 significationis,
1192 1987 1226 2045 ut
1251 1981 1282 2044 in

119 2082 408 2153 baccoacervatione
420 2091 453 2152 et
465 2107 602 2152 ascensu
620 2089 775 2153 orationis
792 2088 910 2164 locum,
931 2089 1112 2170 praesertim
1130 2087 1283 2169 primurn.

117 2192 200 2257 tatere
220 2213 286 2259 non
309 2196 428 2276 possit;
451 2195 585 2259 effectus
609 2195 696 2258 enirn
719 2194 859 2258 vexandi
879 2199 911 2258 et
928 2195 1085 2277 perdendi
1110 2198 1160 2259 est
1183 2194 1283 2259 vasti·

117 2298 151 2361 tu
177 2301 328 2383 regionis;
362 2307 396 2363 et
429 2304 583 2382 peccatur
617 2302 650 2365 in
685 2301 951 2365 consuetudinem
983 2303 1089 2366 Latini
1125 2301 1284 2365 sermonis

116 2399 186 2470 liuius
199 2407 304 2472 etatis
325 2410 529 2489 perpetuam,
553 2427 618 2489 qua
641 2409 674 2471 in
697 2407 882 2472 huiusmodi
906 2408 1061 2473 orationis
1079 2407 1194 2485 torma,
1216 2409 1284 2472 sive

116 2525 143 2573 u
159 2530 229 2578 vera
251 2517 302 2578 cst
325 2514 528 2579 diversorum
552 2515 754 2578 enumeratio
783 2515 851 2578 sive
879 2515 1041 2580 rhetorica
1070 2516 1282 2580 coacervatio.

115 2613 264 2684 dummodo
288 2621 428 2702 aequalia
451 2622 515 2685 sint
538 2623 571 2685 et
594 2639 660 2684 una
683 2619 767 2683 serie
784 2621 962 2701 procedant
980 2617 1175 2703 membra¹),
1201 2641 1284 2685 nun-

115 2740 189 2802 quam
210 2731 357 2791 extrema
379 2726 529 2792 membra
551 2726 718 2808 particulis
736 2728 947 2792 coniunctivis
964 2737 1001 2817 et,
1026 2736 1127 2813 atque,
1152 2748 1189 2790 oc
1213 2728 1283 2792 vin-
1300 2738 1338 2777 ³³⁴

116 2829 225 2905 ciuntur,
248 2833 412 2916 prioribus
435 2834 609 2899 dissolutis.
646 2832 752 2911 Quam
776 2835 923 2916 regulam
947 2835 1000 2917 qui
1025 2837 1146 2916 negant
1170 2834 1284 2898 obser·

117 2939 202 3003 talam
236 2960 323 3018 esse,
364 2940 440 3023 quia
474 2940 563 3005 nulla
598 2941 667 3004 eius
703 2940 744 3004 sit
778 2960 877 3005 causa
912 2943 1111 3016 necessaria,
1153 2959 1194 3004 ne
1229 2939 1284 3002 illi.

115 3047 252 3121 quomodo
275 3047 434 3112 sermonis
458 3067 536 3111 usus
560 3048 785 3123 constituatur,
810 3048 976 3129 ignorant;
999 3065 1076 3110 nam
1101 3065 1203 3127 quum
1227 3064 1285 3109 no-

116 3148 195 3217 tiones
217 3153 402 3218 huiusmodi
430 3153 525 3218 seriei
554 3155 675 3236 ubique
704 3155 883 3218 coniunctae
913 3152 1022 3216 animo
1052 3152 1284 3233 concipiantur.

116 3255 256 3325 tamenin
280 3261 319 3325 iis
343 3260 515 3325 efferendis
538 3280 600 3323 usu
622 3261 668 3336 fit,
693 3262 729 3323 ut
752 3261 786 3323 in
809 3260 880 3323 aliis
904 3260 1020 3340 linguis
1044 3258 1086 3322 ad
1111 3277 1185 3322 eam
1209 3277 1286 3322 con-

115 3359 284 3431 iunctionem
309 3366 556 3448 significandam
580 3368 700 3449 ubique
724 3367 883 3448 particula
906 3368 1083 3447 repetatur,
1108 3368 1145 3429 ut
1168 3364 1200 3427 in
1218 3363 1286 3428 He·

115 3465 192 3552 brea,
219 3474 253 3538 in
275 3474 357 3550 aliis,
387 3473 509 3538 omissa
533 3476 619 3549 ante,
655 3473 808 3538 extremis
832 3473 1067 3554 interponatur,
1102 3474 1138 3535 ut
1162 3470 1231 3534 fere
1255 3471 1285 3533 in

115 3579 217 3656 nutus,
240 3580 274 3645 in
297 3579 370 3645 aliis
393 3583 425 3644 et
449 3580 631 3664 asyndeton
654 3581 696 3643 sit
719 3582 751 3643 et
773 3578 942 3660 particulae
966 3577 1126 3660 repetitio.
1161 3576 1191 3640 ls
1208 3594 1286 3639 usus

165 3844 213 3897 115
230 3851 257 3900 et
275 3845 311 3898 de
329 3844 407 3898 Finn
426 3844 459 3908 11,
483 3843 509 3907 8,
532 3842 575 3896 23.
613 3844 643 3896 ln
663 3843 749 3895 altero
767 3841 826 3897 loco
847 3844 905 3897 Act.
925 3844 945 3908 1,
971 3843 1013 3908 10,
1040 3843 1075 3895 29
1094 3859 1177 3912 quem
1195 3842 1286 3895 locum

162 3933 259 3988 hnbcet
291 3950 412 4003 presens
444 3939 553 4001 tempus
582 3932 609 3985 in
641 3931 858 3985 consideratione
886 3931 925 3985 rei
953 3932 1052 3985 futurae
1079 3931 1150 3984 inter
1177 3931 1287 3999 longam

161 4023 257 4077 seriem
277 4023 443 4086 futurorum,
462 4037 529 4076 sane
549 4036 603 4074 non
622 4020 710 4073 video.

124 4105 146 4176 ¹)
160 4111 202 4167 Sic
220 4113 296 4167 enim
314 4111 421 4181 pridem
440 4110 521 4164 huius
540 4109 606 4177 lepis
625 4107 693 4162 lines
712 4107 840 4161 constitui
859 4108 887 4161 in
913 4107 1036 4176 Appeud.
1056 4107 1114 4160 crit.
1134 4106 1233 4176 disput
1253 4107 1286 4159 de

159 4203 259 4256 Ascon
277 4219 305 4270 p.
324 4199 349 4254 8.
369 4199 423 4254 Cir.
442 4199 532 4252 Hand.
550 4197 665 4251 Tursell.
684 4196 709 4249 ll
727 4213 753 4265 p.
772 4195 833 4249 470.
862 4195 1011 4264 Spaldingii
1029 4211 1149 4249 errorem
1168 4194 1287 4263 positum

157 4292 242 4346 luisse
260 4291 290 4345 in
309 4307 352 4353 eo,
380 4288 453 4358 quod
477 4303 558 4342 usum
582 4285 722 4355 particular
746 4285 909 4339 adiunctivoe
933 4289 960 4338 et
984 4283 1134 4353 colligentis
1158 4301 1208 4351 que
1233 4299 1287 4335 non

156 4384 323 4450 segregaret,
342 4377 398 4431 dixi
417 4394 458 4446 ep.
479 4377 514 4429 ad
533 4375 615 4429 Orell.
634 4391 660 4443 p.
680 4373 723 4427 39.
752 4374 895 4443 Zumptius
914 4376 948 4429 de
968 4391 1000 4429 ea
1018 4371 1215 4428 cousuetudine
1229 4371 1288 4439 ipse

154 4475 219 4539 post
235 4467 427 4537 Spaldingium
445 4470 550 4520 ceteros
569 4463 720 4527 admonuit,
740 4463 787 4516 sed
807 4479 865 4517 rem
884 4463 967 4532 paulo
983 4463 1074 4517 miuus
1088 4462 1202 4516 tirmiter
1217 4477 1288 4515 com·

153 4556 313 4628 prehendit.
