2948 5206
704 288 769 365 325

137 484 267 551 Gruteri
288 486 422 569 intelligi
444 486 613 568 nequibat,
642 502 729 549 nunc
753 483 886 548 demum
910 489 1058 566 apparet,
1087 488 1237 551 restituto
1261 506 1338 552 vero

135 594 311 658 verborum
335 590 459 670 ordine,
484 593 540 675 qui
563 592 596 656 in
619 591 674 655 illo
697 609 828 672 quoque
852 590 962 655 codice
979 591 1050 656 fuit.
1085 592 1339 676 Apertissimum

133 705 203 763 est
219 700 306 777 enirn,
336 698 547 764 scribendum
576 716 663 763 esse:
697 704 772 761 tmre
802 696 951 761 Venerem
976 698 1066 761 ittam
1089 707 1178 764 tmcm
1201 700 1340 785 spoliare

131 807 344 886 oraommtis,
389 805 602 889 spoliatricem
640 812 827 885 ceterorum,
873 824 968 888 quum
1006 806 1104 870 scires
1142 841 1185 851 -
1224 809 1339 892 serapt·

132 911 283 976 terram?
314 911 449 976 Ceteros
479 911 589 975 Venus
613 910 770 977 Clodiana
801 910 974 992 spoliabat,
1010 911 1099 977 Caelii
1131 932 1232 978 causa
1262 934 1339 997 spo·

133 1019 223 1084 liuta
259 1018 440 1084 dicebatur.
507 1017 661 1100 Sequitur
701 1015 905 1081 continuatio
944 1036 1018 1082 cum
1059 1021 1181 1084 acerba
1219 1020 1339 1085 ironia:

139 1123 230 1189 Hm‘c
250 1128 309 1188 cet.
317 1119 344 1205 ¹)
805 1200 809 1206 ¹

231 1230 263 1295 C.
286 1231 344 1308 22,
380 1229 425 1294 54
454 1249 521 1294 non
552 1233 639 1295 recte
670 1229 935 1311 obtemperatum
966 1231 1047 1295 mihi
1078 1232 1207 1297 videtur
1238 1232 1340 1297 codici
1354 1241 1395 1290 ⁴⁰¹

141 1336 349 1419 palimpsesto
367 1335 573 1414 Taurinensi,
598 1336 631 1400 in
654 1356 720 1419 quo
736 1336 903 1401 scribitur:
927 1337 1010 1421 quod
1021 1359 1083 1422 per
1098 1340 1220 1424 ipmotos
1236 1346 1340 1403 omum

145 1445 182 1508 si
203 1446 396 1528 comperisset,
420 1443 550 1525 dolcmt,
574 1442 610 1505 id
633 1464 654 1506 o
676 1444 744 1507 suis
766 1444 866 1507 servis
889 1450 1041 1508 temtctmm
1065 1466 1129 1509 esse
1151 1445 1343 1530 meqliperet?

147 1548 193 1614 ln
216 1551 337 1633 reliquis
372 1549 539 1615 codicibus
568 1552 619 1614 est
649 1569 670 1612 a
697 1550 765 1613 suis
786 1555 949 1613 tentatum.
995 1551 1246 1616 Substantivum
1274 1571 1341 1616 non

154 1655 246 1721 solum
266 1657 426 1734 abundat,
450 1658 616 1739 quoniam,
644 1657 778 1737 quinam
802 1657 867 1723 siut
889 1656 934 1720 illi
957 1660 1017 1736 sui,
1046 1658 1126 1723 satis
1150 1678 1191 1723 ex
1213 1658 1340 1741 superi-

156 1762 252 1828 oribus
272 1769 375 1846 patet,
404 1782 520 1828 verum
543 1762 627 1827 tollit
650 1763 901 1827 concinnitatem
925 1766 1149 1829 membrorum
1173 1765 1339 1830 orationis.

160 1865 217 1933 Nec
232 1870 310 1936 illius
334 1870 455 1936 codicis
479 1869 657 1935 auctoritas
686 1870 719 1932 in
748 1869 936 1933 huiusmodi
966 1891 1001 1934 re
1031 1872 1231 1954 reliquorum
1262 1891 1340 1936 con-

101 2010 104 2045 ι
164 1993 270 2041 sensrrm
291 1979 423 2042 ratione
451 1976 681 2041 confirmatrnn
710 1977 840 2041 vincere
869 1976 977 2041 debet.
1024 1978 1069 2042 Ut
1097 1979 1183 2043 enim
1212 1979 1340 2044 codices

167 2080 340 2166 palimpsesti
373 2103 441 2149 non
472 2083 576 2148 solum
610 2085 699 2148 omni
727 2083 915 2149 recentioris
944 2084 1203 2166 interpolationis
1227 2089 1260 2150 et
1283 2087 1340 2151 de·

190 2322 206 2391 'l
218 2329 322 2386 llrellius
341 2331 510 2386 Gulielmum
531 2339 678 2385 ceterorum
697 2330 834 2400 accepisse
853 2332 968 2401 putabat
987 2349 1036 2401 pro
1055 2341 1170 2386 ceterum
1188 2332 1233 2385 vel
1250 2332 1342 2401 potius

220 2434 260 2486 pro
276 2437 317 2485 eo,
345 2421 421 2490 quod
440 2426 520 2485 esset,
548 2429 699 2473 ceterorum
721 2438 823 2474 rerum.
861 2420 922 2484 Sed,
951 2425 982 2473 ut
1001 2420 1099 2475 hocin
1118 2425 1278 2475 transcursu
1295 2421 1341 2474 ad·

221 2507 282 2573 dum,
309 2511 362 2563 lroc
391 2510 481 2579 ipsum
509 2525 596 2578 genus
624 2508 753 2577 loquendi
781 2525 831 2578 pro
859 2510 989 2563 adverbio
1017 2508 1151 2578 (ceterum,
1179 2508 1342 2579 ceteroquin)

222 2602 298 2652 totum
317 2600 467 2654 confictum
487 2605 528 2653 est
548 2616 580 2652 ex
600 2598 668 2651 locis
686 2598 791 2666 aliquot
810 2599 882 2651 male
902 2599 1054 2661 intellectis,
1079 2600 1217 2653 immerito
1236 2616 1270 2653 ex
1289 2600 1342 2652 llo·

223 2688 312 2741 tomam
332 2694 360 2742 et
378 2688 497 2758 Scioppii
517 2687 709 2741 observatione
733 2687 925 2740 resuscitatum
950 2705 967 2740 a
987 2689 1014 2741 C.
1034 2688 1130 2742 Beiero
1150 2688 1341 2758 intempestive

224 2777 347 2830 recondita
371 2782 502 2841 sectante,
531 2777 559 2830 in
583 2781 649 2829 nota
673 2777 706 2828 ad
734 2775 787 2828 Cic.
807 2776 884 2829 Brut.
904 2776 956 2842 (ed.
977 2778 1059 2832 Orell.
1080 2776 1156 2843 min.)
1180 2777 1205 2841 6,
1229 2776 1272 2831 23.
1311 2778 1341 2829 ln

224 2862 286 2918 Bruti
305 2867 365 2920 loco
385 2866 562 2920 canusimam
583 2864 778 2927 coniecturam,
798 2866 898 2931 quaid
917 2882 1004 2934 genus
1022 2867 1200 2931 inferebatur,
1223 2865 1341 2919 Orellius

226 2960 283 3008 recte
301 2956 402 3020 reiecit,
422 2972 456 3009 ex
474 2954 627 3009 abundanti
646 2953 813 3008 confirmans
827 2955 961 3024 exemplo,
981 2956 1062 3009 licere
1082 2956 1172 3009 dicere
1190 2962 1341 3007 ceterarum

228 3057 302 3096 rerum
319 3062 412 3098 causa.
450 3045 517 3099 Orto
536 3051 577 3098 est
596 3044 751 3097 observatio
776 3060 809 3096 ex
835 3060 875 3107 e0,
904 3046 978 3113 quod
1001 3045 1094 3099 Cicero
1119 3061 1175 3098 uno
1198 3044 1258 3096 loco
1281 3040 1341 3111 (pro

230 3127 303 3193 Qut
321 3131 346 3197 3,
367 3132 413 3200 ll)
431 3134 513 3203 paulo
532 3133 627 3187 durius
646 3134 797 3202 genitivum
817 3133 894 3187 initio
914 3135 1057 3187 sententia
1076 3133 1175 3203 posuit,
1195 3131 1342 3200 cogitatam

230 3232 274 3279 rem
289 3223 413 3277 universe
432 3223 625 3291 complectens,
650 3223 749 3275 deinde
773 3227 866 3275 autem
886 3222 1009 3286 subiecit,
1038 3239 1099 3291 quae
1119 3222 1265 3276 remotiore
1283 3226 1342 3273 tan·

232 3309 276 3360 tun
291 3311 412 3379 analogia
430 3311 549 3379 genitivo
569 3311 644 3379 iungi
657 3316 769 3379 possent
782 3309 858 3376 (sane
871 3321 1022 3365 ceterarum
1034 3329 1128 3364 mrum
1136 3312 1342 3379 paterfamilias

233 3401 371 3462 corucem
389 3408 413 3452 et
433 3408 558 3466 ademtae,
577 3418 635 3453 uma
655 3404 683 3453 in
702 3418 731 3453 re
745 3403 832 3468 paulo
851 3404 941 3453 mimus
961 3400 1171 3464 consideratus);
1191 3415 1257 3452 nam
1272 3416 1343 3466 pru·

235 3482 283 3537 dm
296 3493 334 3541 rer'
351 3489 457 3542 dictum
476 3495 518 3542 est
537 3507 554 3543 a
573 3488 675 3553 multiS,
704 3506 787 3543 sensu
811 3495 904 3543 tamen
923 3490 1037 3558 paulum
1057 3489 1172 3553 diverso,
1201 3504 1251 3541 nec
1270 3503 1343 3540 curae

235 3572 291 3626 notio
308 3576 332 3630 ln
350 3579 438 3632 altero
462 3579 596 3632 adiectivo
620 3595 637 3631 a
662 3579 781 3647 genitivo
806 3580 943 3632 abhorret.
981 3579 1125 3631 Terentius
1150 3577 1278 3645 (Adelph.
1297 3576 1342 3639 IV,

237 3654 256 3715 5,
269 3660 305 3729 61)
321 3667 412 3720 nescio
432 3684 480 3721 cur
499 3684 554 3721 non
574 3676 725 3720 ceterarum
743 3686 835 3721 rerum
855 3671 991 3722 socordem
1015 3668 1112 3721 eodem
1136 3666 1218 3718 modo
1242 3664 1343 3717 dixisse

236 3753 331 3817 lllelur,
359 3773 415 3824 quo
438 3756 549 3810 Tacitus
572 3760 709 3810 socordem
730 3760 829 3824 futuri.
867 3758 919 3809 Sed
944 3757 971 3810 in
997 3774 1037 3820 ec,
1066 3756 1138 3823 quod
1163 3754 1255 3807 Cicero
1275 3752 1342 3806 dixit

236 3831 278 3889 fal
294 3841 345 3898 llai.
364 3844 389 3908 2,
409 3844 425 3896 4
444 3844 540 3914 (quum
559 3853 709 3898 ceterorum
728 3864 821 3898 rerum
840 3854 915 3899 tuam
934 3847 1108 3911 eccellentem,
1129 3846 1165 3896 Μ.
1189 3845 1263 3908 Coto,
1278 3859 1343 3909 per·

235 3921 355 4000 imamque
372 3936 544 4001 sommium,
573 3941 630 3986 tum
653 3936 692 3986 oet
712 3938 837 4002 mumme,
865 3937 937 4003 quod
960 3952 1100 4002 nunquam
1119 3940 1276 3986 senectutem
1294 3934 1344 3984 tibi

237 4024 322 4072 paoem
342 4040 396 4076 esse
419 4022 575 4086 cesserim),
604 4038 654 4076 nec
679 4024 893 4090 frequentissimi
917 4024 1051 4078 liberioris
1077 4022 1188 4091 genitivi
1212 4038 1278 4075 usus
1303 4038 1341 4073 ra-

239 4095 320 4160 ll⁰ssem
334 4110 429 4166 haberi
447 4111 562 4181 (quanto
582 4119 623 4165 est
642 4113 716 4165 enim
736 4114 831 4166 durius
851 4114 914 4166 Lael.
934 4113 951 4165 6
975 4116 1094 4167 orantum
1117 4128 1211 4164 rerum
1235 4127 1344 4164 consen·

240 4187 294 4277 {llll
309 4212 352 4253 uec
371 4201 484 4269 genitivi
503 4201 567 4254 alibi
587 4220 603 4254 a
622 4202 751 4255 Cicerone
771 4202 835 4255 huic
855 4203 906 4270 ipsi
925 4202 1030 4255 nomini
1054 4203 1194 4268 sopr'entr'oe
1218 4198 1342 4261 subiecti,

241 4283 260 4367 ¹¹}
275 4278 434 4358 eiusdemque
453 4289 516 4343 libri
535 4307 557 4342 c.
576 4288 619 4349 22,
639 4289 674 4341 80
693 4307 748 4344 non
768 4289 959 4353 animadverti,
979 4297 1129 4342 ceterorum
1147 4306 1241 4341 rerum
1260 4287 1341 4355 parti-

242 4360 304 4453 llllls
326 4391 377 4430 csse
404 4378 515 4447 regique
543 4396 560 4432 a
588 4396 708 4447 qumque,
736 4395 792 4432 non
817 4379 936 4433 ferenda
960 4383 1001 4432 est
1024 4377 1199 4432 contusionis.
1237 4374 1343 4443 [Longe

243 4442 329 4513 liberius
345 4463 440 4520 Fronto
459 4467 592 4536 genitivos
616 4470 765 4520 multorum
790 4486 882 4521 rerum
906 4474 934 4522 et
957 4471 1077 4522 ommium
1101 4484 1194 4519 rerum
1217 4465 1344 4519 adiunxit

244 4534 355 4604 abacos
371 4572 395 4623 p.
414 4554 448 4607 24
467 4562 495 4609 er
516 4556 567 4607 ros
585 4554 666 4623 aas]
