<?xml version="1.0" encoding="UTF-8"?>
<!DOCTYPE html PUBLIC "-//W3C//DTD XHTML 1.0 Transitional//EN"
    "http://www.w3.org/TR/xhtml1/DTD/xhtml1-transitional.dtd">
<html xmlns="http://www.w3.org/1999/xhtml" xml:lang="en" lang="en">
 <head>
  <title>
</title>
<meta http-equiv="Content-Type" content="text/html;charset=utf-8" />
  <meta name='ocr-system' content='tesseract 3.04.00' />
  <meta name='ocr-capabilities' content='ocr_page ocr_carea ocr_par ocr_line ocrx_word'/>
</head>
<body>
  <div class='ocr_page' id='page_1' title='image "./ionicolaimadvig02madvgoog/ionicolaimadvig02madvgoog_0092.png"; bbox 0 0 2948 5206; ppageno 0'>
   <div class='ocr_carea' id='block_1_1' title="bbox 697 309 739 374">
    <p class='ocr_par' dir='ltr' id='par_1_1' title="bbox 697 309 739 374">
     <span class='ocr_line' id='line_1_1' title="bbox 697 309 739 374; baseline 0 0"><span class='ocrx_word' id='word_1_1' title='bbox 697 309 739 374; x_wconf 90' lang='grc'>69</span> 
     </span>
    </p>
   </div>
   <div class='ocr_carea' id='block_1_2' title="bbox 83 503 1318 1225">
    <p class='ocr_par' dir='ltr' id='par_1_2' title="bbox 83 503 1318 1225">
     <span class='ocr_line' id='line_1_2' title="bbox 164 503 1316 590; baseline 0.003 -20"><span class='ocrx_word' id='word_1_2' title='bbox 164 507 260 588; x_wconf 76' lang='lat' dir='ltr'>inpia</span> <span class='ocrx_word' id='word_1_3' title='bbox 289 504 474 571; x_wconf 92' lang='lat' dir='ltr'>notissimus</span> <span class='ocrx_word' id='word_1_4' title='bbox 504 506 555 569; x_wconf 89' lang='lat' dir='ltr'>est</span> <span class='ocrx_word' id='word_1_5' title='bbox 580 503 634 568; x_wconf 92' lang='lat' dir='ltr'>hic</span> <span class='ocrx_word' id='word_1_6' title='bbox 662 505 839 570; x_wconf 90' lang='lat' dir='ltr'>accusandi</span> <span class='ocrx_word' id='word_1_7' title='bbox 867 525 948 571; x_wconf 83' lang='lat' dir='ltr'>mos</span> <span class='ocrx_word' id='word_1_8' title='bbox 996 505 1161 571; x_wconf 81' lang='lat' dir='ltr'><strong>Gracchus</strong></span> <span class='ocrx_word' id='word_1_9' title='bbox 1195 507 1316 590; x_wconf 88' lang='lat' dir='ltr'>itaque,</span> 
     </span>
     <span class='ocr_line' id='line_1_3' title="bbox 163 609 1317 700; baseline 0.002 -24"><span class='ocrx_word' id='word_1_10' title='bbox 163 632 232 694; x_wconf 83' lang='lat' dir='ltr'>quun</span> <span class='ocrx_word' id='word_1_11' title='bbox 250 612 355 676; x_wconf 64' lang='lat' dir='ltr'>eoas</span> <span class='ocrx_word' id='word_1_12' title='bbox 380 614 524 693; x_wconf 75' lang='lat' dir='ltr'>qrraestor</span> <span class='ocrx_word' id='word_1_13' title='bbox 546 609 652 675; x_wconf 82' lang='lat' dir='ltr'>factus</span> <span class='ocrx_word' id='word_1_14' title='bbox 670 610 704 674; x_wconf 94' lang='lat' dir='ltr'>in</span> <span class='ocrx_word' id='word_1_15' title='bbox 720 619 871 676; x_wconf 88' lang='lat' dir='ltr'>senatum</span> <span class='ocrx_word' id='word_1_16' title='bbox 888 613 1040 690; x_wconf 86' lang='lat' dir='ltr'>venisset,</span> <span class='ocrx_word' id='word_1_17' title='bbox 1065 633 1095 677; x_wconf 91' lang='lat' dir='ltr'>a.</span> <span class='ocrx_word' id='word_1_18' title='bbox 1113 614 1179 700; x_wconf 79' lang='lat'>630</span> <span class='ocrx_word' id='word_1_19' title='bbox 1196 634 1317 696; x_wconf 88' lang='lat' dir='ltr'>equum</span> 
     </span>
     <span class='ocr_line' id='line_1_4' title="bbox 83 674 1318 804; baseline -0.002 -17"><span class='ocrx_word' id='word_1_20' title='bbox 83 674 87 787; x_wconf 83' lang='lat' dir='ltr'>i</span> <span class='ocrx_word' id='word_1_21' title='bbox 160 719 286 800; x_wconf 89' lang='lat' dir='ltr'>puhlicum</span> <span class='ocrx_word' id='word_1_22' title='bbox 318 717 444 783; x_wconf 88' lang='lat' dir='ltr'>habuit.</span> <span class='ocrx_word' id='word_1_23' title='bbox 489 717 551 781; x_wconf 71' lang='lat' dir='ltr'>Vix</span> <span class='ocrx_word' id='word_1_24' title='bbox 585 737 668 800; x_wconf 90' lang='lat' dir='ltr'>opus</span> <span class='ocrx_word' id='word_1_25' title='bbox 703 722 754 782; x_wconf 92' lang='lat' dir='ltr'>est</span> <span class='ocrx_word' id='word_1_26' title='bbox 787 723 921 802; x_wconf 89' lang='lat' dir='ltr'>propter</span> <span class='ocrx_word' id='word_1_27' title='bbox 954 720 1040 784; x_wconf 86' lang='lat' dir='ltr'>hanc</span> <span class='ocrx_word' id='word_1_28' title='bbox 1074 740 1208 784; x_wconf 90' lang='lat' dir='ltr'>causam</span> <span class='ocrx_word' id='word_1_29' title='bbox 1242 728 1318 804; x_wconf 88' lang='lat' dir='ltr'>post</span> 
     </span>
     <span class='ocr_line' id='line_1_5' title="bbox 83 792 1317 919; baseline 0.003 -31"><span class='ocrx_word' id='word_1_30' title='bbox 83 792 87 919; x_wconf 71' lang='lat' dir='ltr'>i</span> <span class='ocrx_word' id='word_1_31' title='bbox 159 825 218 889; x_wconf 87' lang='lat' dir='ltr'>hunc</span> <span class='ocrx_word' id='word_1_32' title='bbox 235 844 350 889; x_wconf 85' lang='lat' dir='ltr'>aunum</span> <span class='ocrx_word' id='word_1_33' title='bbox 379 823 502 889; x_wconf 83' lang='lat' dir='ltr'>factum</span> <span class='ocrx_word' id='word_1_34' title='bbox 530 827 657 906; x_wconf 85' lang='lat' dir='ltr'>putare,</span> <span class='ocrx_word' id='word_1_35' title='bbox 694 825 782 906; x_wconf 90' lang='lat' dir='ltr'>quod</span> <span class='ocrx_word' id='word_1_36' title='bbox 810 826 953 908; x_wconf 87' lang='lat' dir='ltr'>quinque</span> <span class='ocrx_word' id='word_1_37' title='bbox 982 830 1059 890; x_wconf 89' lang='lat' dir='ltr'>ante</span> <span class='ocrx_word' id='word_1_38' title='bbox 1086 827 1180 891; x_wconf 90' lang='lat' dir='ltr'>annis</span> <span class='ocrx_word' id='word_1_39' title='bbox 1209 827 1317 909; x_wconf 89' lang='lat' dir='ltr'>Scipio</span> 
     </span>
     <span class='ocr_line' id='line_1_6' title="bbox 83 924 1316 1014; baseline 0.002 -19"><span class='ocrx_word' id='word_1_40' title='bbox 83 924 85 929; x_wconf 71' lang='grc'><strong>’</strong></span> <span class='ocrx_word' id='word_1_41' title='bbox 159 930 349 996; x_wconf 81' lang='lat' dir='ltr'>[iceronianus</span> <span class='ocrx_word' id='word_1_42' title='bbox 372 931 482 1014; x_wconf 91' lang='lat' dir='ltr'>parari</span> <span class='ocrx_word' id='word_1_43' title='bbox 505 931 676 1012; x_wconf 82' lang='lat' dir='ltr'>significat.</span> <span class='ocrx_word' id='word_1_44' title='bbox 722 931 797 996; x_wconf 85' lang='lat' dir='ltr'>Veri</span> <span class='ocrx_word' id='word_1_45' title='bbox 821 932 907 996; x_wconf 92' lang='lat' dir='ltr'>enim</span> <span class='ocrx_word' id='word_1_46' title='bbox 932 931 1036 997; x_wconf 90' lang='lat' dir='ltr'>simile</span> <span class='ocrx_word' id='word_1_47' title='bbox 1059 933 1196 1010; x_wconf 84' lang='lat' dir='ltr'>videtur,</span> <span class='ocrx_word' id='word_1_48' title='bbox 1221 953 1316 997; x_wconf 89' lang='lat' dir='ltr'>sena·</span> 
     </span>
     <span class='ocr_line' id='line_1_7' title="bbox 157 1037 1316 1121; baseline 0.003 -21"><span class='ocrx_word' id='word_1_49' title='bbox 157 1041 230 1101; x_wconf 88' lang='lat' dir='ltr'>torem</span> <span class='ocrx_word' id='word_1_50' title='bbox 249 1037 371 1102; x_wconf 85' lang='lat' dir='ltr'>lactmn</span> <span class='ocrx_word' id='word_1_51' title='bbox 394 1037 484 1120; x_wconf 90' lang='lat' dir='ltr'>apud</span> <span class='ocrx_word' id='word_1_52' title='bbox 501 1057 557 1102; x_wconf 91' lang='lat' dir='ltr'>eos</span> <span class='ocrx_word' id='word_1_53' title='bbox 576 1057 738 1116; x_wconf 83' lang='lat' dir='ltr'>censores,</span> <span class='ocrx_word' id='word_1_54' title='bbox 762 1039 817 1120; x_wconf 87' lang='lat' dir='ltr'>qui</span> <span class='ocrx_word' id='word_1_55' title='bbox 834 1038 930 1121; x_wconf 90' lang='lat' dir='ltr'>primi</span> <span class='ocrx_word' id='word_1_56' title='bbox 948 1038 1101 1121; x_wconf 84' lang='lat' dir='ltr'>deinceps</span> <span class='ocrx_word' id='word_1_57' title='bbox 1118 1043 1316 1117; x_wconf 82' lang='lat' dir='ltr'>crearentur,</span> 
     </span>
     <span class='ocr_line' id='line_1_8' title="bbox 154 1144 1317 1225; baseline 0.002 -17"><span class='ocrx_word' id='word_1_58' title='bbox 154 1147 341 1209; x_wconf 85' lang='lat' dir='ltr'>transvectum</span> <span class='ocrx_word' id='word_1_59' title='bbox 365 1163 437 1208; x_wconf 88' lang='lat' dir='ltr'>esse</span> <span class='ocrx_word' id='word_1_60' title='bbox 461 1148 494 1208; x_wconf 92' lang='lat' dir='ltr'>ct</span> <span class='ocrx_word' id='word_1_61' title='bbox 517 1163 637 1225; x_wconf 86' lang='lat' dir='ltr'>equum</span> <span class='ocrx_word' id='word_1_62' title='bbox 661 1144 843 1209; x_wconf 85' lang='lat' dir='ltr'>reddidisse</span> <span class='ocrx_word' id='word_1_63' title='bbox 867 1149 924 1209; x_wconf 92' lang='lat' dir='ltr'>aut</span> <span class='ocrx_word' id='word_1_64' title='bbox 952 1145 1068 1210; x_wconf 90' lang='lat' dir='ltr'>saltem</span> <span class='ocrx_word' id='word_1_65' title='bbox 1099 1146 1142 1210; x_wconf 89' lang='lat' dir='ltr'>ad</span> <span class='ocrx_word' id='word_1_66' title='bbox 1171 1146 1204 1210; x_wconf 93' lang='lat' dir='ltr'>id</span> <span class='ocrx_word' id='word_1_67' title='bbox 1232 1151 1317 1211; x_wconf 91' lang='lat' dir='ltr'>tem-</span> 
     </span>
    </p>
   </div>
   <div class='ocr_carea' id='block_1_3' title="bbox 83 1250 1358 2594">
    <p class='ocr_par' dir='ltr' id='par_1_3' title="bbox 83 1250 1358 1440">
     <span class='ocr_line' id='line_1_9' title="bbox 151 1250 1316 1333; baseline 0.003 -19"><span class='ocrx_word' id='word_1_68' title='bbox 151 1270 193 1331; x_wconf 89' lang='lat' dir='ltr'>pus</span> <span class='ocrx_word' id='word_1_69' title='bbox 220 1270 335 1332; x_wconf 89' lang='lat' dir='ltr'>equum</span> <span class='ocrx_word' id='word_1_70' title='bbox 371 1251 511 1315; x_wconf 89' lang='lat' dir='ltr'>retinere</span> <span class='ocrx_word' id='word_1_71' title='bbox 545 1250 702 1333; x_wconf 90' lang='lat' dir='ltr'>potuisse.</span> <span class='ocrx_word' id='word_1_72' title='bbox 768 1251 888 1316; x_wconf 91' lang='lat' dir='ltr'>Similis</span> <span class='ocrx_word' id='word_1_73' title='bbox 923 1251 990 1316; x_wconf 83' lang='lat' dir='ltr'>lere</span> <span class='ocrx_word' id='word_1_74' title='bbox 1024 1271 1076 1316; x_wconf 89' lang='lat' dir='ltr'>res</span> <span class='ocrx_word' id='word_1_75' title='bbox 1112 1259 1162 1317; x_wconf 91' lang='lat' dir='ltr'>est</span> <span class='ocrx_word' id='word_1_76' title='bbox 1195 1253 1229 1317; x_wconf 90' lang='lat' dir='ltr'>in</span> <span class='ocrx_word' id='word_1_77' title='bbox 1258 1253 1316 1318; x_wconf 90' lang='lat' dir='ltr'>Cn.</span> 
     </span>
     <span class='ocr_line' id='line_1_10' title="bbox 83 1348 1358 1440; baseline 0.003 -20"><span class='ocrx_word' id='word_1_78' title='bbox 83 1348 86 1415; x_wconf 85' lang='lat' dir='ltr'>l</span> <span class='ocrx_word' id='word_1_79' title='bbox 149 1356 283 1439; x_wconf 88' lang='lat' dir='ltr'>Pompeio,</span> <span class='ocrx_word' id='word_1_80' title='bbox 307 1377 417 1440; x_wconf 82' lang='lat' dir='ltr'>quem,</span> <span class='ocrx_word' id='word_1_81' title='bbox 437 1376 539 1439; x_wconf 78' lang='lat' dir='ltr'>qrrum</span> <span class='ocrx_word' id='word_1_82' title='bbox 556 1356 699 1439; x_wconf 90' lang='lat' dir='ltr'>primum</span> <span class='ocrx_word' id='word_1_83' title='bbox 717 1357 830 1422; x_wconf 85' lang='lat' dir='ltr'>consul</span> <span class='ocrx_word' id='word_1_84' title='bbox 847 1365 944 1435; x_wconf 92' lang='lat' dir='ltr'>esset,</span> <span class='ocrx_word' id='word_1_85' title='bbox 968 1377 1088 1440; x_wconf 90' lang='lat' dir='ltr'>equum</span> <span class='ocrx_word' id='word_1_86' title='bbox 1106 1359 1149 1423; x_wconf 94' lang='lat' dir='ltr'>ad</span> <span class='ocrx_word' id='word_1_87' title='bbox 1167 1379 1317 1424; x_wconf 89' lang='lat' dir='ltr'>censores</span> <span class='ocrx_word' id='word_1_88' title='bbox 1331 1377 1358 1417; x_wconf 65' lang='grc' dir='ltr'>ω</span> 
     </span>
    </p>

    <p class='ocr_par' dir='ltr' id='par_1_4' title="bbox 132 1461 1318 2294">
     <span class='ocr_line' id='line_1_11' title="bbox 146 1461 1318 1548; baseline 0.003 -22"><span class='ocrx_word' id='word_1_89' title='bbox 146 1463 304 1541; x_wconf 82' lang='lat' dir='ltr'>adduxisse,</span> <span class='ocrx_word' id='word_1_90' title='bbox 338 1463 534 1528; x_wconf 79' lang='lat' dir='ltr'>Plutarchus</span> <span class='ocrx_word' id='word_1_91' title='bbox 563 1467 676 1527; x_wconf 90' lang='lat' dir='ltr'>narrat</span> <span class='ocrx_word' id='word_1_92' title='bbox 704 1461 831 1546; x_wconf 85' lang='lat' dir='ltr'>(Pomp.</span> <span class='ocrx_word' id='word_1_93' title='bbox 856 1462 923 1546; x_wconf 79' lang='lat'><strong>22).</strong></span> <span class='ocrx_word' id='word_1_94' title='bbox 969 1465 1034 1529; x_wconf 91' lang='lat' dir='ltr'>Sed</span> <span class='ocrx_word' id='word_1_95' title='bbox 1061 1465 1149 1530; x_wconf 92' lang='lat' dir='ltr'>hunc</span> <span class='ocrx_word' id='word_1_96' title='bbox 1175 1465 1318 1548; x_wconf 92' lang='lat' dir='ltr'>primum</span> 
     </span>
     <span class='ocr_line' id='line_1_12' title="bbox 144 1569 1318 1655; baseline 0.003 -22"><span class='ocrx_word' id='word_1_97' title='bbox 144 1571 348 1652; x_wconf 72' lang='lat' dir='ltr'>magistratum</span> <span class='ocrx_word' id='word_1_98' title='bbox 372 1571 399 1635; x_wconf 93' lang='lat' dir='ltr'>is</span> <span class='ocrx_word' id='word_1_99' title='bbox 423 1570 509 1652; x_wconf 89' lang='lat' dir='ltr'>cepit</span> <span class='ocrx_word' id='word_1_100' title='bbox 537 1576 570 1634; x_wconf 90' lang='lat' dir='ltr'>et</span> <span class='ocrx_word' id='word_1_101' title='bbox 598 1573 669 1633; x_wconf 90' lang='lat' dir='ltr'>tum</span> <span class='ocrx_word' id='word_1_102' title='bbox 699 1569 732 1633; x_wconf 92' lang='lat' dir='ltr'>in</span> <span class='ocrx_word' id='word_1_103' title='bbox 761 1575 913 1635; x_wconf 89' lang='lat' dir='ltr'>senatum</span> <span class='ocrx_word' id='word_1_104' title='bbox 942 1572 1041 1636; x_wconf 87' lang='lat' dir='ltr'>venit.</span> <span class='ocrx_word' id='word_1_105' title='bbox 1087 1572 1201 1654; x_wconf 89' lang='lat' dir='ltr'>ltaque</span> <span class='ocrx_word' id='word_1_106' title='bbox 1230 1573 1318 1655; x_wconf 91' lang='lat' dir='ltr'>apud</span> 
     </span>
     <span class='ocr_line' id='line_1_13' title="bbox 142 1677 1317 1760; baseline 0.003 -20"><span class='ocrx_word' id='word_1_107' title='bbox 142 1694 281 1753; x_wconf 83' lang='lat' dir='ltr'>censores,</span> <span class='ocrx_word' id='word_1_108' title='bbox 317 1677 373 1758; x_wconf 87' lang='lat' dir='ltr'>qui</span> <span class='ocrx_word' id='word_1_109' title='bbox 407 1680 478 1741; x_wconf 92' lang='lat' dir='ltr'>tum</span> <span class='ocrx_word' id='word_1_110' title='bbox 513 1683 621 1755; x_wconf 88' lang='lat' dir='ltr'>erant,</span> <span class='ocrx_word' id='word_1_111' title='bbox 657 1698 779 1760; x_wconf 89' lang='lat' dir='ltr'>equum</span> <span class='ocrx_word' id='word_1_112' title='bbox 814 1677 966 1742; x_wconf 90' lang='lat' dir='ltr'>reddidit.</span> <span class='ocrx_word' id='word_1_113' title='bbox 1017 1679 1057 1742; x_wconf 82' lang='lat' dir='ltr'>Et</span> <span class='ocrx_word' id='word_1_114' title='bbox 1084 1679 1127 1742; x_wconf 94' lang='lat' dir='ltr'>ad</span> <span class='ocrx_word' id='word_1_115' title='bbox 1153 1678 1317 1743; x_wconf 90' lang='lat' dir='ltr'>redditum</span> 
     </span>
     <span class='ocr_line' id='line_1_14' title="bbox 139 1782 1317 1867; baseline 0 -18"><span class='ocrx_word' id='word_1_116' title='bbox 139 1803 241 1866; x_wconf 76' lang='lat' dir='ltr'>equum</span> <span class='ocrx_word' id='word_1_117' title='bbox 263 1787 413 1866; x_wconf 87' lang='lat' dir='ltr'>spectare</span> <span class='ocrx_word' id='word_1_118' title='bbox 436 1782 587 1847; x_wconf 87' lang='lat' dir='ltr'>videntur</span> <span class='ocrx_word' id='word_1_119' title='bbox 610 1784 682 1866; x_wconf 90' lang='lat' dir='ltr'>ipsa</span> <span class='ocrx_word' id='word_1_120' title='bbox 699 1785 867 1849; x_wconf 82' lang='lat' dir='ltr'>Plutarchi</span> <span class='ocrx_word' id='word_1_121' title='bbox 886 1785 997 1862; x_wconf 89' lang='lat' dir='ltr'>verba,</span> <span class='ocrx_word' id='word_1_122' title='bbox 1022 1785 1078 1867; x_wconf 88' lang='lat' dir='ltr'>qui</span> <span class='ocrx_word' id='word_1_123' title='bbox 1100 1784 1144 1848; x_wconf 88' lang='lat' dir='ltr'>ad</span> <span class='ocrx_word' id='word_1_124' title='bbox 1167 1805 1317 1850; x_wconf 88' lang='lat' dir='ltr'>censores</span> 
     </span>
     <span class='ocr_line' id='line_1_15' title="bbox 136 1886 1318 1974; baseline 0.002 -20"><span class='ocrx_word' id='word_1_125' title='bbox 136 1891 294 1955; x_wconf 80' lang='lat' dir='ltr'>accessisse</span> <span class='ocrx_word' id='word_1_126' title='bbox 324 1890 402 1955; x_wconf 85' lang='lat' dir='ltr'>dicii</span> <span class='ocrx_word' id='word_1_127' title='bbox 429 1893 643 1968; x_wconf 67' lang='grc' dir='ltr'><em>παραιτούμενον</em></span> <span class='ocrx_word' id='word_1_128' title='bbox 660 1894 709 1962; x_wconf 78' lang='grc' dir='ltr'>τήν</span> <span class='ocrx_word' id='word_1_129' title='bbox 725 1903 871 1967; x_wconf 74' lang='grc' dir='ltr'><strong><em>στρατείαν.</em></strong></span> <span class='ocrx_word' id='word_1_130' title='bbox 881 1886 907 1972; x_wconf 89' lang='lat'>¹)</span> <span class='ocrx_word' id='word_1_131' title='bbox 958 1892 1071 1974; x_wconf 87' lang='lat' dir='ltr'>Neque</span> <span class='ocrx_word' id='word_1_132' title='bbox 1099 1891 1187 1955; x_wconf 82' lang='lat' dir='ltr'>aliud</span> <span class='ocrx_word' id='word_1_133' title='bbox 1215 1891 1318 1956; x_wconf 89' lang='lat' dir='ltr'>ullum</span> 
     </span>
     <span class='ocr_line' id='line_1_16' title="bbox 135 1997 1318 2081; baseline 0.002 -20"><span class='ocrx_word' id='word_1_134' title='bbox 135 1998 253 2079; x_wconf 88' lang='lat' dir='ltr'>reperiri</span> <span class='ocrx_word' id='word_1_135' title='bbox 280 2002 362 2081; x_wconf 92' lang='lat' dir='ltr'>puto</span> <span class='ocrx_word' id='word_1_136' title='bbox 390 1997 561 2080; x_wconf 78' lang='lat' dir='ltr'>vestigium</span> <span class='ocrx_word' id='word_1_137' title='bbox 589 2002 779 2062; x_wconf 86' lang='lat' dir='ltr'>senatorum</span> <span class='ocrx_word' id='word_1_138' title='bbox 814 1999 848 2062; x_wconf 94' lang='lat' dir='ltr'>in</span> <span class='ocrx_word' id='word_1_139' title='bbox 882 1998 1028 2080; x_wconf 88' lang='lat' dir='ltr'>equitum</span> <span class='ocrx_word' id='word_1_140' title='bbox 1064 1998 1215 2062; x_wconf 87' lang='lat' dir='ltr'>centuriis</span> <span class='ocrx_word' id='word_1_141' title='bbox 1250 1999 1318 2063; x_wconf 90' lang='lat' dir='ltr'>sive</span> 
     </span>
     <span class='ocr_line' id='line_1_17' title="bbox 134 2104 1317 2188; baseline 0.001 -20"><span class='ocrx_word' id='word_1_142' title='bbox 134 2105 236 2168; x_wconf 86' lang='lat' dir='ltr'>turmis</span> <span class='ocrx_word' id='word_1_143' title='bbox 257 2109 505 2170; x_wconf 89' lang='lat' dir='ltr'>numeratorum</span> <span class='ocrx_word' id='word_1_144' title='bbox 528 2112 603 2187; x_wconf 90' lang='lat' dir='ltr'>post</span> <span class='ocrx_word' id='word_1_145' title='bbox 626 2108 756 2187; x_wconf 89' lang='lat' dir='ltr'>tempus</span> <span class='ocrx_word' id='word_1_146' title='bbox 780 2104 870 2183; x_wconf 93' lang='lat' dir='ltr'>illud,</span> <span class='ocrx_word' id='word_1_147' title='bbox 894 2125 958 2187; x_wconf 88' lang='lat' dir='ltr'>quo</span> <span class='ocrx_word' id='word_1_148' title='bbox 983 2124 1067 2182; x_wconf 86' lang='lat' dir='ltr'>eam,</span> <span class='ocrx_word' id='word_1_149' title='bbox 1092 2105 1133 2169; x_wconf 93' lang='lat' dir='ltr'>de</span> <span class='ocrx_word' id='word_1_150' title='bbox 1150 2125 1212 2188; x_wconf 92' lang='lat' dir='ltr'>qua</span> <span class='ocrx_word' id='word_1_151' title='bbox 1235 2104 1317 2169; x_wconf 82' lang='lat' dir='ltr'>dixi·</span> 
     </span>
     <span class='ocr_line' id='line_1_18' title="bbox 132 2209 1079 2294; baseline 0.003 -21"><span class='ocrx_word' id='word_1_152' title='bbox 132 2229 205 2288; x_wconf 87' lang='lat' dir='ltr'>mus,</span> <span class='ocrx_word' id='word_1_153' title='bbox 227 2211 443 2276; x_wconf 86' lang='lat' dir='ltr'>mutationem</span> <span class='ocrx_word' id='word_1_154' title='bbox 466 2209 589 2275; x_wconf 84' lang='lat' dir='ltr'>factam</span> <span class='ocrx_word' id='word_1_155' title='bbox 613 2231 685 2276; x_wconf 88' lang='lat' dir='ltr'>esse</span> <span class='ocrx_word' id='word_1_156' title='bbox 709 2212 893 2294; x_wconf 88' lang='lat' dir='ltr'>expositum</span> <span class='ocrx_word' id='word_1_157' title='bbox 917 2215 977 2275; x_wconf 92' lang='lat' dir='ltr'>est.</span> <span class='ocrx_word' id='word_1_158' title='bbox 1076 2269 1079 2276; x_wconf 90' lang='lat'>.</span> 
     </span>
    </p>

    <p class='ocr_par' dir='ltr' id='par_1_5' title="bbox 132 2308 1319 2594">
     <span class='ocr_line' id='line_1_19' title="bbox 209 2308 1319 2400; baseline 0.001 -19"><span class='ocrx_word' id='word_1_159' title='bbox 209 2317 294 2381; x_wconf 88' lang='lat' dir='ltr'>Satis</span> <span class='ocrx_word' id='word_1_160' title='bbox 318 2317 440 2382; x_wconf 91' lang='lat' dir='ltr'>dictum</span> <span class='ocrx_word' id='word_1_161' title='bbox 464 2317 603 2395; x_wconf 87' lang='lat' dir='ltr'>videtur,</span> <span class='ocrx_word' id='word_1_162' title='bbox 628 2322 665 2382; x_wconf 92' lang='lat' dir='ltr'>ut</span> <span class='ocrx_word' id='word_1_163' title='bbox 688 2308 901 2400; x_wconf 82' lang='lat' dir='ltr'>intelligatur,</span> <span class='ocrx_word' id='word_1_164' title='bbox 922 2318 1019 2400; x_wconf 89' lang='lat' dir='ltr'>quale</span> <span class='ocrx_word' id='word_1_165' title='bbox 1042 2318 1083 2383; x_wconf 93' lang='lat' dir='ltr'>sit</span> <span class='ocrx_word' id='word_1_166' title='bbox 1100 2318 1143 2394; x_wconf 86' lang='lat' dir='ltr'>id,</span> <span class='ocrx_word' id='word_1_167' title='bbox 1167 2318 1255 2400; x_wconf 87' lang='lat' dir='ltr'>quod</span> <span class='ocrx_word' id='word_1_168' title='bbox 1279 2338 1319 2382; x_wconf 82' lang='lat' dir='ltr'>ex</span> 
     </span>
     <span class='ocr_line' id='line_1_20' title="bbox 132 2421 1318 2507; baseline 0.003 -21"><span class='ocrx_word' id='word_1_169' title='bbox 132 2421 281 2488; x_wconf 76' lang='lat' dir='ltr'>(iceronis</span> <span class='ocrx_word' id='word_1_170' title='bbox 304 2424 376 2489; x_wconf 90' lang='lat' dir='ltr'>looo</span> <span class='ocrx_word' id='word_1_171' title='bbox 399 2424 441 2488; x_wconf 92' lang='lat' dir='ltr'>ad</span> <span class='ocrx_word' id='word_1_172' title='bbox 466 2424 681 2506; x_wconf 75' lang='lat' dir='ltr'>cognitionem</span> <span class='ocrx_word' id='word_1_173' title='bbox 699 2424 923 2489; x_wconf 91' lang='lat' dir='ltr'>institutorum</span> <span class='ocrx_word' id='word_1_174' title='bbox 940 2426 986 2489; x_wconf 95' lang='lat' dir='ltr'>rei</span> <span class='ocrx_word' id='word_1_175' title='bbox 1002 2425 1141 2507; x_wconf 86' lang='lat' dir='ltr'>publicae</span> <span class='ocrx_word' id='word_1_176' title='bbox 1158 2425 1318 2490; x_wconf 84' lang='lat' dir='ltr'>Romanae</span> 
     </span>
     <span class='ocr_line' id='line_1_21' title="bbox 133 2528 267 2594; baseline 0.022 -3"><span class='ocrx_word' id='word_1_177' title='bbox 133 2528 267 2594; x_wconf 84' lang='lat' dir='ltr'>efficitur.</span> 
     </span>
    </p>
   </div>
   <div class='ocr_carea' id='block_1_4' title="bbox 158 2776 1319 3380">
    <p class='ocr_par' dir='ltr' id='par_1_6' title="bbox 194 2776 1319 3024">
     <span class='ocr_line' id='line_1_22' title="bbox 196 2776 1319 2847; baseline 0.001 -16"><span class='ocrx_word' id='word_1_178' title='bbox 196 2778 293 2841; x_wconf 84' lang='lat' dir='ltr'>Graece,</span> <span class='ocrx_word' id='word_1_179' title='bbox 312 2779 416 2833; x_wconf 86' lang='lat' dir='ltr'>Gellius</span> <span class='ocrx_word' id='word_1_180' title='bbox 434 2778 490 2841; x_wconf 83' lang='lat' dir='ltr'>XV,</span> <span class='ocrx_word' id='word_1_181' title='bbox 509 2776 526 2828; x_wconf 79' lang='lat'><strong><em>2</em></strong></span> <span class='ocrx_word' id='word_1_182' title='bbox 544 2777 641 2831; x_wconf 87' lang='lat' dir='ltr'>Latine</span> <span class='ocrx_word' id='word_1_183' title='bbox 660 2777 763 2846; x_wconf 90' lang='lat' dir='ltr'>posuit,</span> <span class='ocrx_word' id='word_1_184' title='bbox 782 2778 907 2845; x_wconf 89' lang='lat' dir='ltr'>pluribus</span> <span class='ocrx_word' id='word_1_185' title='bbox 926 2778 1046 2832; x_wconf 87' lang='lat' dir='ltr'>adiectis.</span> <span class='ocrx_word' id='word_1_186' title='bbox 1083 2779 1124 2831; x_wconf 91' lang='lat' dir='ltr'>lhi</span> <span class='ocrx_word' id='word_1_187' title='bbox 1142 2782 1179 2832; x_wconf 86' lang='lat' dir='ltr'>od</span> <span class='ocrx_word' id='word_1_188' title='bbox 1186 2782 1319 2847; x_wconf 79' lang='lat' dir='ltr'>populum</span> 
     </span>
     <span class='ocr_line' id='line_1_23' title="bbox 194 2866 1319 2921; baseline 0.002 -2"><span class='ocrx_word' id='word_1_189' title='bbox 194 2869 221 2919; x_wconf 79' lang='lat' dir='ltr'>iu</span> <span class='ocrx_word' id='word_1_190' title='bbox 249 2871 368 2921; x_wconf 68' lang='lat' dir='ltr'>comionc</span> <span class='ocrx_word' id='word_1_191' title='bbox 395 2867 490 2921; x_wconf 84' lang='lat' dir='ltr'>hahita</span> <span class='ocrx_word' id='word_1_192' title='bbox 512 2866 618 2919; x_wconf 91' lang='lat' dir='ltr'>dicitur.</span> <span class='ocrx_word' id='word_1_193' title='bbox 656 2866 789 2919; x_wconf 81' lang='lat' dir='ltr'>Censores</span> <span class='ocrx_word' id='word_1_194' title='bbox 817 2866 973 2920; x_wconf 88' lang='lat' dir='ltr'>contionem</span> <span class='ocrx_word' id='word_1_195' title='bbox 1003 2867 1173 2920; x_wconf 75' lang='lat' dir='ltr'>advocabant</span> <span class='ocrx_word' id='word_1_196' title='bbox 1201 2872 1228 2920; x_wconf 87' lang='lat' dir='ltr'>et</span> <span class='ocrx_word' id='word_1_197' title='bbox 1254 2868 1319 2921; x_wconf 86' lang='lat' dir='ltr'>dare</span> 
     </span>
     <span class='ocr_line' id='line_1_24' title="bbox 195 2960 324 3024; baseline -0.008 -14"><span class='ocrx_word' id='word_1_198' title='bbox 195 2960 324 3024; x_wconf 84' lang='lat' dir='ltr'>poterant</span> 
     </span>
    </p>

    <p class='ocr_par' dir='ltr' id='par_1_7' title="bbox 158 3039 1319 3380">
     <span class='ocr_line' id='line_1_25' title="bbox 158 3039 1319 3111; baseline -0.004 -12"><span class='ocrx_word' id='word_1_199' title='bbox 158 3039 178 3105; x_wconf 88' lang='lat'>¹)</span> <span class='ocrx_word' id='word_1_200' title='bbox 193 3044 256 3098; x_wconf 81' lang='lat' dir='ltr'>lliro</span> <span class='ocrx_word' id='word_1_201' title='bbox 274 3045 347 3099; x_wconf 91' lang='lat' dir='ltr'>enim</span> <span class='ocrx_word' id='word_1_202' title='bbox 367 3061 459 3099; x_wconf 89' lang='lat' dir='ltr'>errore</span> <span class='ocrx_word' id='word_1_203' title='bbox 481 3045 523 3098; x_wconf 83' lang='lat' dir='ltr'>vir</span> <span class='ocrx_word' id='word_1_204' title='bbox 541 3043 752 3108; x_wconf 87' lang='lat' dir='ltr'>eruditissimus,</span> <span class='ocrx_word' id='word_1_205' title='bbox 778 3043 905 3108; x_wconf 80' lang='lat' dir='ltr'>Schaefer,</span> <span class='ocrx_word' id='word_1_206' title='bbox 929 3039 977 3107; x_wconf 73' lang='grc' dir='ltr'>τήν</span> <span class='ocrx_word' id='word_1_207' title='bbox 998 3049 1158 3111; x_wconf 71' lang='grc' dir='ltr'>στρατηγίαν</span> <span class='ocrx_word' id='word_1_208' title='bbox 1180 3040 1319 3111; x_wconf 74' lang='grc' dir='ltr'><strong><em>παραιτού-</em></strong></span> 
     </span>
     <span class='ocr_line' id='line_1_26' title="bbox 194 3133 1317 3201; baseline -0.002 -13"><span class='ocrx_word' id='word_1_209' title='bbox 194 3150 271 3201; x_wconf 62' lang='grc' dir='ltr'><strong><em>μενος</em></strong></span> <span class='ocrx_word' id='word_1_210' title='bbox 289 3133 373 3188; x_wconf 86' lang='lat' dir='ltr'>edidit</span> <span class='ocrx_word' id='word_1_211' title='bbox 392 3149 426 3186; x_wconf 84' lang='lat' dir='ltr'>ex</span> <span class='ocrx_word' id='word_1_212' title='bbox 444 3149 500 3186; x_wconf 89' lang='lat' dir='ltr'>uno</span> <span class='ocrx_word' id='word_1_213' title='bbox 519 3133 578 3186; x_wconf 89' lang='lat' dir='ltr'>cod.</span> <span class='ocrx_word' id='word_1_214' title='bbox 615 3133 688 3186; x_wconf 91' lang='lat' dir='ltr'>Nihil</span> <span class='ocrx_word' id='word_1_215' title='bbox 706 3133 742 3186; x_wconf 88' lang='lat' dir='ltr'>ad</span> <span class='ocrx_word' id='word_1_216' title='bbox 761 3149 888 3186; x_wconf 90' lang='lat' dir='ltr'>censores</span> <span class='ocrx_word' id='word_1_217' title='bbox 906 3133 1028 3201; x_wconf 89' lang='lat' dir='ltr'>pertinet</span> <span class='ocrx_word' id='word_1_218' title='bbox 1051 3133 1217 3187; x_wconf 89' lang='lat' dir='ltr'>renuntiatio</span> <span class='ocrx_word' id='word_1_219' title='bbox 1241 3133 1317 3201; x_wconf 74' lang='lat' dir='ltr'>digni</span> 
     </span>
     <span class='ocr_line' id='line_1_27' title="bbox 193 3220 1313 3292; baseline -0.001 -16"><span class='ocrx_word' id='word_1_220' title='bbox 193 3223 252 3276; x_wconf 88' lang='lat' dir='ltr'>tatis</span> <span class='ocrx_word' id='word_1_221' title='bbox 275 3221 466 3292; x_wconf 75' lang='lat' dir='ltr'>imperatoriae,</span> <span class='ocrx_word' id='word_1_222' title='bbox 494 3238 544 3275; x_wconf 90' lang='lat' dir='ltr'>nec</span> <span class='ocrx_word' id='word_1_223' title='bbox 567 3222 624 3275; x_wconf 88' lang='lat' dir='ltr'>ulla</span> <span class='ocrx_word' id='word_1_224' title='bbox 647 3221 709 3275; x_wconf 87' lang='lat' dir='ltr'>talis</span> <span class='ocrx_word' id='word_1_225' title='bbox 733 3220 899 3275; x_wconf 86' lang='lat' dir='ltr'>renuntiatio</span> <span class='ocrx_word' id='word_1_226' title='bbox 923 3221 982 3285; x_wconf 87' lang='lat' dir='ltr'>luit,</span> <span class='ocrx_word' id='word_1_227' title='bbox 1011 3237 1061 3275; x_wconf 90' lang='lat' dir='ltr'>nec</span> <span class='ocrx_word' id='word_1_228' title='bbox 1084 3222 1230 3291; x_wconf 87' lang='lat' dir='ltr'>Pompeius</span> <span class='ocrx_word' id='word_1_229' title='bbox 1254 3227 1313 3276; x_wconf 90' lang='lat' dir='ltr'>tum</span> 
     </span>
     <span class='ocr_line' id='line_1_28' title="bbox 192 3310 1195 3380; baseline 0.001 -17"><span class='ocrx_word' id='word_1_230' title='bbox 192 3311 343 3380; x_wconf 88' lang='lat' dir='ltr'>imperator.</span> <span class='ocrx_word' id='word_1_231' title='bbox 380 3310 545 3364; x_wconf 87' lang='lat' dir='ltr'>Plutarchus</span> <span class='ocrx_word' id='word_1_232' title='bbox 564 3310 629 3379; x_wconf 88' lang='lat' dir='ltr'>quid</span> <span class='ocrx_word' id='word_1_233' title='bbox 648 3310 792 3378; x_wconf 86' lang='lat' dir='ltr'>scripserit,</span> <span class='ocrx_word' id='word_1_234' title='bbox 812 3310 879 3363; x_wconf 84' lang='lat' dir='ltr'>satis</span> <span class='ocrx_word' id='word_1_235' title='bbox 897 3310 1046 3363; x_wconf 90' lang='lat' dir='ltr'>ostendunt</span> <span class='ocrx_word' id='word_1_236' title='bbox 1063 3310 1195 3378; x_wconf 85' lang='lat' dir='ltr'>proxima.</span> 
     </span>
    </p>
   </div>
   <div class='ocr_carea' id='block_1_5' title="bbox 0 0 1478 5206">
    <p class='ocr_par' dir='ltr' id='par_1_8' title="bbox 0 0 1478 5206">
     <span class='ocr_line' id='line_1_29' title="bbox 0 0 1478 5206; baseline 0 0"><span class='ocrx_word' id='word_1_237' title='bbox 0 0 1478 5206; x_wconf 95' lang='lat' dir='ltr'> </span> 
     </span>
    </p>
   </div>
  </div>
 </body>
</html>
