2948 5206
672 303 735 369 237

146 497 234 576 diam
251 518 326 564 nam
349 498 468 563 civium
491 498 563 564 iura
584 498 645 565 hos
669 499 800 565 colonos
815 500 981 579 babuisse,
1006 521 1079 583 quae
1097 504 1230 586 quidem
1248 505 1301 571 illo

145 606 251 687 tenpore
272 608 492 687 superessent,
517 601 649 688 antea¹)
673 605 755 683 dixi3
779 605 884 672 forma
902 610 1013 672 autem
1032 608 1079 673 rei
1096 611 1301 694 municipalis

144 730 192 793 qua
208 713 431 796 imperatomm
460 713 664 795 temporibus
681 712 799 788 luerit,
835 713 1024 779 institutave
1054 717 1206 782 militaria
1235 739 1301 784 non
1354 781 1360 793 ,

144 836 242 899 expono.
284 818 394 902 Atque
417 819 470 884 hae
493 822 578 896 sunt,
614 840 697 901 quae,
733 823 770 884 ut
798 820 941 885 Siculum
966 820 1117 887 Flaccum
1142 826 1175 888 et
1198 825 1300 890 Fron·

142 922 211 989 inun
231 925 388 1003 omittam,
418 945 438 990 a
461 926 565 991 Plinio
588 934 799 991 recensentur
823 927 973 1002 coloniam
1007 929 1063 1010 qui
1087 930 1176 1011 quod
1198 933 1299 996 inter·

140 1027 191 1094 don
216 1031 355 1097 colonias
389 1036 423 1097 et
456 1032 574 1097 civium
608 1033 835 1099 Romanorum
866 1034 996 1117 oppida,
1032 1036 1162 1117 quibua,
1198 1056 1299 1119 quum

140 1139 271 1220 peregrina
294 1137 442 1215 luissent,
467 1139 546 1204 data
569 1143 640 1204 erat
663 1140 786 1218 civitas,
810 1142 847 1204 ut
870 1141 904 1204 in
921 1140 1081 1223 Hispania
1104 1142 1215 1207 multis
1232 1143 1299 1208 iam

138 1243 256 1310 rblulio
290 1245 431 1324 Caesare,
467 1247 646 1328 separatim
680 1248 837 1323 nominat,
873 1247 962 1311 velut
990 1247 1081 1312 lllc.
1106 1248 1137 1326 3,
1169 1247 1298 1331 4518

138 1368 197 1434 sqq.
216 1353 247 1417 in
269 1371 408 1417 recensu
430 1353 626 1436 oppidorum
649 1351 817 1434 Hispaniae
841 1353 998 1419 citerioris
1022 1353 1112 1435 (nam
1136 1355 1177 1420 de
1202 1375 1241 1420 ea
1265 1376 1300 1421 re

138 1453 262 1522 dicturum
290 1478 345 1523 me
372 1454 565 1542 promisi)²),
601 1459 634 1523 id
668 1479 734 1525 non
768 1460 831 1524 ad
845 1459 981 1525 inferius
1015 1461 1258 1527 coloniarum
1249 1483 1300 1527 rus

136 1562 264 1641 publicum
287 1565 462 1647 pertinere,
493 1565 552 1630 sed
574 1567 703 1630 tantum
727 1565 771 1630 ad
794 1566 1022 1649 distinguenda
1045 1568 1175 1650 oppida,
1212 1570 1300 1651 quod

136 1683 178 1732 lon
193 1670 301 1736 inutile
324 1674 406 1749 erat,
441 1673 596 1753 quoniam
625 1673 659 1737 in
687 1673 816 1737 interna
844 1693 913 1737 suae
940 1673 988 1737 rei
1018 1673 1299 1741 administratione

137 1771 224 1855 liquo
244 1776 384 1843 fortasse
415 1781 537 1862 proprii
567 1780 738 1844 habebant
768 1778 903 1844 coloniae
935 1779 1101 1857 militares,
1137 1786 1228 1863 patet
1260 1802 1300 1846 ex

137 1896 168 1955 a,
183 1884 261 1965 quod
283 1904 425 1968 semper,
449 1886 615 1969 dignitatis
632 1886 745 1952 ordine
763 1885 959 1969 oppidorum
976 1904 1095 1968 genera
1114 1887 1299 1970 disponens,

138 1984 377 2073 olomas‘primo
406 1993 476 2058 loco
505 1993 597 2075 ponit
632 1991 683 2074 (ut
710 1992 764 2057 illo
793 1994 864 2075 ipso
891 1992 975 2057 loco:
1015 1996 1148 2057 continet
1182 1996 1301 2079 oppida
1315 2012 1356 2054 rsa

140 2089 289 2179 CLXXIII,
314 2100 411 2162 iniis
429 2099 568 2163 colonias
584 2098 669 2180 XII,
693 2099 812 2183 oppido
824 2101 938 2162 muium
959 2093 1177 2164 Romanorum
1196 2100 1301 2183 XIII,

139 2192 290 2267 buroam
323 2213 463 2269 vamum
497 2204 642 2287 XVIII,
675 2205 903 2289 foederotorum
939 2226 1053 2286 unuln,
1088 2206 1302 2290 stipendiario

140 2301 289 2394 CXXXV).
337 2312 409 2396 lpse
439 2313 479 2378 de
503 2312 663 2396 Hispania
692 2313 813 2377 Baetica
842 2314 1026 2377 accuratius
1055 2313 1206 2394 loquitur,
1242 2334 1301 2396 pro

139 2415 229 2495 oppidis
251 2419 370 2484 civium
393 2419 618 2486 Romanorum
644 2420 747 2502 magis
770 2421 901 2502 proprie
925 2420 1101 2503 nrunicipio
1119 2420 1300 2503 appellans,

139 2517 233 2589 lobbiis
255 2528 369 2590 tamen
397 2528 591 2609 praepositis.
638 2526 746 2590 Unum
777 2525 916 2591 fortasse.
947 2525 1135 2590 addendum
1165 2530 1223 2604 est,
1260 2546 1301 2591 ne

140 2620 216 2694 illis
244 2631 378 2697 coloniis
409 2633 605 2697 militaribus
636 2633 807 2716 scrupulus
838 2636 1008 2697 remaneat
1039 2651 1079 2696 ex
1109 2633 1201 2697 Gellii
1230 2632 1302 2698 loco

140 2724 201 2811 llll
230 2738 293 2821 13),
329 2738 421 2803 cuius
452 2738 567 2820 reliqui
599 2760 724 2804 errores
753 2739 873 2803 sublati
902 2742 972 2804 tota
996 2741 1058 2803 hac
1081 2739 1301 2821 disputatione

141 2845 193 2916 unt
217 2850 455 2928 quaeraturque,
487 2846 542 2927 qui
566 2847 699 2911 tandem
724 2846 793 2911 lieri
817 2845 969 2929 potuerit,
1006 2848 1042 2909 ut
1065 2846 1301 2927 imperatorum

139 2942 246 3030 itnpore
268 2954 447 3035 municipia
470 2953 634 3017 interdum
658 2954 793 3019 coloniae
816 2954 895 3029 fieri,
921 2953 985 3017 alia
1003 2952 1123 3034 oppida
1144 2954 1176 3016 in
1195 2955 1301 3017 muni·

140 3048 255 3131 tipiomm
287 3060 428 3124 formam
461 3060 563 3141 redigi
594 3063 761 3143 cuperent.
808 3059 944 3142 Oppidis
976 3058 1221 3123 senescentibus
1251 3059 1301 3123 in·

139 3157 277 3246 ratusque
303 3170 458 3249 exoptata
475 3187 547 3231 esse
565 3170 693 3249 poterat
711 3187 869 3232 novorum
889 3166 1164 3248 robustorumque
1184 3167 1301 3236 civium

139 3270 252 3343 suessio,
277 3274 396 3354 quibus
420 3293 485 3338 non
509 3294 569 3339 suo
594 3274 714 3339 damno
739 3273 829 3355 (nam
854 3293 892 3338 ea
918 3274 965 3337 vis
990 3292 1064 3336 cum
1089 3271 1182 3336 bellis
1202 3273 1302 3335 cirili·

137 3364 176 3436 bis
193 3378 315 3444 sublata
339 3379 433 3458 erat),
463 3380 522 3444 sed
547 3380 587 3444 de
611 3381 741 3462 publico
765 3382 833 3462 agri
856 3374 1102 3462 pararentur³);
1132 3398 1193 3443 nec
1216 3377 1302 3441 diffi-

136 3475 175 3542 b'lt
200 3493 244 3559 est
276 3488 450 3569 suspicari,
492 3488 553 3552 has
593 3494 822 3553 veteranorum
862 3486 1020 3563 colonias,
1061 3487 1094 3549 in
1129 3483 1302 3566 provinciis

135 3587 252 3670 maxime,
287 3595 396 3659 minus
426 3594 591 3659 interdum
623 3595 863 3676 pmrinciarum
877 3606 879 3610 ·
892 3593 1069 3675 praesidum
1097 3592 1220 3656 iniuriis
1245 3611 1301 3653 ex-

134 3695 226 3769 lffl'tas
246 3699 347 3764 fuisse
370 3720 470 3782 quam
495 3701 670 3783 municipia
694 3701 873 3783 peregrinae
897 3700 1039 3782 originis.
1085 3699 1214 3763 Rursus
1232 3698 1301 3761 fieri

85 3850 87 3855 ·
133 3802 240 3882 litteral,
267 3810 311 3875 ut.
341 3807 461 3888 quibus
486 3826 551 3871 non
574 3807 762 3889 petentibus
787 3807 889 3871 additi
912 3806 1098 3870 huiusmodi
1122 3804 1227 3870 coloni
1251 3823 1302 3867 es·

133 3909 194 3983 llll
222 3930 330 3978 eorum
361 3914 517 3995 superbia
547 3918 777 3995 gravarentur,
812 3917 883 3978 tum
915 3913 1062 3977 instituta
1092 3911 1302 3992 municipalia

132 4014 218 4079 vetera
238 4018 359 4103 integra
383 4038 483 4100 quam
507 4019 677 4101 paululum
702 4019 822 4084 colonis
846 4018 981 4084 adiectis
1005 4020 1133 4082 mutata
1157 4016 1301 4081 mallent.

133 4165 365 4188 x—

153 4271 171 4340 ’)
185 4276 209 4332 r.
223 4279 277 4338 au.

151 4359 260 4439 'Isupm
275 4391 300 4442 p.
319 4372 382 4428 248.

155 4448 241 4523 left..
257 4478 316 4530 quar
334 4463 369 4518 de
388 4461 518 4527 Puteolis,
537 4461 665 4526 Tarento,
685 4462 767 4517 Antio
786 4462 896 4516 Tacitus
915 4462 1008 4516 scribit
1026 4461 1098 4515 Anu.
1117 4461 1188 4523 xlv,
1207 4457 1249 4512 27.
