2948 5206
73 507 199 570 lectione
232 527 329 592 qaum
360 508 436 571 tecit
464 527 524 590 pro
552 509 695 571 contexit.
741 508 875 574 Frustra
910 512 997 575 enim
1032 512 1156 576 Weber
1190 517 1263 594 post

75 611 342 678 Wunderlichiruu
366 613 410 679 ad
433 614 588 679 omissam
612 613 806 696 particulam
830 616 859 680 si
882 617 1035 699 confugit,
1061 639 1133 702 quae
1151 621 1184 684 in
1201 620 1263 685 hac

74 721 216 785 orationis
238 723 405 785 structura
428 720 533 784 audiri
557 720 646 785 nullo
663 721 768 786 'modo
791 727 909 804 potest.
956 724 1083 806 Duplex
1107 729 1157 790 est
1176 728 1262 790 enim

74 827 132 890 eius
161 828 352 891 omittendae
383 826 473 908 apud
502 826 634 892 Latinos
663 829 757 905 ratio,
792 830 899 911 primo
934 831 968 894 in
1001 832 1092 896 initio
1127 833 1262 915 periodi,

74 932 129 1009 ubi,
151 935 184 997 111
207 934 371 999 concitata
395 937 428 998 et
451 934 542 998 brevi
566 935 724 1012 oratione,
749 934 792 1012 id,
823 936 912 1018 quod
935 937 1132 1002 condicionis
1155 939 1262 1004 locum

73 1044 160 1117 tenet,
187 1040 323 1123 fingitur
345 1060 433 1117 esse;
468 1042 515 1105 sic
546 1043 632 1106 enim
656 1041 842 1107 huiusmodi
865 1043 927 1107 loci
950 1045 1130 1126 accipiendi
1154 1047 1261 1127 potius

74 1151 138 1211 sunt
160 1166 261 1229 quam
285 1167 346 1229 per
368 1148 672 1229 interrogationem
703 1149 814 1231 itaque
842 1168 878 1213 re
901 1169 979 1214 vera
1002 1170 1069 1215 non
1092 1153 1261 1229 omittitur,

72 1253 121 1317 sed
142 1255 211 1318 eius
233 1253 396 1336 ponendae
420 1272 520 1317 causa
543 1253 676 1330 tollitur,
706 1254 770 1319 alia
794 1256 943 1320 instituta
966 1259 1121 1322 orationis
1145 1259 1261 1335 forma,

72 1360 165 1442 qualis
188 1364 239 1424 est
262 1362 296 1424 111
319 1360 382 1424 hac
409 1360 482 1442 ipsa
511 1361 612 1425 satira
641 1380 671 1424 v.
698 1361 776 1425 100:
808 1361 924 1426 Ridea-
959 1365 1080 1428 maiore
1110 1364 1262 1433 carliano

32 1446 40 1469 ⁸
72 1466 264 1548 &amdam
291 1467 354 1549 flet,
382 1468 412 1530 si
439 1467 592 1530 lacrimas
621 1468 780 1550 compedit
808 1469 905 1531 amici
934 1466 1005 1551 (cir.
1029 1469 1111 1547 XIII,
1141 1471 1207 1536 215
1230 1475 1263 1536 et

71 1573 125 1636 221
149 1577 191 1650 et,
215 1593 258 1637 ne
282 1573 397 1656 longus
420 1575 600 1667 sim,·quos
622 1573 770 1638 laudarit
792 1578 942 1639 auctores
960 1575 1196 1643 Stallbaumius
1219 1579 1263 1643 ad

70 1679 216 1744 lluddim.
240 1679 395 1744 Instituit.
420 1679 447 1742 11
470 1700 502 1762 p.
527 1679 603 1757 356,
627 1679 723 1744 Beler
745 1680 789 1744 ad
813 1681 929 1763 fragm.
954 1682 1020 1746 Cic.
1043 1687 1140 1747 oratt.
1162 1704 1194 1766 p.
1218 1685 1261 1749 46

30 1872 34 1877 .
70 1806 142 1868 sqq,
173 1785 407 1870 Bemhardyus
431 1786 523 1869 Synt.
548 1786 651 1851 Graec.
675 1808 707 1869 p.
733 1786 822 1868 385).
869 1787 994 1852 Deinde
1022 1789 1126 1854 multo
1157 1792 1261 1854 rarius

71 1912 138 1956 rere
159 1894 322 1958 omittitur
350 1894 384 1957 111
412 1893 522 1957 media
552 1895 698 1959 oratione
731 1895 763 1958 in
795 1894 913 1959 eadem
944 1897 1169 1972 concitatIone,
1206 1897 1261 1961 ubi

72 1999 206 2064 condicio
228 1999 422 2064 brevissime
444 2019 510 2065 uno
533 2000 703 2065 duobusve
726 1984 835 2065 verbis
859 2002 1105 2083 comprehensa,
1130 2007 1261 2068 senten·

72 2107 118 2170 tia
138 2109 303 2188 primaria
327 2108 529 2198 interposita,
565 2109 637 2191 ipsa
660 2108 752 2172 verbi
776 2108 883 2172 torma
913 2107 1067 2173 indicium
1099 2110 1149 2173 sui
1173 2110 1260 2184 iacit,

73 2213 339 2294 quemadmodum
363 2213 444 2278 dixit
466 2213 616 2296 Virgilius
640 2212 713 2280 AEnss
730 2215 782 2291 VI,
806 2215 864 2278 30:
894 2213 944 2278 Tu
969 2235 1094 2301 quoque¹
1110 2237 1261 2301 magnam

75 2318 188 2384 Portan
211 2341 304 2405 opere
326 2322 362 2384 ia
384 2327 481 2401 tarda,
505 2322 621 2385 aluerat
644 2321 743 2399 dolor,
768 2321 863 2385 Icare
885 2320 1025 2400 haberes,
1050 2326 1083 2387 et
1099 2322 1261 2387 Iuvenalis

75 2444 161 2507 supra
188 2447 218 2490 v.
243 2427 301 2493 78:
338 2427 505 2492 Graculus
540 2429 680 2492 crumena
713 2429 749 2491 in
783 2430 908 2511 coelum,
944 2430 1090 2509 iusseris,
1125 2429 1193 2510 ibit,
1229 2433 1262 2494 et

76 2531 173 2596 Senec.
197 2534 319 2598 consol.
345 2534 386 2599 ad
411 2535 568 2599 Marcii:
594 2556 662 2618 pur
686 2535 891 2615 adlaberto,
920 2534 1024 2615 libeat,
1052 2536 1203 2617 facultas,
1228 2542 1260 2601 et

77 2657 137 2717 qua
164 2644 240 2703 sunt
268 2641 386 2705 horum
415 2637 578 2720 similia.¹)
629 2642 691 2706 Hic
726 2643 868 2723 quidem,
905 2643 938 2705 in
972 2642 1081 2705 media
1116 2644 1259 2723 periodo

77 2746 327 2825 procedentem,
364 2753 520 2830 sequente
544 2748 689 2828 perfecto
713 2749 879 2814 indicativi
903 2753 1060 2830 tempore,
1094 2770 1159 2813 non
1183 2771 1260 2814 con·
1275 2761 1300 2800 ⁵⁵

77 2852 160 2916 citata
182 2856 339 2932 oratione,
375 2875 441 2919 non
464 2855 566 2933 brevi,
601 2857 707 2920 omitti
735 2857 823 2921 nullo
847 2857 945 2921 modo
968 2857 1083 2937 potuit.
1131 2857 1195 2920 Sed
1220 2857 1260 2921 de

77 2961 222 3024 sententia
246 2961 427 3026 videamus.
475 2962 578 3044 Vulgo
602 2964 688 3027 enim
713 2963 775 3026 hoc
804 2963 865 3026 dici
896 2966 1024 3045 putant,
1060 2963 1144 3027 adeo
1175 2964 1260 3028 male

77 3068 167 3129 curari
190 3069 268 3131 vitia
292 3068 502 3133 aedificiorum
527 3069 570 3132 ab
594 3090 642 3145 eo,
668 3071 723 3151 qui
747 3071 776 3133 ei
799 3071 846 3133 rei
869 3069 1044 3150 praefectus
1064 3071 1114 3146 sit,
1140 3071 1259 3145 villico;

75 3169 149 3235 hunc
181 3176 292 3238 autem
328 3175 473 3239 nonnulli
508 3176 628 3241 aedium
669 3176 837 3241 dominum
878 3176 1074 3257 intelligrmt,
1114 3177 1261 3259 plerique

75 3283 172 3343 autern
200 3283 428 3363 magistratum
458 3283 614 3364 aliquem,
651 3303 691 3346 ex
719 3282 769 3346 his
800 3302 912 3347 rursus
944 3283 997 3345 alii
1026 3283 1170 3360 aedilem,
1206 3285 1260 3348 alii

73 3387 253 3464 praetectum
276 3389 377 3452 urbis.
424 3389 465 3452 Et
488 3389 528 3452 de
552 3390 614 3454 hoc
637 3390 760 3454 Weber
782 3392 959 3452 asseverat.
998 3389 1062 3453 Ubi
1086 3395 1197 3454 autem
1222 3411 1260 3455 eo
1340 3474 1343 3479 Ι

75 3497 194 3556 rentum
229 3499 294 3572 est,
330 3499 367 3560 ut
402 3495 657 3573 demonstretur,
693 3496 857 3578 quomodo
897 3495 940 3559 ad
973 3496 1059 3560 hunc
1093 3497 1260 3562 hominem

73 3599 308 3678 significandum
344 3603 444 3666 villici
478 3623 598 3668 nomen
633 3607 746 3686 aptum
781 3604 837 3679 sit,
873 3602 1082 3683 respondent,
1118 3605 1260 3668 villicum

73 3706 218 3786 appellari
243 3711 391 3790 quemvis
415 3715 659 3791 procuratorem
682 3730 721 3773 ac
745 3711 1020 3790 dispensatorem;
1052 3711 1097 3772 sic
1121 3711 1260 3772 villicum

73 3811 293 3897 alimentorum,
328 3817 468 3880 villicum
497 3839 526 3880 a
541 3816 670 3900 plumbo
699 3816 771 3880 dici.
817 3816 862 3879 Ut
894 3817 1052 3897 accipiam
1084 3818 1259 3880 testimonii

72 3917 135 3983 loeo
157 3921 225 3986 illas
249 3924 485 4005 appellationes
508 3924 677 3987 hominum
702 3923 802 3986 infimi
827 3923 948 3987 ordinis
973 3944 1013 3986 ex
1044 3924 1259 4003 inscriptioni-

71 4023 128 4088 bus
149 4032 336 4107 posterioris
359 4032 475 4105 aetatis,
511 4050 617 4111 neque
640 4031 794 4103 reiiciam,
831 4051 929 4113 quem
961 4052 1000 4094 ex
1024 4031 1259 4111 epigrammate

71 4131 101 4193 in
132 4133 294 4217 Priapum,
330 4137 418 4218 quod
453 4138 535 4202 laiso
570 4137 700 4201 Tibullo
735 4139 898 4214 tribuitur,
934 4139 1085 4212 afferunt,
1121 4136 1259 4198 villicum

97 4394 117 4464 ¹)
133 4400 221 4469 longe
239 4402 356 4467 diversa,
380 4420 463 4471 quam
484 4404 584 4458 Weber
608 4409 635 4456 et
654 4403 809 4457 Itamshorn
834 4407 1002 4471 comparant,
1028 4401 1182 4454 Germanici
1206 4418 1259 4454 ser·

134 4492 221 4543 monis
239 4492 318 4551 ratio.
338 4493 424 4546 nostri
443 4509 560 4561 quoque.
590 4490 699 4559 [Totam
719 4509 778 4546 rem
797 4492 916 4547 breviter
935 4490 1130 4559 comprehendi
1144 4507 1258 4558 gramm.

134 4578 191 4633 Lat
209 4578 226 4645 5
243 4579 297 4632 442
315 4598 332 4634 a
351 4586 407 4634 not.
426 4579 443 4631 2
462 4581 504 4634 cd.
524 4578 597 4646 tert]
