2948 5206
661 274 728 340 305

139 470 237 552 phn'na
258 474 290 535 et
311 469 505 553 gravissima
528 469 649 535 menda
671 471 740 535 tolli
764 489 804 535 ex
827 470 866 535 iis
881 491 988 553 posse,
1013 472 1129 554 siquis
1145 470 1289 537 codicem

138 576 379 655 amuentissimis,
414 576 534 660 quibus
563 577 715 660 vulgares
744 576 818 642 libri
842 576 1079 655 obsiderentur,
1113 577 1290 661 interpola-

137 683 237 748 t'onibus
269 685 451 749 immunem
485 688 601 749 nactus
636 687 734 749 esset.
781 682 897 748 Talem
932 687 1043 749 autem
1073 685 1290 750 parisiensem

137 788 196 854 han
215 810 280 855 esse
303 810 370 855 non
393 791 499 856 solum
523 793 595 873 ipsa
618 790 797 872 antiquitas
815 789 1019 869 ostendebat,
1043 826 1087 837 -
1109 793 1186 857 noni
1203 790 1289 856 enim

137 896 211 960 sacch
228 896 396 962 dicebatur
418 916 500 974 esse,
529 916 590 962 nec
619 898 662 963 ab
686 896 838 979 opinione
860 916 989 980 magnae
1013 901 1100 963 certe
1119 898 1291 963 vetustatis

137 1001 294 1068 abhorrebat
316 999 477 1069 vocabula
500 1004 664 1069 scribendi
688 1006 842 1068 constans
864 1005 958 1081 ratio,
983 1039 1026 1050 -
1053 1015 1167 1069 rerum
1191 1005 1290 1069 etiam

136 1103 276 1174 nullorum
294 1112 440 1176 locorum
464 1111 627 1191 scriptura
649 1111 761 1175 statim
785 1110 1015 1191 patefaciebat,
1047 1112 1093 1175 ita
1115 1130 1136 1175 a
1159 1110 1290 1194 reliquis

137 1212 273 1294 discedens,
302 1224 477 1283 uteorum
500 1217 621 1299 partim
645 1220 761 1298 aperta
783 1216 904 1281 menda
927 1216 1063 1295 tolleret,
1092 1217 1212 1300 partim
1235 1236 1290 1282 oc-

136 1321 192 1386 ulta
219 1329 272 1388 aut
306 1325 481 1406 corrigeret
515 1326 574 1387 aut
601 1327 753 1406 argueret
776 1323 903 1401 saltem,
938 1327 1194 1406 congrueretque
1222 1323 1291 1388 fere

136 1444 183 1492 un
200 1430 231 1494 iis
256 1431 401 1495 melioris
431 1429 559 1512 generis
587 1429 764 1507 codicibus,
787 1450 938 1513 quorum
973 1435 1031 1495 aut
1065 1433 1098 1495 in
1129 1434 1290 1513 apparatu

136 1534 209 1600 critico
228 1537 422 1602 Gruteriano
444 1555 521 1601 rara
549 1535 729 1600 admodum
760 1539 794 1600 et
823 1557 941 1620 pamm
972 1537 1107 1620 diligens
1139 1537 1292 1603 exstabat

135 1643 226 1721 nenio,
260 1644 350 1708 velut
385 1642 503 1708 codicis
536 1642 649 1714 Sancti
677 1642 814 1709 Victoris
846 1648 880 1710 et
907 1643 1152 1710 Gemblacensis
1181 1643 1291 1709 aGu·

134 1741 207 1814 lichno
225 1750 456 1828 adhibitorum,
482 1754 539 1814 aut
563 1748 640 1813 alibi
663 1751 800 1833 vestigia
823 1755 1026 1834 supererant,
1057 1752 1146 1817 velut
1168 1753 1202 1816 in
1225 1752 1291 1816 edi-

134 1850 189 1919 tione
208 1856 422 1940 Hervagiana,
457 1876 523 1938 qua
551 1855 691 1921 Orellius
718 1876 824 1940 nuper
852 1857 961 1940 aliquo
985 1877 1059 1923 cum
1082 1858 1195 1922 fructu,
1212 1877 1291 1922 usus

133 1963 184 2024 aa
221 1964 325 2029 Huius
348 1964 446 2046 igitur
469 1964 588 2029 codicis
612 1982 684 2044 ope,
715 1963 806 2028 cuius
829 1970 941 2029 tamen
964 1984 1031 2030 non
1053 1964 1151 2047 plane
1174 1964 1291 2029 eadem

133 2068 164 2128 aa
178 2087 225 2149 per
245 2090 362 2136 omnes
385 2070 549 2136 orationes
571 2065 810 2152 praesternat,
841 2071 1005 2149 adhibitis,
1035 2091 1109 2153 quae
1131 2075 1292 2153 praeterea
1384 2129 1391 2144 ,

131 2186 212 2251 tptrsa
231 2177 284 2241 hic
307 2177 372 2241 illic
395 2180 499 2253 erant,
534 2176 703 2260 praesidiis,
739 2176 783 2241 ad
812 2197 885 2259 quae
913 2179 979 2242 iam
1009 2181 1080 2242 tum
1109 2181 1293 2244 accesserat

132 2271 290 2347 burensis
331 2284 469 2373 codicis
491 2284 620 2348 collatio
660 2283 899 2362 Wunderiana,
939 2304 1017 2350 mox
1056 2284 1202 2349 adiectus
1242 2287 1293 2349 est

131 2382 283 2458 &instes
302 2390 479 2454 Vaticanus
502 2390 626 2455 aMaio
644 2389 760 2468 editus,
785 2393 846 2456 has
870 2391 1034 2457 orationes
1057 2391 1145 2456 boris
1169 2391 1292 2481 aliquot

131 2490 262 2562 ahands
286 2497 463 2562 emendare
487 2498 580 2578 coepi,
606 2498 709 2562 multa
733 2517 873 2580 quoque,
903 2502 940 2563 ut
962 2499 999 2563 fit
1021 2499 1055 2562 in
1077 2498 1140 2563 hoc
1162 2516 1291 2580 genere,
1306 2513 1346 2554 m

131 2614 180 2677 tau
196 2608 306 2686 aperta
328 2593 460 2669 testium
485 2605 679 2669 auctoritate
703 2606 735 2668 in
759 2604 874 2669 melius
898 2606 1018 2669 mutari
1041 2624 1108 2670 non
1129 2607 1291 2687 poterant,

133 2708 235 2790 ibitis
258 2715 371 2776 tamen
394 2712 545 2793 persequi
569 2715 602 2775 et
625 2713 811 2775 coniectura
839 2731 953 2776 rerum
977 2714 1130 2793 reperire,
1160 2711 1193 2775 in
1221 2711 1292 2776 aliis

132 2817 276 2882 necessario
311 2817 395 2882 falsa
430 2823 560 2881 notasse
596 2821 779 2882 contentus.
836 2819 945 2900 Atque
982 2819 1073 2883 initio
1108 2817 1292 2900 cogitabam

133 2913 257 2988 numum
281 2925 369 3006 ipsas
392 2927 555 2990 orationes
580 2925 676 2989 edere
701 2930 733 2989 et
757 2925 1023 2990 emendationum
1047 2926 1189 2990 rationes
1212 2923 1291 2989 sub·

135 3018 195 3091 itatis
219 3031 456 3096 commentariis
488 3050 666 3113 exponere,
702 3031 820 3097 deinde
852 3037 962 3096 autem
999 3031 1093 3114 plura
1126 3050 1165 3094 ex
1196 3030 1292 3094 simili

137 3143 217 3207 tuere
238 3127 430 3203 adiumenta
454 3138 544 3219 prius
573 3138 863 3221 circumspicienda
895 3138 1099 3215 videbantur,
1135 3157 1210 3220 quae
1239 3157 1292 3201 res

141 3239 281 3324 omhque
304 3246 470 3309 exsecutio
494 3246 697 3310 occasionem
722 3250 754 3310 et
771 3250 900 3328 tempus
918 3249 1140 3327 opportunum
1157 3263 1292 3326 exspec-

142 3339 211 3410 ltbtt.
247 3351 372 3416 Interea
399 3352 573 3417 intervenit
603 3354 787 3418 orationum
818 3372 878 3434 pro
903 3351 1001 3416 Caelio
1032 3354 1066 3415 et
1096 3371 1156 3433 pro
1187 3351 1292 3415 Sestio

80 3506 84 3511 .
145 3444 209 3563 alitio
225 3454 391 3536 Orelliana,
428 3459 478 3523 eui
506 3478 611 3540 nuper
639 3460 777 3523 accessit
807 3478 894 3524 nova
917 3457 1073 3523 orationis
1097 3458 1137 3522 de
1161 3458 1293 3540 provin·

146 3565 181 3619 aa
197 3564 400 3629 consularibus
424 3567 587 3640 recensi03
611 3565 645 3629 in
666 3585 732 3647 qua
749 3562 889 3631 editione
905 3584 1007 3647 quum
1023 3564 1072 3628 vir
1088 3564 1293 3629 doctissimus

149 3706 359 3732 X*—

168 3809 313 3897 ¹llnrupius
339 3836 462 3895 annotat,
490 3832 584 3900 plnres
612 3847 675 3884 eum
700 3831 840 3899 scripsisse
862 3831 1038 3900 singulosque
1062 3828 1187 3882 librarios
1205 3844 1293 3897 pauca

196 3915 292 3974 Ἥκω
310 3919 337 3973 in
356 3921 551 3989 orthographia
569 3926 703 3984 mutusse;
724 3936 810 3974 unum
828 3921 931 3988 ubique
945 3920 1032 3985 michi,
1052 3919 1134 3970 aicbat
1146 3917 1293 3985 scripsisse,

197 3996 258 4056 ³timu
273 4025 285 4058 c
301 4014 357 4061 etr
380 4009 484 4062 litteras
507 4015 687 4078 permutasse,
715 4025 811 4063 omnes
836 4025 900 4063 vero
924 4016 933 4060 t
958 4014 991 4061 et*
1008 4010 1039 4070 d;
1067 4006 1220 4060 orationem
1244 4022 1294 4074 pro

198 4080 260 4144 Balbo
274 4097 357 4150 multo
376 4098 468 4151 minus
486 4104 613 4151 accurate
632 4098 796 4167 descriptam
816 4114 883 4162 esse,
908 4103 938 4150 ut
961 4097 1087 4149 rideatur
1104 4095 1231 4148 librarius
1250 4110 1294 4147 ex·

198 4178 276 4244 e“halac
290 4185 398 4239 difficile
418 4188 489 4240 lectu
508 4192 572 4240 ante
596 4188 689 4240 oculos
708 4187 845 4240 habuisse.
883 4187 955 4239 Sane
979 4184 1067 4237 multo
1090 4185 1152 4252 plus
1175 4184 1218 4237 rel
1242 4183 1294 4236 hoc

199 4258 290 4324 atham
307 4275 427 4328 subsidio
446 4276 480 4328 ad
499 4275 558 4329 eius
577 4277 708 4329 orationis
727 4270 948 4329 emendationem
968 4276 1052 4341 quam
1071 4273 1106 4325 ad
1125 4271 1293 4339 reliquarum

201 4342 349 4441 traderetur,
382 4364 545 4432 videturque
578 4381 610 4418 ea
638 4365 725 4418 oratio
753 4371 780 4418 et
808 4363 990 4431 antiquiorem
1019 4361 1121 4414 hab'ere
1149 4360 1293 4428 interpola·

202 4437 277 4499 bouem
292 4456 317 4503 et
335 4469 368 4505 ex
387 4454 575 4521 depravatiore
595 4454 687 4507 codice
715 4470 799 4521 quam
828 4458 924 4505 ceterae
948 4451 974 4504 in
1001 4450 1182 4503 Parisiensem
1208 4454 1293 4502 trans-

202 4537 275 4596 scopa
289 4555 352 4594 mse.
916 4555 919 4561 ·

1046 4626 1081 4680 20
