2956 5190
133 1836 172 1875 171

755 288 821 355 536

188 490 263 571 lpsa
286 488 456 570 anaphora
478 486 679 568 pronominis
702 505 816 550 veram
839 485 1088 551 distinctionem
1112 484 1261 559 ostendit
1283 506 1346 569 qun

189 595 376 660 obscuravit
398 594 530 659 omissio
553 593 645 657 verbi
668 593 866 658 substantivi
889 596 923 657 et
945 611 1067 657 versus
1090 592 1179 656 inter
1210 592 1284 657 duas
1304 614 1351 659 sai

188 704 308 766 tentius
332 700 464 765 divisus.
510 700 583 765 Hoc
606 701 737 782 quidem
762 720 829 765 non
851 700 914 764 hoc
936 719 1003 764 uno
1036 698 1113 763 loco
1141 702 1249 780 poetae
1272 704 1355 765 nouit

188 809 273 889 Nam
296 809 330 872 in
353 809 454 872 satira
477 807 632 884 secunda,
662 826 728 888 quo
751 807 822 872 loco
845 806 1008 870 luvenalis
1032 805 1127 883 dicit,
1158 808 1299 870 veterum
1314 806 1358 871 illo

188 935 261 980 rum
285 915 511 979 Romanorum
536 913 670 978 umbras
694 913 785 996 apud
808 913 928 977 inferos
950 912 1133 995 indignari,
1157 913 1284 994 quoties
1301 913 1362 978 iod

187 1025 221 1086 et
237 1021 410 1086 ‘maculosa
432 1020 507 1084 talis
530 1021 680 1095 hominis,
716 1020 829 1102 quales
857 1039 945 1084 nunc
975 1019 1075 1083 multi
1099 1020 1179 1093 sint,
1215 1018 1365 1085 umbrati

188 1148 243 1194 eas
266 1129 386 1204 veniat,
423 1134 455 1190 et
485 1127 604 1191 deinde
627 1128 783 1209 adiungit,
818 1125 900 1190 fines
924 1125 1060 1209 quidem
1086 1125 1221 1208 imperii
1243 1127 1367 1208 prolata

187 1234 246 1298 sed
268 1234 370 1298 victos
394 1237 505 1297 tamen
529 1236 561 1297 et
589 1233 749 1298 barbaros
779 1233 923 1297 moribus
956 1233 1161 1298 castioribus
1194 1251 1268 1297 esse
1294 1252 1368 1315 qmn

186 1340 366 1417 Romanos
402 1359 541 1420 quorum
572 1341 651 1404 urbs
680 1340 840 1405 scelerum
869 1338 1071 1404 domicilium
1097 1340 1154 1417 sit,
1189 1338 1227 1403 hi
1249 1339 1370 1421 leguntu

187 1466 300 1511 versus
324 1445 401 1530 (157
427 1444 512 1527 sqq.)
523 1469 534 1517 :⁴

647 1606 811 1688 Cuperent
833 1605 975 1684 lustrari,
999 1607 1028 1669 si
1053 1625 1124 1687 qua
1150 1605 1308 1669 darentur

369 1710 533 1794 Sulphura
557 1732 631 1777 cum
655 1713 749 1777 taedis
773 1716 806 1777 et
828 1713 856 1776 si
880 1715 964 1776 toret
986 1711 1131 1775 humida
1155 1711 1281 1777 laurus.

369 1818 457 1895 Illuc,
482 1819 556 1896 heu,
581 1819 691 1884 miseri
715 1819 926 1883 traducimur.
972 1818 1077 1883 Arma
1103 1818 1245 1900 quidem
1268 1819 1345 1884 ultra

369 1926 479 1989 Litora
503 1927 647 1990 luvernae
672 1928 894 2009 promovimus
918 1928 979 1989 cet.

186 2084 290 2148 Nemo
315 2083 408 2148 facile
432 2085 558 2161 dixerit,
584 2105 648 2166 quo
672 2087 833 2168 pertineat
856 2085 1026 2150 interiecta
1049 2084 1105 2149 iila
1132 2084 1178 2150 de
1201 2088 1379 2151 necessitate

186 2190 346 2256 moriendi
382 2194 414 2255 et
449 2192 491 2255 ad
526 2192 647 2257 inferos
683 2193 833 2257 veniendi
868 2190 1011 2274 querela.
1064 2191 1186 2273 ltaque
1218 2193 1379 2275 Rupertios

187 2298 285 2361 aliam
316 2298 509 2378 excogitant
537 2299 850 2380 interpretationem,
886 2302 921 2362 ut
949 2299 1025 2361 iiiuc
1053 2298 1267 2363 traducimur
1294 2303 1380 2364 esset:

187 2424 220 2467 eo
243 2403 453 2487 turpitudinis
476 2407 617 2469 vverrimus
635 2402 741 2487 (quasi
759 2405 821 2469 boc
838 2406 879 2469 sit
895 2404 1023 2468 traduci
1040 2404 1179 2490 utiquo),
1203 2406 1268 2472 hoc
1284 2410 1379 2471 autem

187 2532 220 2574 aa
245 2511 286 2574 ad
311 2530 360 2587 ea,
385 2530 458 2591 quae
483 2516 673 2592 sequuntur,
697 2511 868 2589 referatur,
892 2510 982 2575 nulla
998 2512 1160 2576 orationis
1179 2508 1380 2592 structura¹l

187 2616 318 2693 Quanto
342 2617 549 2697 praestitisset
575 2618 738 2682 Valesium
763 2618 865 2699 sequi,
891 2637 910 2681 a
934 2617 1101 2682 codicibus
1120 2619 1311 2699 praesertim
1332 2618 1379 2683 ad·

187 2723 301 2799 lutum,
327 2724 381 2804 qui
405 2724 451 2787 sic
476 2725 576 2788 verba
601 2724 746 2788 distinxit
770 2729 803 2787 et
825 2726 968 2805 scripsit:

813 2888 846 2948 et
869 2884 896 2948 si
920 2884 1002 2948 soret
1025 2884 1165 2948 humida
1191 2886 1304 2950 laurus

369 2988 445 3052 lllic.
469 2990 561 3054 Heu!
586 2991 695 3054 miseri
719 2991 930 3054 traducimur.
976 2991 1079 3075 Arma
1105 2995 1167 3055 cet.

186 3119 221 3175 ut
245 3113 445 3178 traducimur·
468 3113 525 3177 sit:
551 3114 691 3178 ludibrio
715 3135 838 3179 sumus

275 3219 412 3283 Gravius
435 3221 646 3301 perturbatus
670 3228 719 3284 est
742 3242 801 3285 noc
830 3222 899 3285 sola
929 3223 1015 3286 mala
1044 3223 1227 3287 verborum
1259 3223 1380 3288 distinc-

185 3326 282 3401 tione,
319 3328 377 3390 sed
402 3330 512 3390 tamen
541 3328 604 3391 hac
628 3348 757 3409 quoquc
782 3328 968 3409 etquidem
992 3329 1113 3410 saepius
1138 3330 1243 3407 locus,
1279 3331 1381 3411 quiin

185 3432 286 3496 satira
310 3432 504 3497 duodecima
528 3434 643 3515 legitur
666 3435 741 3498 inde
765 3456 785 3498 a
809 3454 904 3499 versu
931 3436 981 3512 li,
1012 3435 1067 3498 ubi
1096 3439 1198 3517 poeta
1225 3436 1381 3505 describit,

185 3558 258 3621 quae
282 3540 425 3622 pericula
450 3541 595 3605 Catullus
620 3541 744 3605 amicus
768 3541 801 3604 in
825 3542 905 3605 mari
930 3543 1149 3622 superaverit:

367 3701 451 3764 Nam
475 3703 594 3781 praeter
617 3701 723 3782 pelagi
748 3721 841 3765 casus
866 3705 898 3764 ct
922 3700 1055 3782 fulguris
1079 3701 1180 3765 ictum

368 3807 464 3871 Evasi
490 3807 600 3871 densae
625 3807 740 3870 caelurn
765 3807 968 3872 abscondere
991 3808 1138 3871 tenebrae

367 3913 461 3976 Nube
486 3934 550 3977 una
574 3914 768 3996 subitusque
792 3919 952 3978 antennas
976 3914 1104 3996 impulit
1127 3913 1223 3996 ignis,

368 4018 475 4096 Quum
500 4022 696 4102 aequisque
721 4020 775 4084 illo
798 4040 990 4102 percussum
1015 4021 1164 4085 crederet
1188 4026 1220 4085 et
1247 4043 1325 4088 rnox

366 4127 532 4192 Attonitus
555 4127 680 4190 nullum
705 4126 843 4191 conferri
867 4148 964 4209 posse
987 4132 1118 4210 putaret

212 4367 233 4434 ¹)
253 4368 438 4437 [Heinricbius
472 4378 594 4426 enarrat:
629 4377 653 4426 A
684 4377 807 4441 pristina
839 4377 937 4428 virtute
971 4378 1008 4428 ud
1040 4377 1110 4427 hanc
1143 4378 1294 4443 infamiam
1325 4377 1383 4429 duri

254 4477 303 4512 aas
326 4465 459 4527 patimur.
500 4462 555 4516 Nec
582 4464 646 4516 iiiuc
674 4469 715 4517 est
742 4465 795 4516 huc
822 4480 912 4532 neque
940 4466 1112 4517 traducimur
1139 4464 1178 4517 sic
1207 4465 1262 4518 dici
1290 4464 1382 4535 potuit.

254 4545 344 4614 1842]
