2948 5206
703 314 766 379 159

131 512 165 574 in
189 512 253 576 hac
280 512 428 576 oratione
455 512 617 595 superiore
650 517 736 575 nocto
769 510 902 575 habitus
937 511 1064 589 dicitur,
1102 511 1258 593 sequitur,
1294 515 1331 577 ut

137 620 279 699 proxima
306 622 383 683 ante
412 618 555 700 priorem
583 617 765 682 orationem
798 617 931 682 habitus
966 618 1017 681 sit.
1070 617 1154 682 Nam
1188 621 1226 682 ut
1259 619 1332 684 haec

142 727 275 809 reperior
307 744 373 790 nox
407 726 450 789 sit
477 744 527 804 ea,
562 744 637 807 qum
666 724 841 807 inprimae
870 724 1025 790 orationis
1056 725 1148 789 initio
1164 727 1328 809 prosimu,

145 833 289 914 pmterior
315 834 477 897 nocturno
504 831 558 896 illo
586 834 749 896 conventu
778 829 879 913 (quod
909 831 1073 912 Ferratius
1101 827 1224 913 putat),
1260 832 1330 897 fieri

150 941 254 1021 nequit,
276 939 431 1021 quoniam
454 938 544 1003 nulla
565 939 628 1003 nisi
651 938 736 1004 illius
758 927 908 1004 nocturni
932 941 1111 1003 conventus
1134 939 1268 1004 consilia
1287 940 1330 1004 ad

153 1045 317 1111 (iseronem
341 1044 454 1110 delata
476 1049 510 1109 et
533 1045 622 1133 apud
654 1049 805 1110 senatum
834 1046 867 1109 in
895 1044 967 1109 aede
995 1044 1079 1110 Iovis
1108 1045 1246 1111 Statoris
1275 1066 1330 1111 ex·

157 1153 241 1234 posita
259 1157 342 1217 sunt.
390 1152 459 1216 Nec
480 1151 548 1217 ullo
570 1152 669 1218 modo
691 1151 861 1234 probabile
890 1155 949 1230 est,
979 1151 1179 1231 Ciceronem,
1213 1153 1329 1218 habito

103 1286 105 1291 ’
160 1259 200 1324 illo
217 1265 364 1325 metm-no
388 1266 552 1325 conventu
575 1259 780 1340 consiliisque
808 1258 851 1323 ad
879 1278 914 1323 se
943 1261 1055 1324 statim
1077 1258 1193 1323 delatis
1217 1259 1329 1324 lactis-

163 1367 277 1447 quesibi
299 1365 417 1431 eadem
440 1370 536 1431 nocte
559 1366 692 1444 insidiis,
717 1365 803 1430 diem
819 1366 1031 1430 intermisisse
1050 1385 1089 1431 ao
1106 1373 1175 1431 tum
1193 1366 1328 1431 demum

164 1477 279 1536 suatum
312 1492 522 1538 convocasse.
580 1472 633 1537 Sic
667 1473 763 1555 igitur
796 1476 989 1551 statuemus,
1024 1474 1111 1555 ipso,
1147 1474 1203 1555 qui
1236 1473 1326 1538 illam

165 1583 260 1642 melem
282 1583 313 1644 et
336 1584 536 1645 conventum
559 1584 689 1644 secutus
712 1582 771 1657 est,
796 1578 858 1657 die,
882 1580 916 1644 id
939 1584 989 1644 est
1007 1580 1062 1643 VII
1086 1579 1132 1644 ld.
1150 1580 1326 1645 Novembr.

167 1682 189 1763 (l
205 1685 332 1767 Norba),
362 1691 515 1752 senatum
543 1688 693 1752 habiturn
722 1705 804 1764 esse,
833 1686 892 1750 sed
921 1706 1022 1768 quum
1050 1686 1166 1751 eodem
1189 1686 1323 1752 demum
1340 1709 1381 1752 roe

167 1789 343 1858 devocatus
373 1783 469 1872 esset,
505 1794 558 1858 die
591 1793 766 1858 inclinante
800 1794 834 1857 in
867 1796 997 1858 noctem
1033 1794 1222 1858 convenisse
1251 1813 1326 1858 ora·

168 1897 312 1982 lienemque
331 1902 472 1982 primam
491 1901 554 1965 hoo
576 1900 639 1979 die,
663 1899 722 1964 sed
744 1901 871 1981 vesperi
896 1899 1028 1964 demum
1045 1899 1097 1964 vel
1115 1919 1209 1982 paene
1225 1903 1325 1965 noctu

168 2001 285 2070 habitam.
337 2006 391 2071 Sic
415 2007 619 2090 intelligetur,
655 2026 712 2071 cur
739 2024 805 2071 non
832 2005 916 2070 banc
943 2006 1031 2070 dicat
1059 2010 1188 2071 noctem
1223 2006 1324 2090 (esset

168 2113 235 2189 nm
262 2134 325 2196 qua
360 2116 432 2196 ipse
459 2112 604 2195 diceret),
640 2113 699 2177 sed
726 2113 816 2175 illam
845 2116 878 2176 et
905 2113 1109 2195 superiorem,
1144 2116 1177 2177 et
1210 2117 1323 2186 tamen

168 2218 385 2287 initio'eandem
409 2222 593 2304 proximam
621 2219 772 2302 appellet,
807 2223 844 2283 ut
872 2220 1021 2302 superior
1048 2221 1099 2297 sit,
1135 2239 1209 2302 quae
1237 2219 1323 2285 ultra

168 2342 215 2390 an
238 2330 289 2405 sit;
322 2330 504 2411 eademque
539 2347 641 2393 causa
673 2326 774 2391 fuisse
807 2327 986 2408 putabitur,
1023 2347 1080 2391 cur
1106 2346 1172 2392 non
1200 2329 1323 2404 statim,

168 2433 234 2499 mmo
251 2441 375 2513 senatu,
411 2437 444 2500 in
472 2436 656 2501 contionem
685 2433 840 2517 prodierit
867 2431 918 2514 (ut
946 2433 1031 2511 lecit,
1068 2453 1168 2515 quum
1191 2436 1322 2499 tertiam

168 2536 246 2606 habnt
270 2541 474 2624 orationem),
510 2542 568 2606 sed
595 2542 777 2624 insequenti
806 2540 939 2643 demum
969 2539 1031 2604 die.
1083 2540 1165 2604 lllud
1194 2561 1324 2624 quoque

168 2642 211 2710 lui
228 2651 331 2730 potuit,
362 2656 409 2727 ut,
438 2669 539 2732 quum
563 2648 675 2713 Cicero
703 2651 818 2729 postea
841 2648 926 2712 hanc
949 2648 1130 2712 orationem
1154 2650 1321 2724 scriberet,

168 2754 239 2819 uims
258 2757 426 2839 diligenter
448 2757 550 2820 verba
573 2756 627 2819 illa
650 2754 872 2835 distingueret.
919 2755 1014 2833 Quod
1043 2755 1129 2819 idem
1153 2756 1321 2820 transferri

167 2858 192 2920 ad
208 2861 263 2927 illos
285 2863 437 2928 secundae
461 2855 616 2927 orationis
640 2862 727 2926 locos
750 2882 815 2926 non
839 2865 962 2943 potest,
997 2881 1103 2945 neque
1127 2863 1213 2925 enim
1237 2863 1320 2926 obli·

167 2965 216 3030 rim
234 2974 363 3050 poterat,
389 2970 548 3034 eodemne
571 2970 623 3033 die
647 2988 744 3032 mane
767 2968 900 3032 insidias
919 2971 1054 3033 vitasset
1078 2972 1110 3033 et
1133 2957 1209 3032 dein
1225 2988 1322 3032 sena·

166 3072 211 3135 tun
229 3080 375 3154 vocasset,
400 3096 443 3140 an
467 3076 595 3140 duobus
618 3076 689 3139 hoec
713 3074 799 3138 iacta
823 3080 941 3139 essent.
978 3075 1118 3140 Senatus
1137 3074 1321 3140 consultum

165 3183 240 3244 uetere
260 3203 347 3247 more
370 3187 446 3265 post
468 3182 544 3247 solis
573 3184 726 3246 occasum
749 3182 818 3245 fieri
842 3202 907 3246 non
931 3187 1070 3264 poterat.
1117 3182 1189 3261 Quo
1213 3185 1322 3247 minus

164 3279 301 3352 haberetur
323 3294 467 3368 senatus,
491 3289 571 3353 nihil
594 3289 720 3353 oberat.
731 3284 755 3368 ¹)

224 3393 263 3457 De
283 3395 465 3462 Milonianae
489 3390 677 3477 orationis²)
701 3395 779 3459 locis
802 3398 922 3478 partim
951 3398 1017 3460 iam
1046 3399 1089 3460 ab
1119 3397 1189 3461 aliis
1219 3417 1320 3479 expo·

163 3496 232 3562 situm
251 3506 305 3579 est,
327 3505 447 3585 partim
472 3505 579 3568 minus
603 3523 685 3585 opus
708 3503 836 3567 videtur
859 3503 931 3582 dici,
956 3505 1016 3567 elsi
1033 3505 1067 3567 in
1084 3504 1194 3568 miritis
1212 3505 1321 3568 miuus

162 3605 251 3679 ttu'tos
271 3627 332 3673 non
356 3610 641 3674 animadversuros
665 3613 755 3692 puto,
780 3612 915 3689 cursio,
945 3614 982 3675 ut
1006 3610 1102 3688 edidi,
1132 3611 1229 3675 scribi
1252 3630 1318 3674 non

163 3707 294 3778 obsolan
316 3718 544 3781 auctoritatem
569 3716 727 3781 debuerit.
773 3717 869 3780 Velut
892 3717 945 3795 29,
970 3718 1011 3780 79
1036 3717 1209 3781 edebatur:
1240 3719 1269 3779 si
1292 3718 1321 3780 is

161 3820 281 3902 mistel,
308 3831 342 3887 ut
363 3825 563 3909 questionem
586 3823 625 3886 de
648 3830 744 3886 morto
767 3823 803 3886 P.
830 3822 934 3887 Clodii
954 3822 1053 3904 forro,
1081 3826 1126 3887 sio
1148 3825 1252 3906 ipsum
1275 3823 1315 3885 ob

164 3920 249 4000 inferis
267 3932 388 4012 esitare,
414 3936 520 3992 turrem
531 3931 639 4013 potius
653 3929 817 4011 sociorum.
839 3930 963 4011 fuisso?
983 3931 1104 3994 Verum
1123 3932 1185 3994 hoc
1203 3932 1318 4010 aptum

167 4059 385 4080 κ..-

185 4128 201 4195 ¹l
214 4132 280 4201 [Rem
295 4143 404 4196 dubiam
423 4142 518 4206 videri,
537 4148 632 4211 postea
650 4140 819 4211 significavi]

186 4216 203 4284 'i
216 4223 330 4284 Orationis
346 4249 396 4301 pro
415 4231 516 4285 Archia
534 4232 607 4285 locos
626 4232 730 4296 omitto,
759 4233 833 4300 quod
857 4233 890 4286 de
915 4248 1011 4306 eorum
1036 4236 1109 4285 certe
1133 4230 1271 4298 plerisque
1289 4230 1318 4284 in

218 4329 242 4366 ¹0
256 4320 385 4375 mndata
403 4326 477 4375 recte
495 4321 650 4390 expositum
669 4338 728 4375 esse
746 4321 843 4390 opinor
861 4338 878 4374 a
894 4319 1115 4389 Stuerenburgio,
1134 4319 1211 4372 cuius
1226 4320 1313 4388 ipsam

220 4402 341 4463 eddonem
359 4411 483 4464 noudum
502 4411 565 4474 vidi,
594 4427 680 4463 unum
703 4415 730 4462 et
754 4410 870 4463 alterum
894 4410 1026 4464 iudicium
1046 4409 1117 4463 novi.
1155 4409 1181 4461 ls
1200 4409 1227 4462 in
1246 4425 1268 4462 c.
1289 4408 1314 4472 3,

221 4488 324 4551 5vera1n
341 4499 511 4568 scripturam,
539 4499 574 4552 ad
593 4515 676 4567 quam
695 4514 744 4566 ego
762 4503 871 4552 tautum
890 4514 1057 4552 accesseram
1077 4498 1197 4567 propius,
1226 4497 1316 4566 ipsam

222 4584 323 4649 repperit,
340 4603 373 4642 ex
389 4590 444 4655 suit
463 4586 584 4641 efficiens
601 4590 678 4655 tuoe.
