2948 5206
620 338 683 403 241

176 533 213 598 20.
247 532 380 598 Suessa
403 533 594 598 Aurunca
616 534 650 598 in
673 533 853 616 Campania
876 554 906 599 a.
924 536 989 600 313
1013 533 1094 616 (Liv.
1118 537 1171 614 IX,
1196 536 1250 615 28,

243 658 301 704 sec.
320 639 401 704 Veli.
420 639 440 705 3
464 640 558 704 annis
582 644 655 722 post
679 640 857 718 Luceriam,
885 640 926 705 14
948 646 1023 724 post
1045 641 1162 725 Cales),
1187 645 1250 709 La-

242 748 315 825 tina,
339 745 424 811 inter
449 746 500 811 12.

173 853 209 916 21.
243 853 350 917 Ponti
356 875 397 929 a,
425 851 539 917 insulae
562 852 751 918 Volscorum
779 853 863 919 litori
892 855 1038 933 obiectae,
1068 856 1139 921 eod.
1164 876 1250 923 anno

241 959 317 1042 (liv,
329 958 422 1041 ibd.),
439 960 565 1036 Latina,
584 960 669 1023 inter
688 960 739 1024 18.
775 957 882 1040 [Diod.
895 960 958 1025 Sic.
971 961 1055 1039 XIX,
1074 962 1135 1027 101
1154 961 1250 1046 exta]

174 1064 210 1128 22.
243 1065 420 1130 Saticula
443 1067 477 1129 in
499 1066 633 1131 Samnio
657 1066 709 1130 vel
731 1067 839 1147 potius
862 1068 895 1130 in
919 1067 1099 1150 Campania
1121 1070 1250 1135 Samm-
1350 1089 1355 1102 ·

239 1177 320 1250 tum,
361 1173 477 1237 eodem
517 1192 604 1238 anno
638 1170 737 1255 (Fest.
772 1172 834 1236 sub
867 1175 930 1238 hoc
963 1177 1094 1240 nomine
1129 1196 1161 1258 p.
1185 1176 1251 1242 340

241 1279 355 1357 1111611,
385 1281 441 1361 qui
464 1279 613 1344 consules
636 1279 788 1360 diemque
819 1281 963 1345 natalem
987 1280 1059 1345 Kal.
1083 1279 1250 1345 lanuarias

240 1390 344 1462 nota13
384 1386 493 1451 Livius
535 1385 668 1450 coloniae
709 1385 936 1451 deductionem
971 1406 1037 1451 non
1072 1388 1240 1452 annotavit

240 1496 369 1575 captum
393 1493 548 1575 oppidum
569 1512 599 1557 a.
617 1493 682 1558 315
699 1494 859 1558 narravit:
883 1493 972 1576 apud
989 1492 1147 1558 Velleium
1164 1493 1251 1558 male

239 1598 494 1682 interpungendo
517 1600 613 1664 huius
636 1619 756 1664 nomen
779 1619 800 1664 a
823 1599 952 1664 Suessoe
977 1597 1162 1681 divellitur),
1187 1601 1250 1664 La·

239 1707 313 1784 tina,
337 1706 424 1771 inter
448 1706 500 1771 18.

172 1807 207 1872 23.
241 1809 359 1893 [Quam
394 1814 456 1877 boc
490 1832 626 1878 numero
660 1831 845 1895 posueram,
881 1812 1050 1890 Casinum,
1086 1814 1250 1896 adscripto

239 1918 314 1983 Livii
339 1920 525 1984 testimonio
543 1919 609 2001 (IX,
634 1916 699 2000 28),
724 1919 848 1984 tollitur
865 1939 951 1984 nunc
969 1920 1143 1984 emendata
1166 1920 1250 1985 illius

237 2024 295 2089 loci
306 2009 478 2108 scriptura
505 2026 590 2090 Nam
602 2010 746 2090 Frontini
760 2026 982 2090 testimonium
994 2047 1026 2109 p.
1039 2026 1105 2092 232
1117 2027 1249 2091 Lachm.

238 2130 277 2194 ad
300 2131 462 2196 coloniam
485 2133 658 2196 militarem
683 2131 842 2197 inferioris
866 2134 971 2197 aetatis
995 2131 1161 2216 pertinet]

171 2231 206 2296 24.
241 2235 467 2302 Interamna
495 2236 694 2321 (Succasr'na)
729 2239 762 2302 in
791 2237 914 2304 Volscis
943 2259 972 2303 a.
997 2240 1061 2304 312
1091 2236 1171 2321 (Liv.
1195 2239 1248 2315 IX,

237 2343 287 2422 28,
311 2344 405 2410 Diod.
429 2345 492 2409 Sic.
510 2345 593 2423 XIX,
620 2343 698 2419 105;
722 2364 786 2408 sec.
811 2344 890 2409 Vell.
916 2345 1043 2410 duobus
1066 2345 1159 2410 annis
1177 2349 1251 2427 post

237 2449 400 2528 Suessam,
427 2452 466 2515 16
491 2453 565 2533 post
587 2448 705 2532 Cales),
730 2451 856 2531 Latina,
880 2452 965 2516 inter
989 2452 1040 2516 18.

170 2549 205 2616 25.
240 2555 333 2621 Sora
356 2559 389 2621 in
412 2558 535 2623 Volscis
558 2558 591 2621 in
614 2577 693 2639 agro
709 2577 729 2621 a
748 2557 951 2623 Samnitibus
968 2578 1119 2641 possesso
1136 2577 1165 2621 a.
1185 2557 1250 2621 303

237 2664 352 2727 iterum
397 2666 573 2729 constituta
615 2662 729 2746 (supra
771 2685 802 2746 p.
839 2664 902 2729 268
945 2670 1027 2739 not.;
1070 2683 1133 2727 sec.
1169 2664 1248 2728 Vell.

238 2769 349 2834 decem
367 2771 461 2836 annis
480 2774 555 2853 post
570 2770 804 2847 Interamnam,
830 2771 871 2834 26
890 2774 964 2852 post
981 2769 1099 2853 Cales),
1123 2771 1250 2843 Latina,

239 2876 320 2940 inter
345 2877 396 2940 12.
924 2912 928 2918 ·

170 2974 204 3040 li.
240 2982 336 3045 Alba
359 2985 392 3047 in
414 2983 526 3065 AEquis
550 2984 665 3048 eodem
690 3003 785 3060 anno,
810 3004 875 3065 quo
898 2984 980 3048 Sora
1003 2984 1084 3066 (Liv.
1107 2985 1147 3061 X,
1177 2987 1192 3048 1
1219 2988 1306 3049 61118

239 3087 339 3169 Veli),
365 3089 490 3167 Latina,
516 3090 600 3154 inter
626 3092 676 3154 12.
724 3088 879 3171 [Appiam
904 3090 1079 3155 Hannibal.
1103 3089 1173 3173 39.)

170 3185 207 3252 11.
244 3194 419 3258 Carseoli
442 3196 474 3259 in
498 3197 671 3279 AEquicolis
695 3197 728 3260 in
752 3196 875 3285 Marsos
900 3216 1012 3261 versus
1036 3216 1065 3261 a.
1084 3198 1147 3261 298
1169 3195 1250 3277 (Liv.

239 3300 274 3377 X,
305 3302 361 3376 133
396 3322 474 3366 nam
506 3324 535 3367 a.
560 3305 625 3369 302
653 3304 751 3368 Marsi
780 3288 1024 3384 prohibuerant,
1054 3304 1121 3367 Liv.
1146 3303 1185 3380 X,
1214 3304 1251 3380 3;

240 3409 368 3471 secund.
404 3409 483 3473 Vell.
519 3411 647 3475 duobus
685 3410 778 3474 annis
821 3415 895 3491 post
935 3407 1083 3491 Albam),
1124 3411 1248 3487 Latina,

241 3513 398 3578 11116112.
530 3516 532 3519 ’

171 3610 208 3677 28.
244 3619 395 3684 Narnia
418 3622 451 3685 in
474 3622 611 3686 Umbria
635 3643 664 3686 a.
685 3620 904 3705 299111111,
932 3620 995 3704 10),
1021 3624 1145 3698 Latina,
1170 3624 1253 3687 inter

243 3727 289 3790 12.
336 3725 510 3809 [Suppleta
539 3732 612 3809 post
643 3728 763 3793 bellum
788 3730 946 3793 Punicum
976 3732 1058 3793 teste
1087 3729 1251 3794 Plutarch.

242 3831 374 3897 Flamin.
400 3832 445 3915 1.]

116 3922 155 3988 29-
174 3931 213 3997 30.
249 3938 454 4004 Minturnae
478 3944 509 4004 61
533 3940 732 4019 Sinuessa,
757 3943 789 4006 in
807 3942 987 4025 Campania
1005 3963 1034 4006 a.
1054 3942 1127 4019 290,
1152 3942 1251 4006 mari-

242 4045 324 4111 timae
360 4048 479 4111 civium
514 4047 627 4129 (supra
662 4069 694 4129 p.
727 4049 806 4125 2653
848 4070 911 4114 sec.
944 4050 1023 4113 Vell.
1055 4069 1085 4112 a.
1117 4048 1181 4112 295
1213 4047 1251 4125 Q.

242 4150 337 4217 Fabio
361 4153 397 4230 V,
428 4153 527 4218 Decio
550 4154 641 4217 Mure
666 4155 706 4216 IV
735 4151 878 4237 coss.).¹)
925 4154 987 4237 [De
1010 4155 1163 4218 Sinuessa
1187 4156 1251 4219 vid.

243 4260 334 4323 ctiam
359 4260 427 4324 Liv.
452 4261 550 4336 XXII,
576 4260 643 4342 14.)

115 4399 320 4427 *X—

131 4485 148 4555 ¹)
160 4493 292 4560 Huiusmodi
310 4507 392 4561 unius
410 4509 563 4561 duorumve
581 4525 717 4562 annorum
738 4508 925 4576 discrepantia
945 4513 1011 4561 ortae
1024 4524 1057 4560 ex
1070 4525 1102 4562 eo
1115 4525 1173 4562 esse
1192 4524 1252 4577 pos·

160 4592 304 4661 ς1111111111
327 4597 397 4649 alter
420 4597 535 4665 scriptor
558 4613 672 4660 annum,
703 4613 757 4664 quo
775 4598 819 4650 lex
838 4598 900 4657 1616,
929 4597 997 4650 61161
1016 4613 1088 4661 eum,
1117 4613 1171 4665 quo
1190 4613 1254 4651 vere

1005 4683 1039 4737 16
