2956 5190
628 243 693 309 595

50 444 103 502 h·
124 440 275 507 Graecum
298 459 415 522 neque,
437 459 512 522 quoe
536 439 566 503 ei
588 439 774 523 respondet,
798 438 975 505 Hebraeam
991 438 1186 520 particulam
1202 458 1258 504 ex-

54 547 240 614 cluderent.
275 546 508 628 Exemplorum
531 547 659 629 copiam
684 547 812 629 collegit
834 545 1087 611 Buenemsrraus
1110 545 1154 609 ad
1176 546 1258 610 Lac-

52 656 156 720 tantii
178 654 282 719 lnstit.
305 653 435 730 lura,
462 637 512 731 18,
537 653 574 731 V,
600 653 651 731 17,
675 653 729 729 30,
753 652 804 730 Vl,
834 653 887 731 22,
912 653 943 717 3.
985 651 1060 716 Orti
1084 654 1195 716 autem
1218 670 1259 715 ex

54 759 189 826 diverso
211 759 306 824 rivuli
326 759 608 842 quemadmodum
625 759 669 824 ad
684 763 877 838 extremum,
901 759 1057 825 barbaria
1071 761 1257 840 superante,

55 868 154 933 mixti
168 866 243 945 sint,
268 867 311 932 ad
327 867 412 931 hanc
432 869 579 931 nostram
596 867 809 948 quaestionem
825 865 906 932 nihil
928 866 1046 930 attinet
1061 859 1259 947 persequi.·¹)

288 1118 347 1192 Vl.
403 1117 455 1191 De
482 1118 612 1191 formis
638 1117 847 1211 imperativi
874 1117 1023 1210 passivi.

149 1292 202 1357 Ad
224 1295 418 1370 erasmum,
454 1295 491 1357 ut
517 1293 606 1375 ipsas
634 1292 757 1357 tonnas
786 1268 961 1359 rerborum
990 1292 1160 1374 attingam,
1194 1309 1261 1356 non

58 1418 172 1466 meum
196 1399 364 1463 inventurn
387 1418 580 1481 proponam,
608 1399 668 1464 sed
695 1399 837 1464 alienum
862 1398 1064 1463 corrfinnabo
1084 1401 1121 1462 et
1142 1396 1260 1478 ampli-

57 1506 178 1572 ficabo.
223 1505 403 1570 Duodecim
435 1507 522 1571 enim
551 1506 627 1570 anni
656 1509 742 1583 sunt,
777 1525 879 1588 quum
908 1504 1099 1587 uwupim,
1135 1503 1260 1569 amicus

57 1632 165 1689 meus,
189 1612 330 1677 formam
353 1631 438 1691 eam,
463 1632 538 1695 quae
560 1614 595 1678 in
609 1613 761 1678 omnibus
777 1613 999 1695 grammaticis
1013 1611 1168 1677 secundae
1184 1630 1259 1693 per-

57 1739 150 1785 souae
177 1719 293 1802 plurali
327 1719 427 1784 futuri
460 1718 645 1802 imperativi
677 1719 799 1802 passivi
826 1718 1024 1783 adscribitur
1054 1715 1259 1801 (amaminor,
1273 1733 1318 1775 aar·

56 1825 267 1908 amaminor,
291 1824 489 1906 verminari,
513 1826 645 1908 negavit
661 1825 760 1891 ullam
778 1823 902 1889 habere
919 1825 1159 1890 auctoritatem.
1193 1823 1261 1888 Nec

57 1936 172 1998 tamen
202 1936 317 2015 postea
347 1934 521 2015 quisquam
552 1935 610 1997 aut
640 1951 713 1997 earn
743 1932 882 1996 formam
911 1930 1044 1996 sustulit
1066 1934 1126 1996 aut
1145 1949 1260 1995 exem·

58 2039 151 2122 plum
179 2040 299 2103 veteris
328 2039 495 2122 scriptoris
524 2039 665 2117 addidit3
699 2058 777 2102 nam
809 2039 874 2104 duo
903 2038 957 2102 illa
987 2038 1149 2114 Plautina,
1186 2055 1260 2118 quae

57 2145 312 2211 Ruddimannus
346 2149 380 2211 et
414 2146 613 2227 antiquiores
647 2145 781 2223 habent,
816 2164 946 2210 summo
978 2145 1047 2209 iure
1080 2143 1260 2225 Krarupius

57 2253 181 2330 reiecit,
212 2252 352 2317 alterum
379 2273 421 2316 er
448 2253 581 2335 Epidico
604 2253 642 2329 V,
674 2255 704 2331 2,
737 2253 789 2331 30,
822 2252 877 2317 ubi
906 2252 1041 2335 pluralis
1068 2249 1148 2316 ferri
1170 2249 1260 2314 nullo

58 2359 160 2425 modo
187 2362 311 2442 potest,
347 2358 473 2424 codices
502 2362 613 2423 autem
642 2359 767 2424 habent
792 2358 1013 2437 arbitrariam,
1049 2376 1090 2422 ex
1123 2375 1189 2439 quo
1223 2355 1261 2419 tit

59 2465 281 2543 arbitramino,
306 2466 445 2530 alterum
470 2484 510 2529 ex
532 2465 694 2530 Pseudolo
710 2466 762 2544 Ill,
787 2466 817 2543 2,
843 2466 895 2543 70,
919 2465 975 2530 ubi
998 2465 1070 2530 haec
1093 2464 1260 2546 leguntur:

60 2571 99 2637 δι’
120 2592 180 2657 qao
200 2571 254 2636 irie
276 2570 435 2656 mortalit,
458 2591 493 2634 ao
516 2578 550 2635 ta
572 2579 706 2655 spectato
728 2573 843 2654 aimuh
874 2573 985 2658 eiquo
1008 2571 1059 2636 laic
1080 2568 1260 2655 gradiatur,

53 2680 184 2762 par-iter
200 2677 469 2764 progredimiaor.
515 2678 556 2742 Et
577 2679 703 2744 habent
725 2680 862 2756 codices,
894 2698 992 2761 quem
1007 2660 1185 2743 'sententia
1207 2695 1260 2741 re·

60 2786 169 2868 quirit,
192 2785 389 2867 singularem
401 2783 650 2868 progredimiao.
685 2786 794 2868 Atque
808 2786 856 2850 sic
871 2786 931 2851 hos
955 2785 1042 2851 locos
1066 2783 1258 2849 scribendos
1381 2817 1384 2824 ·

60 2912 143 2969 esse,
180 2892 259 2957 vidit
287 2891 387 2955 etiam
416 2890 655 2956 Ramshornius
678 2912 711 2975 p.
738 2893 810 2970 143,
847 2892 905 2957 sed
936 2891 1014 2975 quid
1041 2889 1118 2955 inde
1142 2908 1260 2972 seque·

59 3004 160 3076 retur,
195 3018 261 3063 non
291 2997 382 3062 vidit.
435 2997 518 3062 lllud
548 2998 644 3075 addo,
679 3000 785 3081 ipsam
816 2999 956 3064 formam
981 2998 1108 3064 ratione
1131 3016 1260 3072 carere;

60 3124 168 3187 neque
198 3106 285 3170 enim
317 3123 456 3185 usquam
486 3104 520 3168 in
550 3105 665 3170 Latino
697 3124 846 3170 sermone
877 3104 985 3169 littera
1016 3127 1035 3168 r
1064 3104 1259 3187 pluralitatis

60 3210 159 3275 index
182 3215 242 3276 est.
277 3211 341 3290 Qui
364 3213 593 3295 etymologiam
616 3211 708 3294 sequi
723 3212 820 3290 volet,
843 3211 889 3276 sic
904 3212 1134 3294 imperativum
1153 3210 1260 3293 passi-

63 3337 142 3382 vum
165 3318 344 3383 ordinabit:

509 3462 513 3470 ·
533 3424 656 3506 Singul.
1036 3424 1158 3489 Plural.

392 3569 478 3631 pera.
502 3550 538 3613 2:
562 3548 690 3612 hortare

391 3675 476 3738 pers.
501 3656 578 3719 aa
601 3656 637 3719 3:
661 3655 803 3718 hortator
893 3673 978 3735 pere.
1002 3655 1038 3719 3:
1062 3655 1227 3719 liortantor

107 3761 178 3827 Sec.
195 3761 300 3827 forma
325 3797 368 3807 -
390 3782 476 3844 pers.
500 3762 521 3825 2
544 3765 577 3826 et
600 3762 635 3826 3:
659 3756 871 3841 lonamiaffl)
896 3781 981 3843 pers.
1006 3762 1042 3826 2:
1066 3761 1249 3829 hortarniai.

110 3602 203 3667 Prior
227 3603 332 3667 forma

90 4059 112 4130 ¹)
130 4061 174 4130 [ln
192 4065 244 4117 hac
263 4063 359 4132 quinta
377 4061 563 4115 admonitione
581 4061 659 4129 plura
679 4078 753 4115 nunc
771 4061 862 4115 addidi
882 4062 1071 4131 supplevique,
1091 4079 1153 4131 quae
1172 4063 1262 4116 notari

134 4157 161 4205 et
179 4169 196 4206 a
214 4152 309 4221 primae
337 4151 464 4205 editionis
482 4150 572 4203 forma
589 4150 709 4218 separari
733 4151 876 4205 commode
900 4168 956 4204 non
975 4156 1132 4220 potuerunt.
1170 4148 1260 4218 1842]

91 4237 114 4306 ¹)
133 4241 197 4295 Haec
216 4242 305 4294 forma
322 4245 421 4309 prater
440 4256 487 4293 eos
506 4238 587 4301 locos,
607 4255 676 4306 quos
689 4237 814 4292 Struvius
833 4244 861 4293 et
879 4239 924 4293 alii
938 4240 1031 4304 citant,
1051 4244 1150 4308 quater
1163 4239 1262 4307 legitur

134 4330 162 4383 in
181 4331 275 4383 tabula
299 4327 474 4382 Heracleensi
497 4326 644 4392 (Haubold.
663 4326 783 4381 Manum.
802 4328 853 4397 leg.
873 4329 923 4382 iur.
943 4328 1022 4382 Rom.
1042 4347 1069 4397 p.
1090 4327 1141 4380 100
1160 4325 1262 4394 [Bruns

134 4418 211 4471 Font.
231 4419 284 4472 lur.
304 4417 383 4471 Rom.
403 4435 429 4485 p.
443 4415 478 4468 95
496 4420 523 4469 et
540 4413 605 4482 96]).
635 4413 737 4481 [Semel
753 4419 887 4483 fruimino
907 4417 934 4471 in
954 4417 1062 4471 decreto
1081 4416 1263 4470 Minuciorum

134 4507 206 4575 apud
226 4506 308 4560 Orell.
328 4522 355 4559 n.
375 4501 466 4570 alan]

999 4593 1049 4647 38*
