2956 5190
751 297 817 363 486

184 513 283 576 quem
305 494 424 575 poterit
447 512 588 568 movere,
624 511 725 574 quum
753 493 865 558 videat
886 492 942 557 illa
964 493 1123 575 curu-reia,
1162 496 1289 559 menia
1306 502 1357 563 rer

185 621 258 684 quae
281 601 427 683 perfecta
449 618 618 680 nunquam
646 596 763 682 fiunti)
800 634 841 643 -
876 598 933 663 sed
962 603 1082 664 tamen
1110 619 1158 664 ne
1188 601 1261 682 quis
1285 601 1363 667 adni-

184 711 273 773 retur
296 708 424 785 saltem,
459 704 638 771 tenendum
666 708 725 782 est,
761 724 864 788 genus
891 706 954 770 hoc
977 705 1144 789 loquendi
1168 708 1243 771 tum
1264 707 1367 773 demun

185 816 293 879 ortum
317 834 398 891 esse,
434 831 536 895 quum
563 811 695 894 fecerim
723 811 789 877 iam
814 811 913 876 etiam
936 831 997 894 pro
1019 811 1181 895 perfecto
1204 813 1370 881 coniunctiri

55 950 59 959 ·
184 921 274 985 haud
297 920 396 985 dubie
419 922 516 998 esset,
552 919 604 982 cui
635 937 737 1000 quum
767 938 808 983 ex
839 918 902 982 hac
933 921 1028 1001 parte
1059 919 1283 1001 responderet
1303 921 1373 987 verli

185 1046 284 1091 causa
306 1027 443 1090 miratur
465 1027 536 1104 mm,
571 1045 645 1090 eam
676 1024 861 1107 analogiam
893 1024 1086 1091 traductam
1112 1044 1192 1091 esse
1216 1028 1373 1106 etiamut

183 1133 230 1209 fit,
266 1131 308 1197 ad
339 1151 415 1196 eum
445 1152 542 1198 usum
573 1132 687 1196 formae
716 1131 857 1212 sermm,
893 1130 944 1194 cui
974 1150 1036 1196 nec
1065 1131 1127 1197 illa
1154 1152 1223 1199 nec
1245 1134 1309 1199 ulla
1327 1134 1374 1200 alia

185 1238 306 1320 passivi
336 1239 442 1304 forma
476 1238 690 1321 responderet
723 1236 814 1319 (nam
846 1237 946 1302 etiam
976 1237 1087 1318 fueris
1120 1259 1276 1305 mercare
1301 1240 1375 1305 nimir

185 1364 373 1427 expressam
396 1346 544 1410 habebat
566 1344 723 1428 praeteriti
745 1341 1039 1426 significationem),
1063 1344 1172 1428 idque
1196 1365 1240 1411 eo
1263 1345 1376 1425 ieelim.

185 1451 274 1532 quod
296 1454 330 1515 et
351 1472 411 1533 pro
435 1451 544 1516 futuro
569 1454 683 1516 exacto
707 1448 902 1516 coniunctivi
929 1452 1052 1533 passivi
1084 1451 1144 1516 illo
1173 1452 1322 1535 perlecto
1344 1455 1377 1518 uti

132 1575 171 1615 roc
185 1560 386 1638 cogerentur,
415 1561 453 1622 ut
480 1577 581 1640 supra
609 1557 732 1622 dictum
756 1559 815 1633 est,
845 1560 998 1622 nectam
1022 1562 1113 1623 esset
1140 1562 1237 1623 certa
1260 1563 1292 1624 et
1312 1580 1378 1643 pre
1420 1586 1422 1641 ;

185 1662 253 1727 cisa
275 1664 432 1744 praeteriti
456 1664 648 1747 significatio
671 1666 705 1728 in
728 1666 865 1728 miratus
893 1684 961 1727 cum
991 1683 1095 1745 quam
1128 1666 1164 1729 in
1191 1665 1271 1748 feci.
1314 1665 1377 1730 lllud

186 1770 272 1834 enim
297 1757 512 1853 compositum
536 1773 587 1835 est
610 1790 649 1834 ex
672 1770 853 1853 participio,
890 1770 977 1852 quod
1005 1770 1100 1837 initio
1131 1772 1224 1837 inter
1254 1792 1378 1855 praeseus

187 1880 220 1941 et
242 1878 444 1960 preteritum
467 1877 612 1941 medium
642 1877 752 1954 fuisse,
788 1877 888 1958 liquet
923 1895 963 1939 ex
996 1884 1153 1959 operatua
1188 1883 1224 1944 et
1250 1879 1380 1960 senatur.

186 2003 260 2066 quae
283 1985 495 2066 praesentium
519 1983 627 2048 loc'um
651 1984 810 2049 obtinent.
845 1981 941 2061 Quod
964 1986 1077 2047 autem
1101 1983 1186 2061 dixi,
1210 1987 1277 2051 hoc
1294 2004 1379 2068 genus

185 2094 301 2172 postea
324 2094 442 2168 ortum,
474 2090 571 2154 velim
595 2089 730 2166 attendi,
759 2108 863 2153 unum
886 2107 959 2153 esse
983 2089 1074 2171 apud
1096 2089 1262 2155 Plautum
1286 2110 1380 2155 exem·

185 2198 286 2279 plum,
310 2196 375 2262 Mil.
401 2196 450 2261 Gl.
474 2197 511 2275 ll,
536 2198 566 2273 2,
596 2198 649 2274 62,
677 2196 776 2278 idque
799 2195 835 2259 in
857 2194 919 2260 hoc
943 2194 1014 2278 ipso
1037 2197 1229 2280 participio,
1258 2197 1381 2279 feriatur

185 2325 223 2369 ue
245 2306 298 2382 cia,
324 2301 382 2385 [et,
412 2304 500 2386 quod
522 2303 652 2387 gravius
677 2305 736 2381 cst,
767 2300 953 2367 coniectura
981 2302 1108 2368 incerta
1131 2302 1282 2386 natumJ.
1324 2304 1380 2386 Ap

185 2415 289 2493 paret,
312 2414 419 2476 totum
442 2411 504 2476 hoc
527 2430 629 2492 genus
652 2411 795 2492 positum
820 2428 892 2474 esse
914 2410 948 2474 in
971 2410 1124 2492 analogia
1142 2410 1287 2492 paulum
1303 2429 1324 2476 a
1339 2412 1380 2475 u'r

186 2517 380 2582 deflectenti.
391 2512 417 2599 ¹)
976 2598 980 2608 Ι

273 2624 325 2688 IV.
362 2623 515 2705 Sequitur
538 2623 609 2704 ipso
632 2621 699 2686 iam
723 2622 836 2687 ordine
860 2630 893 2686 et
915 2622 987 2687 loco
1010 2622 1089 2687 satis
1114 2621 1303 2704 explicatus
1325 2623 1379 2688 fre

186 2729 416 2812 quentissimus
440 2749 518 2793 usus
549 2729 646 2793 huius
676 2728 791 2794 formae
822 2728 1023 2793 dubitativus
1055 2731 1088 2792 ei
1120 2729 1324 2812 potentialis,
1355 2731 1380 2794 in

185 2858 250 2919 quo
284 2856 398 2901 omnes
432 2837 567 2918 perlecti
603 2836 796 2901 coniunctivi
831 2835 962 2901 nomine
997 2838 1145 2900 utuntur.
1194 2836 1278 2916 Quis
1306 2838 1380 2903 enim

185 2964 251 3011 non
273 2943 372 3020 videt,
407 2963 508 3025 quum
541 2947 599 3008 aut
628 2942 698 3007 fieri
729 2941 850 3024 aliquid
874 2961 971 3023 posse
995 2941 1143 3007 dicamus
1168 2941 1222 3026 (ut
1245 2945 1314 3009 liv.
1336 2944 1380 3009 ll

186 3050 243 3113 24:
268 3049 338 3113 Hoc
360 3049 484 3134 quidem
509 3048 662 3112 arlecenau
684 3050 732 3112 cel
749 3056 812 3113 trec
829 3036 949 3111 armati
968 3048 1138 3133 qrmnrlibet
1154 3051 1380 3116 mrdtitudr'uem

186 3153 370 3237 terruerint),
395 3159 452 3220 aut
475 3155 516 3218 de
538 3159 651 3219 nostro
674 3157 819 3237 ipsorum
844 3154 961 3220 iudicio
985 3154 1145 3236 agendive
1168 3158 1308 3223 consilio
1330 3159 1382 3222 du·

187 3263 329 3327 bitanter
352 3262 533 3343 loquamur,
568 3262 629 3326 has
664 3282 774 3326 rerum
803 3261 1053 3345 significationes
1089 3261 1136 3327 ita
1171 3262 1206 3328 in
1244 3265 1382 3331 futurum

185 3369 336 3446 incidere,
372 3371 409 3432 ut
431 3372 551 3446 tamen,
587 3388 688 3450 quum
718 3373 776 3434 aut
799 3369 868 3433 eius
892 3370 938 3433 rei
962 3371 1090 3446 natura,
1127 3389 1203 3451 quae
1229 3391 1316 3437 nunc
1338 3373 1383 3437 sil.

186 3479 243 3540 aut
266 3474 420 3539 iudicium
449 3478 597 3538 nostrum
627 3474 810 3540 declaretur
839 3479 896 3539 aut
926 3476 1094 3540 consilium
1128 3475 1164 3540 in
1199 3479 1383 3544 condicione

186 3582 326 3664 positum
351 3583 402 3658 sit,
427 3580 524 3644 simul
547 3581 580 3644 in
602 3601 749 3664 praesens
772 3585 902 3663 tempus
926 3582 1029 3646 oratio
1047 3581 1204 3648 inclinet?
1237 3585 1383 3651 Cetemm

186 3709 226 3752 ex
255 3687 419 3751 veteribus
447 3686 509 3750 illis
539 3686 655 3752 suturis
691 3690 723 3752 in
758 3709 791 3752 so
826 3689 1019 3752 exeuntibus
1053 3687 1117 3752 hac
1152 3690 1383 3772 significatione

185 3797 304 3876 practer
338 3813 453 3858 vocem
487 3793 735 3860 usitatissimam
769 3796 858 3878 apud
886 3797 1011 3878 poctaS,
1047 3795 1185 3874 Livium,
1223 3797 1383 3874 Tacitum,

186 3902 300 3977 riccila,
335 3899 495 3982 reperitur
521 3899 628 3982 faxim
659 3901 778 3981 (Plaut.
802 3903 894 3976 Poen.
918 3902 955 3980 V,
988 3904 1017 3982 2,
1052 3903 1131 3968 131:
1167 3904 1253 3969 mare
1282 3905 1381 3986 surim

185 4007 302 4085 lichena,
338 4006 408 4073 coll.
433 4006 498 4072 Cic.
523 4007 672 4073 Tusc.V
701 4008 800 4090 582:
836 4032 857 4074 α
885 4017 912 4074 te
939 4011 1139 4094 impetrarim
1168 4009 1322 4089 lubenter,
1356 4014 1385 4075 et

134 4135 173 4176 roe
187 4117 320 4182 Terent.
343 4113 484 4195 Adelph.
507 4114 545 4191 V,
570 4115 590 4179 3
614 4114 672 4197 (5),
698 4118 733 4180 6:
758 4115 884 4180 Iucbeus
907 4117 965 4180 rili
988 4117 1061 4180 berre
1081 4114 1222 4198 fuxirn);
1252 4138 1296 4182 ex
1318 4118 1384 4183 aliis

187 4223 295 4289 verbis
319 4221 424 4287 solum
440 4221 546 4285 inveni
564 4223 651 4303 apud
667 4222 774 4288 Plaut.
790 4223 881 4287 Asin.
898 4224 935 4302 ll,
959 4225 990 4303 4,
1015 4225 1073 4289 96:
1099 4224 1202 4288 Haud
1219 4226 1383 4309 caeparum.

215 4473 239 4543 ¹)
255 4473 433 4542 Perspicuum
452 4487 511 4525 esse
530 4469 635 4539 opinor,
659 4487 707 4524 cur
731 4470 887 4525 Graecorum
911 4472 1083 4535 aorislorum,
1107 4471 1154 4539 qui
1178 4477 1245 4526 sunt
1262 4470 1383 4539 tyriaca.

257 4559 379 4633 ἐπῄνεσα,
399 4566 458 4624 cet,
478 4559 710 4629 comparationem
729 4560 797 4613 nihil
816 4561 850 4614 ad
869 4577 928 4614 rem
947 4561 1083 4628 pertinere
1100 4560 1225 4614 arbitrer.
