2956 5190
663 391 667 400 ἱ
715 300 781 366 252

186 498 366 580 polationes
401 497 585 578 expulisset,
621 497 664 561 ad
697 514 829 560 sensum
863 497 976 559 tamen
1008 493 1156 576 aliquem
1190 512 1212 557 a
1242 492 1345 563 Laced

186 603 391 687 opinionibus
415 608 447 667 et
470 604 689 685 disputatione
712 622 779 667 non
801 601 944 666 ebenum
972 601 1171 683 plerumque
1199 619 1347 667 acconem

187 711 291 775 datas.
336 710 482 774 Primum
510 710 734 792 igiturpatet,
769 711 855 773 hanc
884 726 1014 772 omnem
1043 706 1241 771 varietatem
1265 706 1349 775 hem
1392 702 1403 771 ².

186 817 333 882 codicum
362 817 587 899 negligendam
615 836 703 893 esse;
738 815 856 880 deinde
884 818 1004 891 autem,
1040 812 1174 879 etiamsi
1202 812 1360 896 diligent·
1394 819 1403 861 ¹

186 924 293 988 collati
309 923 440 987 fuerunt
457 923 583 988 codices
602 922 759 1004 Gottorp.‚
784 921 942 1003 Lugdun.‚
966 920 1088 1003 quique
1107 919 1234 985 similas
1250 920 1359 1002 repudii:
1395 925 1403 969 ³

132 1056 172 1096 no
186 1032 339 1111 poterunt
362 1029 394 1092 in
418 1029 522 1093 Gallia
545 1029 679 1093 Italiave
703 1031 759 1093 aut
782 1028 869 1102 alibi,
905 1027 992 1109 quod
1015 1045 1096 1092 sane
1128 1025 1291 1109 suscipiet,
1316 1028 1352 1109 pi

185 1154 293 1217 operae
306 1136 457 1216 'pretium
480 1135 513 1198 in
537 1136 686 1201 Lucretio
709 1134 907 1200 recensendo
940 1134 1046 1197 lacere
1073 1133 1176 1211 volet,
1211 1136 1314 1197 tamen
1330 1152 1354 1199 n

185 1239 381 1328 vera-unius
404 1245 532 1305 tantum
554 1260 661 1324 neque
689 1242 768 1306 satis
796 1240 912 1322 integri
940 1239 1057 1304 codicis
1087 1240 1254 1322 scriptura
1277 1238 1355 1305 babe-
1400 1210 1403 1237 ¹

185 1346 282 1411 bitur.
329 1347 394 1411 Sed
417 1350 533 1412 horum
557 1351 740 1430 utrumque,
776 1351 809 1411 et
837 1366 877 1410 ex
905 1365 970 1410 uno
999 1345 1111 1410 codice
1140 1364 1257 1411 omnes
1281 1344 1359 1413 etim-

185 1453 334 1518 meliores
357 1474 429 1519 esse
454 1455 617 1520 derivatos
641 1458 673 1519 et
696 1455 785 1518 illum
809 1473 874 1517 non
898 1453 1144 1538 integerrimum
1163 1460 1199 1517 et
1214 1451 1258 1517 ad
1272 1451 1356 1535 legni-

186 1560 264 1623 dum
288 1560 450 1625 difficilem
474 1561 583 1640 fuisse,
619 1562 760 1626 maxime
789 1563 927 1641 apparet
950 1579 989 1623 ex
1012 1578 1061 1637 eo,
1098 1559 1192 1641 quod
1213 1557 1357 1625 iisdemiu

187 1667 262 1731 locis
287 1687 410 1745 omnes,
446 1669 591 1749 quincti
615 1676 701 1744 sunt,
737 1666 862 1732 codices
892 1665 1025 1730 lacunas
1048 1665 1188 1730 habent.
1234 1664 1358 1731 Velut'n

186 1773 268 1838 libro
290 1775 406 1855 primo,
431 1774 486 1838 ubi
511 1775 551 1838 de
574 1775 777 1856 Anaxagorae
796 1776 969 1850 ὃμοιομιρείςι
992 1771 1192 1855 disputatur,
1216 1771 1250 1836 in
1265 1770 1359 1837 codid-

187 1880 247 1944 bus
271 1880 303 1943 hi
328 1900 440 1944 versus
464 1881 614 1962 leguntur
637 1880 725 1963 (859,
751 1881 826 1958 860,
851 1877 1056 1959 862-865);
1127 1908 1132 1915 ·

215 2104 219 2112 ·
318 2075 491 2152 Praeterea,
516 2076 670 2159 quoniam
694 2075 784 2139 cibus
809 2079 907 2156 auget
930 2093 1046 2155 corpus
1070 2073 1209 2156 alitque,

319 2182 407 2246 Scire
430 2182 513 2260 licet,
537 2184 631 2247 nohis
654 2202 755 2247 venas
779 2186 812 2246 et
834 2200 980 2263 sanguen
1004 2184 1037 2244 et
1059 2200 1135 2244 ossa

318 2394 392 2458 Sive
417 2394 506 2459 cibos
530 2415 643 2460 omnes
668 2397 843 2460 commixto
866 2413 1001 2476 corpore
1023 2392 1133 2470 dicent

318 2499 397 2564 Esse
421 2504 453 2563 et
476 2500 598 2564 habere
623 2503 656 2565 in
679 2522 715 2566 se
737 2521 911 2566 nervorum
935 2519 1072 2582 corpora
1095 2517 1202 2581 parva

318 2605 467 2687 Ossaque
492 2611 524 2671 et
547 2610 678 2673 omnino
702 2628 802 2673 venas
826 2611 1001 2690 partesque
1026 2606 1159 2683 cruoris,

235 2734 239 2743 ·
319 2713 398 2788 Fiet,
423 2714 469 2776 uti
493 2714 584 2778 cibus
609 2720 669 2778 eet.

186 2889 251 2953 Sed
274 2909 375 2971 quum
399 2892 605 2972 perspicuum
630 2894 725 2969 esset,
756 2892 869 2956 deesse
898 2891 1012 2972 prioris
1036 2890 1220 2972 apodoseos
1244 2890 1364 2970 purtem,

186 2995 228 3059 ad
251 2995 396 3060 hiantem
420 2996 600 3061 orationem
619 2998 813 3080 explendam
832 2998 1031 3079 excogitatus
1049 3001 1149 3061 estet
1167 2995 1211 3059 ab
1230 2992 1366 3059 omnibus

186 3108 335 3184 receptus
360 3122 472 3167 versus
497 3104 539 3167 ad
563 3106 759 3168 senientiam
783 3109 890 3168 rectus
915 3102 1022 3184 (861);

319 3263 359 3326 Et
381 3282 499 3327 nervos
524 3263 710 3346 alienigenis
734 3284 774 3327 ex
797 3264 945 3346 partibus
970 3282 1051 3327 esse.

185 3419 214 3483 Is
238 3439 352 3485 versus
382 3422 415 3486 in
444 3442 510 3486 uno
534 3426 722 3506 apographo
745 3424 855 3487 saeculi
878 3423 936 3487 XV
960 3426 1075 3499 exstat,
1107 3428 1254 3485 ceterum
1282 3416 1368 3483 nein

185 3528 297 3608 primis
322 3528 453 3610 quidem
478 3529 682 3594 editionibus.
729 3530 848 3594 Similis
872 3537 922 3594 est
953 3529 1041 3593 locus
1070 3528 1102 3592 in
1131 3528 1224 3592 libro·
1238 3526 1290 3604 ΠΙ,
1321 3521 1380 3597 ubi,

186 3632 225 3695 de
250 3634 495 3699 immortalitate
519 3636 637 3700 animae
664 3638 698 3700 hi
726 3656 839 3701 versus
868 3637 901 3700 in
929 3635 1094 3699 codicibus
1123 3635 1276 3717 leguntur
1302 3628 1370 3712 (830

186 3736 264 3819 [817
290 3738 343 3820 B.]
367 3739 468 3822 sqq.):

319 3898 413 3977 Quod
437 3901 464 3965 si
488 3901 570 3966 lorte
594 3902 667 3966 ideo
691 3903 793 3984 magis
817 3902 1009 3967 immortalis
1034 3901 1188 3966 habenda
1212 3904 1273 3977 est,

319 4005 413 4084 Quod
437 4008 589 4072 vitalibus
613 4006 791 4091 (letalibus)
815 4009 858 4072 ab
882 4007 979 4072 rebus
1004 4009 1129 4072 munita
1153 4011 1294 4083 tenetur,

318 4113 386 4177 Aut
408 4114 484 4196 quia
507 4135 572 4179 non
597 4116 730 4179 veniunt
753 4116 885 4179 omnino
910 4116 1015 4179 aliena
1039 4115 1163 4191 salutis,

319 4221 386 4284 Aut
409 4222 496 4302 quia,
521 4240 594 4302 quae
619 4223 762 4298 veniunt,
788 4221 896 4303 aliqua
921 4222 1046 4286 ratione
1069 4221 1228 4286 recedunt

317 4326 415 4391 Pulsa
439 4329 538 4409 prius,
563 4348 673 4410 quam,
698 4327 776 4411 quid
798 4327 948 4405 noceant,
972 4326 1092 4392 sentire
1117 4346 1289 4409 queamus,
