2948 5206
629 283 694 349 253

162 479 267 544 Plater
289 479 375 544 enim
399 498 498 561 quam
521 477 609 561 quod
631 478 754 544 morbis
776 482 846 543 turn
870 480 1012 562 corporis
1036 476 1199 564 egunt·
1273 500 1310 541 sn

159 587 288 652 Advenit
311 586 355 663 id,
380 585 469 668 quod
492 589 553 649 cet.

115 727 216 811 lppuet
244 729 361 793 deesse
389 729 548 811 apodosin
578 726 828 809 respondentem
853 727 976 808 protasi
1000 726 1096 813 (quod
1118 731 1147 794 si
1170 728 1245 813 cet.)

115 835 269 918 rapodosi
293 839 510 900 armectantur
537 836 680 899 rationes
710 832 845 916 (noter
873 832 980 914 enim).
1025 835 1139 918 Itaque
1162 837 1255 901 addi-

115 947 187 1007 aest
208 961 323 1039 versus
345 941 547 1007 huiusmodi:

151 1084 271 1149 Scilicet
298 1103 319 1148 a
342 1103 420 1147 vera
443 1083 537 1164 longe
560 1081 687 1146 ratione
711 1083 873 1145 remotum
896 1086 960 1158 est;

115 1243 156 1307 1ue
185 1226 217 1290 in
252 1226 397 1306 antiquis
431 1225 505 1288 edd.
540 1224 626 1288 male
662 1223 846 1304 ponebatur
879 1228 954 1306 post
988 1224 1078 1289 illum
1109 1246 1255 1293 versum:

115 1330 154 1395 nd
182 1331 331 1397 malibus
359 1337 430 1410 cet,
464 1331 539 1395 inde
574 1351 594 1395 a
629 1329 789 1394 Lambino
823 1349 882 1395 suo
916 1331 1002 1407 loco;
1040 1351 1138 1413 quern
1168 1335 1255 1415 quod

115 1436 186 1503 ties.
214 1443 248 1504 et
274 1439 432 1521 Forbiger
460 1439 606 1520 spurium
634 1439 767 1518 putant,
803 1435 875 1516 quis
903 1456 968 1501 non
996 1438 1095 1517 videt,
1131 1440 1255 1506 nullam

115 1564 141 1609 n
163 1546 285 1610 habere
315 1547 566 1611 auctoritatem?
595 1543 682 1626 quod
706 1544 817 1607 autern
845 1563 995 1625 „prorsus
1018 1546 1253 1627 superfluum,

115 1670 159 1716 no
180 1652 301 1729 credet,
338 1652 393 1733 qui
421 1653 552 1716 inanem
582 1670 699 1715 sonum
729 1668 749 1712 a
777 1649 938 1714 sententia
966 1651 1075 1715 verbis
1106 1672 1255 1736 compre·

115 1775 165 1822 usa
183 1758 370 1840 distinguet.
379 1752 406 1838 ²)
451 1759 487 1822 In
509 1760 602 1822 sexto
625 1757 717 1833 libro,
742 1774 807 1836 quo
830 1755 900 1820 loco
924 1756 1091 1821 Lucretius
1115 1779 1134 1823 a
1159 1764 1255 1825 terrae

115 1864 201 1929 dibus
225 1865 519 1930 commemorandis
547 1865 664 1928 transit
692 1861 735 1926 ad
763 1862 827 1927 alia
855 1866 981 1927 naturae
1009 1865 1168 1931 miracula
1198 1886 1254 1931 ex·

115 1968 219 2047 icanda,
254 1991 297 2035 ne
326 1971 557 2036 Wakefieldius
585 1970 718 2053 quidem
746 1970 887 2050 negavit,
923 1974 999 2033 ante
1029 1991 1160 2037 versum
1189 1973 1254 2038 609

115 2075 147 2140 08
160 2076 208 2159 Β]
232 2077 410 2161 (Rincipio
432 2099 522 2141 mure
544 2079 705 2141 mirantur
728 2095 790 2139 non
807 2074 940 2138 reddere
955 2079 1060 2142 nialus
1077 2078 1252 2162 Naturam)

115 2185 241 2249 nessario
275 2185 489 2249 statuendum
525 2204 597 2249 esse
631 2182 753 2264 aliquid
788 2182 820 2245 in
855 2183 1035 2259 codicihuS,
1078 2185 1133 2267 qui
1167 2188 1254 2251 hunc

115 2305 189 2354 usum
211 2291 319 2355 versui
336 2291 399 2355 607
422 2291 605 2368 subiiciunt,
630 2290 798 2354 excidisse.
833 2288 919 2353 Nihil
942 2290 1028 2354 enirn
1052 2290 1177 2356 habent
1199 2292 1252 2357 illa

115 2395 215 2480 incipio
240 2400 413 2474 mirantur,
448 2416 512 2479 quo
540 2397 732 2462 referantur.
782 2395 896 2477 Itaque
925 2397 1055 2462 additur
1084 2400 1150 2463 iarn
1179 2399 1254 2464 inde
1268 2413 1307 2454 ³¹³

115 2500 264 2568 deditione
288 2504 417 2568 Iuntina
440 2525 470 2568 v.
494 2504 569 2568 608.
610 2503 685 2579 Sed,
709 2506 746 2566 ut
768 2502 884 2578 dicam,
909 2504 997 2584 quod
1020 2506 1134 2582 sentio,
1159 2506 1253 2588 plura

115 2605 325 2688 inciderunt,
361 2631 460 2692 quam
489 2631 562 2692 quae
590 2610 644 2675 illo
674 2629 738 2673 uno
766 2628 863 2672 versu
887 2609 1046 2674 dicuntur.
1093 2611 1189 2676 Certe
1212 2633 1253 2676 ne

115 2711 266 2796 opndem
291 2718 518 2799 supplemento
542 2718 653 2781 addito
677 2720 763 2780 recte
794 2716 925 2796 ponitur
942 2718 1119 2800 principim
1155 2721 1253 2801 signi·

115 2826 150 2881 m
168 2825 243 2887 enirn
268 2826 301 2887 in
324 2825 373 2900 iis,
409 2844 482 2905 quae
509 2825 744 2906 pracesserint‚
782 2822 889 2903 plures
913 2843 964 2887 res
982 2828 1251 2905 comprehensas.

115 2930 251 3007 {quibus
286 2931 429 3011 primum
463 2935 560 3012 poeta
596 2931 695 2994 maris
734 2932 887 2993 naturam
922 2929 1082 3011 expediat.
1141 2932 1253 3014 Itaque

115 3048 183 3097 dmm
204 3041 234 3099 et
255 3037 409 3101 similium
432 3037 577 3101 locorum
601 3037 655 3119 (ex
679 3036 797 3118 quibus
820 3055 906 3099 nunc
930 3039 1088 3102 succurrit
1111 3037 1162 3109 ΙΙΙ,
1190 3040 1255 3103 614

115 3132 157 3200 512
169 3140 222 3223 B.],
245 3144 299 3207 ubi
324 3145 536 3208 recentissimi
561 3144 701 3208 editores
726 3143 769 3207 ad
791 3144 1027 3207 nominativum
1053 3147 1167 3229 unquis
1190 3167 1255 3211 non

115 3288 324 3311 κ,-

119 3372 222 3444 lienus
239 3392 280 3445 hic
299 3398 443 3460 corruptus
463 3397 515 3448 est:
545 3391 679 3463 particula
707 3390 780 3444 enirn
808 3400 865 3444 tum
892 3392 973 3459 plane
1001 3392 1090 3445 aliena
1114 3399 1168 3452 est;
1197 3410 1255 3457 nec,

153 3489 218 3541 quam
234 3481 423 3534 auctoritatem
442 3481 543 3534 habeat
561 3485 647 3547 april,
667 3485 785 3537 constat;
805 3496 870 3532 narn
891 3480 1081 3549 Havercampii
1096 3481 1203 3535 silentio
1223 3483 1256 3535 de

154 3564 212 3618 todd.
229 3567 328 3638 Lugdd.
349 3570 421 3622 credi
440 3585 495 3622 uon
514 3574 612 3638 potest.
651 3569 752 3623 Sensus
770 3575 854 3637 patet.

129 3638 256 3710 'lsstlerum
279 3658 428 3711 rectissime
447 3658 612 3711 Lambinum
637 3674 686 3726 pro
710 3659 836 3711 vitalibus
860 3659 999 3728 scripsisse
1022 3661 1153 3722 letalibus,
1182 3659 1255 3714 satis.
1280 3683 1282 3687 ·

156 3741 235 3807 opinor,
261 3747 409 3800 ostendunt
433 3763 473 3810 ea,
497 3763 559 3815 quae
584 3746 756 3800 adiiciuntur.
794 3748 852 3801 Non
872 3748 1011 3817 quaeritur,
1036 3749 1182 3816 cingantne
1201 3747 1256 3800 ani·

158 3840 212 3882 marn
227 3837 252 3885 et
269 3836 395 3888 muniant
413 3853 457 3889 res
474 3838 580 3899 vitalem
601 3841 628 3888 et
641 3852 702 3904 quae
716 3837 758 3888 hae
771 3836 1006 3903 intelligerentur?
1024 3837 1081 3900 sed,
1101 3835 1256 3889 habeantne

159 3927 270 3974 &nassum
287 3924 323 3976 ad
342 3941 413 3989 earn,
432 3941 493 3993 quae
512 3924 575 3977 vitae
594 3924 693 3978 infesta
712 3924 774 3987 sint,
794 3941 887 3978 necne.
916 3925 1053 3992 Forbiger,
1073 3930 1178 3977 retenta
1192 3940 1256 3977 curu

160 3999 307 4065 Wakefieldio
335 4013 468 4067 librorum
496 4012 639 4080 scriptura,
668 4012 785 4065 conferri
813 4012 888 4066 iubet
917 4017 1007 4070 testes,
1037 4028 1103 4064 sane
1130 4028 1257 4080 superva-

161 4106 240 4163 πῶς,
266 4103 312 4170 qui
336 4103 483 4156 ostendant
505 4101 603 4155 Latine
622 4100 674 4154 dici
693 4104 799 4153 munire
818 4103 851 4153 ab
870 4103 1019 4170 aliquare,
1048 4115 1082 4152 ne
1101 4100 1126 4152 id
1147 4099 1258 4168 quidem

162 4184 340 4253 unamines
359 4190 510 4253 ostendere,
530 4189 582 4242 hoc
601 4189 653 4242 dici
671 4205 721 4257 pro
740 4205 781 4252 eo,
801 4190 874 4258 quod
893 4196 934 4243 est
950 4198 1044 4245 contra
1060 4190 1181 4257 aliquam
1193 4206 1257 4253 rem,

164 4273 345 4345 adpertinet
368 4279 401 4331 ad
427 4277 552 4331 Lambini
577 4278 753 4346 scripturam;
783 4277 833 4345 ipsi
857 4277 958 4331 citandi
984 4284 1070 4337 erant,
1098 4278 1145 4346 qui
1171 4283 1258 4331 osten·

165 4355 241 4423 tunt
266 4370 398 4420 munitum
420 4386 439 4421 α
460 4369 530 4421 vallo
559 4366 611 4420 dici
640 4383 688 4434 pro
717 4383 757 4430 eo,
786 4367 858 4434 quod
887 4372 928 4419 est
956 4371 1088 4421 munitum
1117 4369 1199 4431 vatim
1228 4384 1259 4419 ac

165 4459 214 4501 t«tte
227 4468 275 4507 non
292 4455 350 4509 sine
368 4472 451 4509 causa
474 4460 557 4509 testes
579 4455 783 4522 anquisivisset;
812 4471 900 4523 neque
924 4455 997 4509 enirn
1024 4458 1104 4509 credo
1131 4457 1259 4510 Latinum

166 4530 252 4594 ldesse.
