2956 5190
633 300 696 365 511

59 496 155 560 tione
177 496 328 577 negativa
352 494 507 559 distinxit.
517 490 543 575 ¹)
577 493 661 559 Vera
684 493 781 577 igitur
803 496 964 578 scriptura
979 517 1018 562 ex
1034 498 1072 562 iis
1089 497 1264 576 codicibus,

60 585 250 684 dequibus
276 604 355 666 certi
379 601 502 683 aliquid
526 604 662 679 constat,
692 602 725 664 in
752 620 818 667 uno
841 607 973 684 reperta
996 609 1045 669 est
1068 604 1264 682 Hauniensi;

60 728 105 774 ea
137 729 238 790 quum
269 711 356 772 esset
390 707 424 771 in
457 707 620 790 plerisque
655 707 821 773 codicibus
856 715 1020 792 corrupta,
1056 710 1176 776 omisso
1211 721 1263 790 est,

61 820 214 881 extremo
248 815 319 879 loco
351 814 462 878 infelix
490 814 683 878 emendator
717 815 868 879 vitiosum
903 816 982 881 illud
1017 838 1099 882 anne
1131 819 1263 897 invexit,
1279 837 1319 878 aaa

60 923 155 1006 quod
177 941 278 1005 quum
302 925 370 985 tres
394 920 553 985 Goerenzii
578 919 704 985 codices
727 921 885 999 obsideat,
921 942 1004 1005 quos
1032 923 1085 989 ille
1113 925 1263 991 meliores

60 1028 233 1112 appellare
257 1026 434 1103 consuevit,
458 1026 524 1091 iam
548 1047 588 1091 ex
612 1029 674 1091 boc
696 1027 873 1109 specimine
891 1029 932 1093 de
950 1030 1005 1095 illa
1022 1031 1168 1096 bonitate
1186 1051 1263 1097 con·

59 1137 189 1201 iectura
211 1133 284 1198 fieri
307 1137 425 1216 potest.
894 1192 896 1197 .

154 1241 238 1306 Puto
273 1259 314 1304 ex
347 1240 398 1305 his
433 1239 590 1321 exemplis
626 1240 849 1322 praeiudicium
879 1242 1010 1324 aliquod
1039 1243 1162 1308 iactum
1191 1264 1263 1309 esse

59 1348 141 1424 tale,
176 1346 273 1429 quale
302 1345 398 1423 volui,
434 1345 475 1410 de
504 1345 620 1411 horum
645 1346 792 1411 codicum
816 1350 1019 1427 auctoritate,
1055 1350 1173 1432 quibus
1197 1370 1263 1416 non

58 1458 192 1520 tantum
217 1453 335 1531 tribuo,
371 1456 407 1516 ut
435 1456 594 1534 tanquam
626 1458 731 1517 certos
760 1454 859 1519 duces
882 1475 1011 1537 sequar,
1047 1456 1106 1521 sed
1128 1462 1166 1521 ut
1187 1462 1263 1523 tan·

59 1580 166 1644 quam
188 1560 288 1642 paulo
311 1559 504 1641 plerumque
528 1559 643 1623 ceteris
667 1559 830 1625 certiores.
839 1555 866 1641 ²)
901 1561 1053 1627 Ceterum
1076 1563 1263 1629 victoriano

58 1667 288 1733 Hauniensem
316 1669 473 1748 praestare
501 1665 614 1743 videri,
650 1685 691 1729 ex
724 1667 762 1731 iis
797 1667 891 1748 ipsis,
927 1687 1009 1749 quos
1038 1670 1261 1746 tractavimus,

59 1774 143 1840 locis
166 1776 267 1856 patet,
303 1760 456 1837 simodo
480 1771 655 1837 Victoriani
678 1772 848 1855 scripturae
871 1793 965 1855 aeque
989 1774 1160 1859 diligenter
1182 1796 1261 1842 eno·

58 1883 142 1946 tatae
166 1884 199 1944 et
222 1879 319 1943 editae
341 1882 427 1944 sunt.
474 1878 555 1943 Illud
578 1872 674 1944 'simul
698 1879 898 1961 patefactum
923 1883 981 1957 est,
1011 1887 1139 1948 veteres
1162 1903 1262 1965 quos·

59 1986 140 2052 dam
170 1986 322 2064 editores,
357 1986 497 2063 luntam,
532 1984 708 2050 Victorium
741 1988 858 2068 ipsum,
894 1987 1098 2069 Stephanum
1134 1989 1261 2054 codices

58 2092 218 2157 habuisse
252 2092 371 2156 horum
406 2092 537 2157 similes.
584 2091 632 2156 De
666 2093 795 2158 Gruteri
830 2093 995 2175 codicibus
1024 2095 1058 2159 in
1085 2095 1135 2160 his
1159 2095 1259 2172 libris

59 2200 119 2264 ubi
142 2219 208 2264 non
231 2218 352 2282 magna
375 2199 484 2280 aliqua
515 2203 548 2263 et
578 2203 738 2282 perpetua
769 2199 923 2265 diiunctio
955 2204 1015 2278 est,
1051 2201 1180 2266 difficile
1211 2208 1261 2268 est

60 2305 217 2370 iudicare.
264 2306 312 2371 Ex
335 2306 457 2370 Davisii
479 2304 670 2371 parisiensis
694 2309 727 2371 et
750 2307 856 2388 regius
884 2306 973 2389 digni
1003 2312 1096 2372 erant
1124 2307 1259 2391 diligen·

59 2412 145 2477 tiore
172 2432 245 2491 usu,
280 2431 470 2495 quanquam
498 2412 631 2477 minime
660 2411 703 2477 ab
729 2408 1034 2495 interpolationibus
1062 2413 1155 2478 liberi
1183 2418 1260 2479 sunt

60 2517 113 2601 (ut
135 2520 169 2584 in
191 2519 215 2599 l,
239 2520 270 2597 4,
297 2517 362 2602 14).
398 2519 599 2585 Oxonienses
621 2523 688 2583 tres
712 2520 863 2601 pessimae
886 2521 973 2584 notae
996 2523 1082 2584 sunt.
1123 2520 1259 2585 Goeren-

58 2624 130 2690 zius
153 2645 229 2691 suos
259 2628 293 2691 in
321 2627 404 2693 duas
432 2626 573 2691 familias
602 2625 781 2707 descripsit,
818 2644 957 2707 quorum
993 2646 1075 2708 quos
1108 2627 1259 2693 meliores

58 2732 208 2809 credidit,
232 2738 395 2815 quantum
419 2753 459 2797 ex
482 2733 531 2811 iis,
556 2753 630 2816 quae
653 2751 770 2814 parum
793 2732 888 2814 plene
912 2734 1082 2815 excerpsit,
1115 2733 1259 2800 iudicare

58 2840 180 2921 potest,
204 2859 392 2922 quanquam
415 2859 482 2905 non
504 2843 573 2905 tam
596 2839 796 2922 negligenter
819 2842 853 2903 et
867 2839 1024 2904 mendose
1044 2860 1143 2922 quam
1160 2843 1258 2906 ceteri

58 2946 131 3011 eius
154 2948 265 3029 scripti
289 2950 393 3025 erant,
422 2951 535 3011 tamen
557 2965 663 3028 neque
686 2950 845 3027 perpetuo
868 2944 1053 3011 discrimine
1077 2948 1120 3011 ab
1146 2947 1185 3011 iis
1208 2948 1258 3012 di·

58 3052 312 3135 stinguebantur
334 3057 377 3130 et,
400 3058 438 3118 ut
453 3074 492 3119 ex
508 3054 547 3119 iis
563 3053 651 3130 locis,
675 3053 716 3117 de
732 3052 850 3134 quibus
866 3051 942 3130 dixi,
966 3060 1113 3135 apparet,
1138 3053 1258 3119 multas

58 3159 126 3224 iam
150 3159 415 3243 interpolationes
439 3164 473 3225 et
496 3161 711 3225 correctiones
734 3152 955 3240 susceperant.
991 3159 1038 3223 Ex
1062 3160 1179 3226 Moseri
1203 3180 1259 3227 co·

58 3265 187 3330 dicibus
221 3266 441 3346 MonacensiS,
484 3268 578 3349 longe
617 3265 864 3330 mendosissime
898 3266 1052 3347 scriptuS,
1093 3268 1257 3332 interdum

57 3371 197 3454 vestigia
218 3374 288 3438 veri
313 3372 391 3438 alibi
414 3375 590 3439 obscurata
613 3372 765 3437 servavit.

88 3581 110 3650 ¹)
129 3584 293 3650 Goerendus,
313 3591 344 3640 ut
361 3585 439 3649 solet,
458 3601 545 3654 quum
563 3583 756 3639 incredibiliter
774 3582 802 3637 in
821 3582 970 3637 notissimis
981 3583 1064 3637 rebus
1077 3588 1158 3647 errat,
1177 3583 1258 3638 valde

131 3677 236 3741 σεμνῶς
254 3675 342 3729 addit:
373 3673 457 3740 ,Cum
476 3674 587 3743 vulgata
605 3672 753 3742 sepissime
772 3670 888 3726 Cicero*
927 3672 987 3725 Non
1006 3671 1088 3725 nimis
1106 3672 1165 3737 scit,
1190 3673 1255 3741 quid

131 3763 212 3827 dicat,
240 3779 326 3832 quum
353 3763 465 3817 oracula
492 3763 594 3827 fundit,
622 3778 684 3832 quae
711 3767 805 3815 tamen
831 3777 880 3829 per
904 3760 1008 3829 aliquot
1031 3777 1118 3814 annos
1141 3761 1256 3814 auetori-

132 3855 217 3905 tatem
241 3851 407 3906 habuerunt.
449 3852 545 3920 ltaque
567 3866 623 3904 non
647 3849 820 3914 contendam,
848 3850 899 3903 hoe
923 3865 986 3904 eum
1011 3848 1138 3913 sensisse,
1166 3849 1257 3918 saepis·

130 3938 199 3994 sime
223 3939 382 3994 Ciceronem
410 3940 438 3994 in
466 3938 678 4008 interrogatione
705 3937 820 4006 simplici
847 3954 902 3993 non
931 3954 1039 3991 annexa
1067 3955 1104 3990 an
1131 3942 1158 3992 et
1186 3955 1257 3991 anna

129 4044 239 4096 ponere.
286 4029 358 4083 Nihil
385 4029 502 4083 sensisse
530 4029 620 4099 potius
647 4027 745 4097 dicam.
791 4026 824 4080 at
851 4031 943 4080 tamen
971 4026 1045 4080 idem
1072 4025 1169 4081 vitium
1197 4043 1255 4080 ora·

130 4116 212 4170 tionis
236 4134 333 4172 omnes
356 4118 473 4172 editores
497 4117 565 4187 fugit
588 4116 641 4171 alio
669 4115 768 4169 horum
792 4115 924 4169 librorum
947 4115 1021 4182 loeo,
1049 4116 1083 4169 de
1110 4130 1165 4183 quo
1194 4121 1256 4184 post

130 4205 227 4259 dicam.

87 4289 109 4356 ¹)
128 4293 190 4348 Uno
202 4294 262 4348 loco
279 4292 312 4359 (l,
331 4292 374 4360 23,
393 4294 438 4360 61)
457 4294 644 4349 additamento
663 4292 804 4360 depravati
821 4297 894 4357 sunt,
913 4291 961 4346 ubi
979 4291 1025 4346 alii
1044 4291 1169 4346 nonnulli
1188 4292 1254 4346 inte

130 4398 207 4451 gram
225 4382 389 4452 scripturam
408 4388 526 4437 servant.
563 4381 617 4436 Sed
635 4381 662 4435 id
680 4381 899 4435 additamentum
917 4397 973 4435 non
992 4381 1255 4450 exinterpolatione

130 4475 222 4524 ortum
240 4475 290 4535 est,
314 4472 361 4525 sed
380 4487 414 4525 ex
432 4469 610 4526 annotatione
628 4468 770 4539 marginali
789 4485 853 4523 casu
879 4469 908 4523 in
926 4468 1077 4524 orationem
1098 4475 1253 4524 contextam

130 4564 247 4628 recepta.
