2956 5190
628 254 694 320 535

57 449 259 533 scripsimus,
295 450 527 533 coniungemus
559 453 592 514 et
623 450 897 526 continuabimus
932 455 969 515 ut
1001 451 1100 515 etiam
1131 471 1197 529 eos,
1233 452 1260 516 si

58 558 127 639 qui,
163 556 242 638 quid
269 557 421 621 universe
451 557 492 621 de
520 559 726 639 superiorum
749 557 964 640 interpretum
987 577 1087 640 opera
1110 558 1260 623 1111111-

56 662 144 727 nalis
167 663 275 727 satiris
299 663 406 745 posita
429 663 610 728 iudicemus
634 665 717 727 etin
734 683 799 744 quo
816 683 902 729 novo
920 665 1101 729 enarratori
1117 666 1260 730 maxime

54 769 297 835 elaborandum
321 773 485 852 putemus,
521 788 715 853 cognoscere
745 772 886 852 cupient,
922 770 965 834 ad
994 770 1046 834 illa
1070 769 1260 853 ablegemus

56 876 237 957 statimque
261 875 304 939 ad
326 876 453 959 singula
476 878 658 954 veniamus,
688 896 754 941 non
777 877 889 958 utique
913 877 1061 942 ordinem
1084 878 1260 941 satirarum

56 985 246 1065 sequentes
281 982 341 1047 sed
363 987 400 1046 ut
424 1003 561 1064 quaeque
585 1003 621 1048 se
644 984 831 1061 obtulerint,
868 983 1079 1066 expedientes
1104 987 1137 1046 et
1159 983 1260 1048 inter·

56 1088 213 1165 dumea,
249 1108 323 1169 quae
354 1089 387 1152 in
418 1089 605 1171 disputandi
637 1090 819 1170 errorisque
849 1090 983 1155 tollendi
1005 1109 1123 1172 genere
1147 1089 1259 1154 simili·

55 1195 207 1260 tudinem
229 1195 370 1277 aliquam
389 1195 570 1272 habebunt,
595 1200 835 1277 connectentes.
870 1197 911 1261 ut
927 1196 1080 1278 primum,
1105 1197 1260 1278 quoniam

54 1305 131 1366 tum
154 1322 255 1366 unum
280 1305 312 1365 et
336 1302 474 1366 alterum
499 1303 605 1367 locum
635 1305 812 1386 attigimus,
847 1303 938 1367 ouius
967 1302 1053 1367 mala
1083 1303 1258 1368 verborum

56 1408 319 1491 interpunctione
350 1427 465 1472 sensus
500 1408 693 1473 obscuratus
729 1413 824 1487 esset,
860 1410 941 1474 alios
977 1410 1136 1490 quosdam
1172 1411 1259 1475 locos

57 1515 157 1581 simili
180 1535 219 1580 ac
241 1515 413 1580 nonnullos
437 1515 536 1597 paulo
559 1516 752 1581 notabiliore
776 1536 884 1581 errore
908 1516 1094 1580 liberemus.

149 1623 185 1686 ln
219 1624 320 1687 satira
350 1622 538 1701 undecima,
574 1642 639 1703 quo
674 1623 744 1687 loco
779 1623 938 1687 luvenalis
973 1624 1084 1687 omnia
1118 1623 1258 1703 antiquis

56 1730 274 1812 temporibus
299 1750 400 1811 quum
424 1730 572 1794 homines
596 1728 764 1812 frugaliter
787 1731 943 1806 viverent,
977 1728 1113 1793 luxuriae
1137 1733 1170 1793 et
1193 1728 1258 1793 ele-

58 1837 181 1918 gantiae
203 1837 316 1919 ignari,
341 1837 477 1901 meliora
499 1837 599 1900 fuisse
623 1835 775 1912 ostendit,
800 1836 871 1899 haec
894 1836 986 1918 ponit
1009 1833 1053 1917 (v.
1080 1836 1140 1898 111
1155 1833 1257 1917 sqq.):

273 1995 485 2078 Templorum
510 2016 639 2079 quoque
663 1997 818 2060 maiestas
841 1997 1043 2077 praesentior,
1068 1997 1101 2058 et
1124 2014 1186 2059 von

272 2103 373 2168 Nocte
398 2103 465 2168 1111
488 2103 597 2167 media
620 2102 828 2183 mediamque
852 2102 965 2166 audita
988 2121 1046 2184 per
1069 2102 1195 2179 urbem,

272 2210 380 2274 Litore
404 2210 447 2274 ab
471 2209 593 2274 Oceani
617 2209 717 2273 Gallis
742 2208 946 2273 venientibus
970 2213 1003 2272 et
1026 2210 1075 2272 dis

273 2314 425 2380 Officium
450 2319 532 2381 vatis
556 2316 799 2399 peragentibus
822 2316 873 2380 his
897 2317 1023 2381 monuit
1045 2335 1116 2380 nos

272 2422 367 2487 Hanc
390 2424 489 2487 rebus
512 2424 612 2488 Latiis
637 2443 749 2487 curam
772 2425 931 2504 praestare
955 2423 1082 2487 solebat

272 2529 392 2594 Fictilis
417 2534 449 2594 et
471 2530 560 2595 nullo
584 2530 722 2595 violatus
746 2530 891 2611 Iuppiter
915 2549 1004 2594 auro.

57 2689 131 2754 Non
164 2688 245 2772 fugit
275 2689 426 2766 editores,
464 2708 576 2754 vocem
607 2690 657 2754 lais
688 2691 722 2754 in
750 2709 779 2752 1.
806 2689 870 2752 114
901 2708 1018 2771 parum
1050 2689 1257 2754 commodam
1272 2704 1312 2745 1⁷⁰

58 2815 131 2860 esse
155 2816 192 2860 ac
216 2796 324 2878 potius
340 2797 437 2878 plane
461 2796 613 2860 alienam.
648 2795 774 2875 Quibus
791 2797 877 2859 enim
896 2794 967 2860 aliis
990 2797 1089 2860 rebus
1112 2795 1174 2860 nisi
1197 2815 1257 2860 suo

57 2903 131 2985 ipsa
165 2916 245 2967 sono
279 2922 342 2967 vox
376 2902 441 2979 illa,
478 2922 577 2984 quam
604 2903 666 2967 Aio
696 2903 829 2967 Locutio
859 2903 1053 2979 tribuerunt,
1088 2902 1257 2967 Romanos

57 3010 206 3075 monuit?
237 3009 277 3072 Et
300 3008 355 3072 ubi
380 3028 427 3073 eae
450 3009 638 3091 significatae
662 3013 749 3087 sunt,
772 3011 810 3073 ut
832 3009 887 3073 illo
911 3010 1103 3092 pronomine
1121 3008 1257 3073 demon·

58 3115 156 3180 strari
179 3116 326 3198 possint?
355 3115 468 3196 ltaque
492 3115 686 3180 Marshallus
709 3116 765 3180 lios
787 3114 885 3180 scribi
908 3115 1019 3191 voluit,
1043 3114 1185 3179 barbaro
1209 3114 1257 3180 lo·

59 3223 181 3304 quendi
204 3240 331 3305 genere,
355 3222 533 3303 Rupertius
557 3222 617 3298 hic,
642 3222 734 3305 quasi
759 3222 943 3286 cavendum
959 3226 1067 3304 poetae
1084 3222 1191 3298 fuerit,
1216 3242 1257 3285 ne

60 3349 124 3394 vox
146 3331 248 3393 missa
271 3328 409 3392 mediam
430 3350 489 3411 per
511 3328 619 3392 urbem
643 3328 720 3393 alibi
750 3329 919 3393 Romanos
948 3330 1113 3393 monuisse
1145 3328 1257 3392 crede·

59 3438 160 3500 retur.
170 3431 195 3516 ¹)
242 3434 360 3500 Omnia
383 3435 555 3518 perspicua
579 3438 673 3499 emnt
696 3436 844 3500 oratione
868 3436 914 3499 sic
937 3435 1127 3500 distributa:

1050 3581 1082 3641 et
1106 3597 1168 3641 vox

240 3683 342 3748 Nocte
366 3683 434 3747 1111
458 3683 566 3748 media
588 3683 796 3766 mediamque
820 3683 933 3748 audita
957 3682 1026 3767 (eat)
1050 3703 1109 3766 per
1128 3683 1255 3762 urbem,

241 3790 349 3855 Litore
372 3790 415 3854 ab
439 3789 560 3854 Oceani
585 3789 685 3855 Gallis
708 3790 913 3855 venientibus
938 3794 971 3854 et
994 3790 1043 3854 dis

242 3894 392 3960 Officium
417 3898 501 3961 vatis
525 3897 767 3979 peragentibus.
813 3896 873 3961 His
901 3895 975 3979 (hae
1002 3896 1256 3961 1111111ὴαὶ11-

702 4004 789 4068 modi
811 4002 923 4089 siquis)
947 4005 1074 4069 monuit
1096 4023 1166 4082 nos,

241 4109 336 4174 Hanc
359 4109 459 4175 rebus
483 4109 583 4175 Latiis
608 4130 719 4175 curam
744 4113 901 4193 praestare
925 4110 1052 4175 solebat

241 4216 361 4280 Fictilis
385 4216 529 4281 1111111
553 4217 692 4281 violatus
716 4217 859 4300 luppiter
882 4237 972 4282 auro.

85 4426 108 4496 ¹)
127 4427 228 4497 [Nihilo
247 4428 346 4483 melius
364 4427 538 4482 Heinrichius
555 4431 618 4482 binc
636 4428 689 4498 legi
708 4428 779 4489 vult;
805 4429 835 4483 G.
854 4429 883 4482 Ε.
902 4429 1003 4484 Weber
1024 4431 1069 4482 hic
1087 4428 1156 4484 mire
1175 4430 1256 4484 inter·

128 4523 252 4588 pretatur
270 4519 356 4584 dalei,
375 4517 420 4572 bei
438 4517 532 4572 diesen
551 4517 696 4573 einlachen
715 4516 812 4573 Sitten.
850 4514 940 4585 1842]
