2956 5190
683 284 751 349 400

118 501 150 545 se
181 501 250 543 cum
281 480 340 544 telo
369 479 480 562 fnisse,
515 486 645 543 mortem
675 479 732 544 Cn.
757 479 912 563 hesperio,
946 496 1079 543 summo
1102 483 1135 541 et
1155 475 1311 539 clarissimo

119 589 189 670 civi,
213 589 280 651 suis
302 586 586 668 sionibusofferre
607 586 750 667 uoluisse,
781 587 816 649 in
838 585 1014 649 corilionem
1030 580 1244 668 prodrwerie,
1273 584 1313 646 in·

120 694 219 757 dicem
242 696 277 757 in
299 695 421 774 rostris,
445 694 480 756 in
502 693 567 774 ille,
596 695 737 778 inquom,
767 698 924 776 superato
946 690 1066 774 templo
1092 710 1134 754 ee
1156 690 1221 753 loeo
1240 690 1327 767 eollo¹

119 802 215 882 coris
250 821 309 886 qno
344 800 541 863 arelorllalis
575 799 776 883 exquirendae
810 818 909 862 causa
941 798 1040 861 celeri
1074 795 1204 861 triow
1229 794 1316 881 pletis
1361 862 1363 885 Ι

62 941 64 945 <
114 908 278 991 principes
300 907 437 969 civitatis
454 906 630 988 producere
654 911 859 986 consuerunt;
893 904 939 967 ili
960 911 997 967 lu
1020 902 1169 967 indicem
1198 902 1316 967 Veris·

116 1015 263 1098 ,linquam
298 1021 325 1078 et
360 1034 460 1077 rocem
491 1035 581 1078 suom
612 1012 722 1077 sceleri
752 1019 781 1075 el
807 1012 904 1075 menti
932 1018 996 1074 teoe
1019 1009 1176 1095 proebere
1197 1010 1317 1076 mise.
1361 1008 1363 1015 ’

122 1120 290 1184 Dixeritne
320 1119 360 1183 L.
393 1119 511 1184 Vettius
539 1123 601 1184 cet.
654 1119 759 1184 Recta
789 1120 935 1185 oratione
966 1117 1127 1183 dixisset:
1163 1138 1258 1203 prun
1284 1150 1317 1163 -

70 1241 110 1281 ⁶1⁶
119 1225 303 1310 prodmdl
326 1260 367 1307 ε
392 1227 558 1290 collocasti.
567 1221 594 1307 ¹)
639 1225 808 1290 Sententia
840 1245 859 1289 a
891 1225 1000 1290 verbis
1032 1223 1080 1288 idi
1110 1231 1150 1288 tri
1177 1223 1318 1306 incipieus

121 1320 333 1415 superaddita
362 1336 395 1396 et
423 1352 551 1398 annexa
584 1337 644 1425 est,
679 1352 745 1397 non
779 1332 946 1413 implicate
980 1332 1151 1414 superiori
1186 1329 1317 1413 periodo.

121 1440 291 1504 Postremo
315 1441 483 1504 verissime
507 1439 704 1504 Gulielmum
728 1439 889 1504 iudicasse
906 1441 996 1520 puto,
1022 1437 1240 1503 scribendum
1258 1454 1319 1501 esse

121 1547 231 1609 sceleri
253 1552 281 1608 et
304 1545 468 1610 dementire
491 1553 568 1623 tuoe3
592 1566 669 1610 nam
693 1565 800 1628 neque
824 1548 967 1611 mentem
984 1564 1046 1626 pro
1063 1542 1206 1609 consilio
1220 1542 1319 1607 Cicero

122 1652 311 1733 simpliciter
334 1672 473 1734 usquam
499 1652 576 1717 dicit
599 1673 669 1731 nec,
704 1653 731 1717 si
761 1653 891 1729 diceret,
926 1655 1041 1717 tamen
1072 1651 1106 1715 id
1133 1648 1318 1715 vocabulum

122 1763 190 1823 tam
214 1759 286 1823 lene
310 1759 590 1840 superaddidisset
612 1760 805 1842 gravissimo
828 1759 958 1824 sceleris
983 1757 1122 1823 nomini.

211 1864 334 1929 Eodem
359 1867 465 1947 capite
488 1864 506 1946 ἓ
530 1866 573 1929 25
601 1867 696 1930 valde
725 1886 840 1931 vereor
868 1885 910 1930 ne
941 1866 975 1929 in
1005 1865 1058 1929 his
1082 1864 1215 1929 verbis:
1242 1863 1321 1927 cuias

122 1972 264 2057 dipnites
287 1979 315 2035 el
337 1972 486 2054 splendor
503 1972 759 2057 prestrinpebot,
784 1973 885 2055 credo,
909 1973 1012 2036 oculos
1042 1970 1184 2047 Vatinii,
1213 1988 1321 2035 nomen

124 2079 241 2143 Vatinii
265 2098 285 2142 a
309 2078 398 2143 mala
422 2098 523 2142 manu
547 2079 791 2161 interpretantis
815 2079 978 2144 adiectum
1008 2078 1067 2154 sit;
1103 2096 1217 2159 neque
1244 2075 1321 2139 enim

122 2185 156 2249 in
178 2185 241 2248 hac
264 2184 384 2249 Vatinii
408 2186 602 2251 allocutione
626 2186 692 2251 ullo
720 2187 819 2251 modo
842 2186 918 2269 poni
941 2186 1089 2269 potuisse
1113 2182 1232 2258 cred0;
1264 2180 1322 2263 (se-

124 2291 233 2374 quitur
256 2293 383 2356 statim:
415 2314 505 2377 quem
528 2328 571 2338 -
595 2292 733 2375 oderes).
779 2293 864 2357 Nam
887 2294 914 2358 si
938 2292 1011 2375 quis
1034 2292 1140 2374 fingat
1165 2308 1240 2355 esse
1268 2286 1321 2351 Γα-

124 2400 197 2462 tinii
220 2398 365 2475 alicuine,
395 2399 428 2462 id
452 2403 510 2477 est,
535 2399 689 2464 eiusmodi
710 2399 856 2477 hominis,
888 2405 920 2464 et
943 2419 963 2463 a
986 2398 1155 2464 Ciceronis
1180 2416 1243 2461 usu
1263 2393 1322 2459 dis·

125 2506 220 2570 cedat
251 2509 285 2569 et
319 2505 362 2569 ab
397 2505 494 2570 huius
529 2507 628 2571 totius
664 2506 923 2588 interrogationis
957 2524 1088 2588 genere,
1126 2507 1159 2569 et
1197 2504 1322 2569 minime

126 2615 239 2693 aptum
263 2611 325 2675 hoc
348 2611 391 2676 sit
419 2612 462 2675 ad
491 2613 645 2677 orationis
676 2613 826 2690 formam,
862 2633 935 2695 quae
966 2616 1089 2689 narrat,
1126 2631 1196 2677 non
1228 2611 1323 2694 hypo·

127 2720 246 2783 thetica
270 2722 329 2782 cst.
376 2718 529 2782 Eiusdem
554 2739 686 2800 prorsus
710 2722 837 2802 generis
862 2720 1123 2783 additamentum
1148 2718 1267 2783 sustuli
1288 2736 1322 2781 ex

127 2829 208 2891 orat.
232 2846 292 2907 pro
321 2825 353 2888 S.
377 2825 475 2889 Rosc.
505 2846 532 2889 c.
560 2828 610 2903 11,
642 2827 685 2890 32
717 2825 795 2908 (vid.
826 2826 918 2908 praei.
942 2825 1000 2889 XII
1031 2829 1130 2890 oratt.
1163 2844 1266 2907 supra
1294 2844 1322 2905 p.

129 2930 215 3014 119),
244 2932 301 2996 ubi
325 2932 436 3013 ipsius,
466 2933 520 3013 qui
545 2932 680 3012 loquens
704 2933 877 3009 inducitur,
912 2951 1032 2997 nomen
1055 2932 1225 2996 adiectum
1249 2936 1322 2995 eret.

127 3040 342 3121 Interpretum
375 3039 443 3101 iure
476 3039 601 3102 mireris
633 3040 797 3104 neminem
829 3040 944 3104 saltem
974 3038 1015 3102 de
1043 3038 1149 3120 figura
1173 3037 1322 3121 singulari

127 3146 345 3211 admonuisse.
378 3146 481 3209 Erunt
505 3148 653 3223 sortasse,
678 3147 733 3228 qui
756 3147 939 3210 vocativum
959 3143 1102 3227 (Varini)
1127 3165 1202 3210 esse
1220 3144 1322 3210 velint

127 3254 226 3318 nihilo
250 3248 406 3335 aptius.²)

129 3398 201 3404 --—-
205 3398 261 3403 ---
265 3398 292 3403 ..-
298 3396 393 3403 --u--a

155 3482 178 3552 ¹)
197 3484 393 3539 Adiunctivum
414 3484 487 3536 huuc
506 3483 646 3552 particule
665 3499 746 3537 usum
770 3486 904 3536 annotant
923 3482 980 3535 iere
1008 3486 1115 3535 tantum
1145 3481 1175 3535 in
1200 3482 1234 3536 iis
1257 3482 1325 3536 locis.

198 3574 245 3628 ubi
265 3574 406 3627 conversio
426 3578 467 3626 cst
485 3573 578 3640 aliqua
596 3572 739 3626 sententie
758 3577 785 3625 et
804 3572 907 3641 aliquid
931 3572 1021 3625 subito
1045 3569 1123 3638 quasi
1149 3571 1325 3626 interveniet

199 3663 305 3716 dicitur.
334 3663 388 3716 Sed
406 3667 472 3715 sunt
490 3667 517 3714 et
536 3662 590 3715 alia
608 3662 696 3716 multa
715 3662 781 3725 eius,
801 3678 855 3729 quo
875 3660 918 3713 hic
937 3660 1026 3729 posita
1044 3664 1093 3726 est,
1112 3660 1189 3713 modi
1204 3660 1326 3730 exempla

200 3758 226 3805 et
246 3752 317 3805 hec:
346 3751 380 3804 ad
400 3751 495 3805 Famil.
515 3752 546 3811 V,
565 3749 590 3815 2,
609 3750 639 3803 3:
668 3752 820 3803 Recordare
839 3758 939 3802 cetera:
966 3766 1049 3817 prtem
1071 3751 1122 3803 cito
1141 3758 1269 3804 senatum
1286 3750 1327 3803 dle

199 3844 250 3909 die,
272 3844 348 3907 forto
370 3843 517 3907 sortitione,
541 3843 677 3908 coeperim,
701 3857 783 3907 quom
802 3840 888 3892 miella
906 3840 938 3890 de
956 3846 980 3891 te
998 3839 1078 3891 verda
1095 3840 1223 3906 fecerim
1250 3856 1326 3907 quum

199 3938 229 3983 lu
248 3932 304 3996 ipse
323 3932 391 3981 inihi
408 3932 505 3982 dixisti
523 3934 573 3983 cet.
593 3934 620 3982 et
638 3929 708 3991 XIII,
729 3927 775 3981 75:
795 3929 905 3995 Deque
924 3935 947 3980 el
962 3943 1086 3995 presens
1104 3935 1192 3980 usum
1210 3930 1256 3995 epi
1272 3926 1329 3982 dili·

199 4027 299 4085 penter,
319 4036 402 4086 quirin
421 4027 451 4071 tu
469 4020 537 4071 milri
554 4020 747 4071 humanissime
760 4019 930 4084 respondisti,
950 4024 974 4068 et
986 4018 1086 4084 scripsi
1101 4022 1152 4069 cet.
1182 4013 1237 4083 [De
1252 4016 1293 4070 Rc
1305 4032 1328 4084 p.

201 4108 224 4160 11
244 4106 260 4173 ἕ
279 4104 334 4174 23]
372 4106 414 4160 Ad
434 4123 495 4160 eam
515 4108 632 4160 sormam
651 4106 745 4160 Cicero
764 4106 832 4159 dixit
850 4105 877 4159 in
897 4106 972 4159 Verr.
992 4106 1023 4169 V,
1046 4104 1089 4168 29,
1115 4104 1163 4158 74:
1189 4106 1239 4159 Fit
1257 4109 1287 4159 in
1304 4123 1330 4157 ro

200 4199 314 4263 pemitus
332 4198 453 4250 omnium
471 4203 495 4248 et
514 4198 623 4263 clamor,
642 4213 726 4264 quiem
745 4204 833 4248 terren
852 4212 869 4247 o
886 4198 1016 4262 prasenti
1033 4196 1166 4261 supplicio
1186 4203 1232 4249 tro
1251 4199 1331 4249 ronti·

201 4288 261 4338 nisit
275 4286 397 4353 populus
415 4287 491 4339 Rom.
512 4303 539 4338 se
558 4293 582 4338 et
600 4288 737 4353 repressit,
756 4300 810 4353 quo
829 4284 889 4337 loco
908 4283 1057 4351 multisque
1070 4283 1130 4336 aliis
1143 4283 1246 4351 partim
1260 4300 1331 4338 meu·

203 4374 275 4427 dosis
303 4375 404 4443 partim
432 4374 503 4428 male
531 4374 675 4428 intellectis
703 4374 805 4426 abusus
833 4377 875 4427 est
902 4372 1102 4426 Rarnshomius
1126 4372 1250 4426 Gramm.
1276 4373 1331 4426 Lat.

203 4461 219 4527 fi
239 4462 290 4515 183
309 4469 365 4517 not.
384 4463 401 4515 ‘2
420 4481 446 4533 p.
467 4462 526 4516 768.
547 4462 606 4516 769.
644 4464 691 4517 Est
710 4463 797 4517 enim:
816 4466 863 4516 sed
881 4471 970 4516 tanuen
990 4472 1055 4515 turri.

161 4546 184 4615 ²)
202 4551 304 4605 Eadem
324 4553 444 4606 sectione
463 4552 546 4621 paulo
564 4559 634 4621 post,
658 4569 693 4606 ne
712 4553 773 4620 quis
791 4551 872 4606 scribi
892 4551 970 4605 velit:
999 4553 1032 4605 L.
1054 4552 1180 4617 Paulum,
1210 4554 1260 4621 qui
1278 4560 1333 4605 tem

203 4649 321 4708 quoestor
339 4642 527 4696 Macedoniam
545 4643 686 4707 obtinebat,
712 4649 741 4693 et
760 4658 837 4709 quem
855 4644 953 4706 virum,
982 4656 1043 4711 quae
1062 4655 1128 4694 sane
1147 4640 1277 4695 usitatior
1294 4648 1334 4695 est
