2956 5190
687 307 753 372 394

121 523 156 569 se
190 504 312 570 iudices
346 502 416 586 (eos
452 504 538 568 enirn
573 498 762 585 alloquitur)
796 521 834 567 se
866 500 1126 583 complexurum
1163 499 1316 581 promittit

121 630 324 693 quaecunque
347 610 390 675 sit
412 610 524 676 oblata
547 610 694 686 fortunam
723 609 817 690 quasi
840 607 885 672 illi
906 608 954 672 rei
976 607 1046 672 sint
1068 608 1108 671 et
1131 607 1169 671 in
1191 605 1318 688 periculo

121 721 308 794 versentur;
332 723 365 781 et
386 717 472 781 belle
494 716 566 781 haec
590 715 756 780 cohoerent
779 733 854 780 cum
876 713 980 778 altera
996 714 1192 780 sententia:
1214 733 1266 778 acc
1279 734 1319 777 nr

121 823 160 887 ab
182 825 234 906 iio,
269 844 344 909 quos
366 823 488 904 vidctis,
522 823 591 887 ulla
617 821 752 905 fortuna
775 821 909 886 divellet.
954 821 1084 886 Deinde
1109 820 1188 885 haec
1208 819 1252 885 ad
1270 838 1318 884 su·

120 932 249 1013 periora
277 932 439 996 contrarie
469 930 656 995 referuntur
691 927 774 1013 (Epo
803 925 914 1010 cero).
968 928 1073 993 Putes
1106 926 1220 1010 igitur,
1252 944 1318 991 euro

119 1036 165 1101 ibi
188 1036 230 1100 de
252 1035 413 1102 iudicibus
442 1037 564 1119 aliquid
593 1036 722 1100 dixisse.
769 1034 835 1100 Sed
864 1035 910 1099 ibi
940 1035 1042 1100 etiam
1073 1053 1114 1099 se
1145 1040 1256 1116 negat,
1285 1032 1319 1097 ἰὴ

120 1142 232 1225 pulsis,
262 1143 375 1224 quise
399 1145 488 1208 urbis
513 1146 697 1226 compotem
721 1142 884 1220 fecissent,
917 1142 952 1207 in
974 1142 1058 1207 urbe
1082 1158 1318 1206 remansurum.

120 1250 233 1331 ltaque
255 1268 342 1313 nunc
365 1269 444 1315 sane
462 1249 555 1327 dicit,
579 1269 616 1315 se
639 1268 695 1314 eos
719 1249 950 1314 comitaturum
972 1249 1006 1312 in
1029 1246 1183 1313 exilium.
1225 1244 1318 1311 ilani-

66 1373 107 1415 ωε
121 1355 204 1420 festo
227 1355 324 1437 igitur
346 1356 554 1421 scribendum
578 1358 642 1420 est:
667 1355 736 1440 Epo
757 1374 831 1418 cero
853 1375 912 1419 eor
933 1356 970 1418 in
991 1355 1081 1419 mani
1100 1353 1242 1436 fortuna
1261 1356 1316 1417 cet

120 1461 162 1526 Et
184 1481 235 1526 coc
257 1466 290 1526 et
312 1462 410 1545 paulo
432 1465 508 1544 post
531 1461 571 1525 ab
593 1463 645 1540 iio,
670 1482 745 1539 non,
769 1466 807 1525 ut
829 1460 967 1526 Orellius
990 1460 1079 1539 iecit,
1104 1460 1149 1525 ab
1173 1460 1226 1525 laic
1245 1459 1316 1525 scri·

120 1567 264 1632 bendum
288 1571 353 1644 cst3
376 1587 454 1632 narn
479 1568 520 1631 dc
543 1569 760 1649 presentibus
783 1567 935 1649 loquitur,
958 1566 1018 1632 sed
1039 1567 1100 1644 itu,
1125 1570 1166 1631 ut
1189 1566 1260 1632 brec
1279 1565 1316 1631 ad

120 1675 319 1757 superiorem
344 1693 457 1739 eorum
481 1674 826 1739 commemorationem
849 1674 1043 1739 referantur.

208 1781 244 1844 In
267 1782 414 1846 oratione
429 1781 580 1846 Sestiana
604 1780 810 1845 emendanda
826 1782 997 1845 coniuncto
1012 1778 1214 1863 plerumque
1233 1779 1316 1845 terti·

120 1888 229 1952 monio
254 1887 372 1953 codicis
394 1887 587 1952 Parisiensis
618 1891 652 1951 et
674 1887 847 1951 Beruensis
877 1886 993 1968 prioris
1025 1904 1125 1951 usum
1156 1905 1244 1951 sum.
1286 1884 1317 1949 ln

119 1994 293 2058 Vatiniana
315 1997 444 2058 tantum
467 1993 588 2058 selecta
611 1992 730 2058 codicis
754 1992 927 2058 Bernensis
950 1994 1112 2058 varietate
1135 1996 1225 2069 utor,
1251 2010 1316 2075 qua

119 2100 153 2164 in
184 2099 295 2165 Orellii
326 2100 467 2166 editione
498 2119 634 2182 operum
667 2099 831 2165 Ciceronis
863 2102 1019 2165 annotata
1049 2102 1112 2164 est.
1121 2094 1148 2181 ¹)
1203 2097 1318 2164 Contra

119 2206 252 2271 alterius
287 2207 418 2271 familiae
452 2226 537 2271 unus
558 2191 632 2271 'nec
666 2205 832 2288 perbonus
872 2204 918 2288 (in
957 2205 1019 2270 hac
1058 2203 1227 2287 oratione)
1263 2224 1317 2271 nec

119 2316 231 2378 tamen
253 2314 385 2378 infimus
408 2314 520 2390 codex,
556 2312 764 2390 Erfurtensis‚
801 2315 952 2376 accurate
980 2311 1119 2377 collatus
1148 2316 1213 2378 est
1258 2310 1316 2377 Sed

120 2418 222 2484 codex
256 2420 469 2503 archetypus¹
511 2422 672 2502 quantum
711 2418 843 2500 quidem
883 2437 924 2482 ex
957 2417 1136 2484 Parisiensi
1176 2418 1328 2493 coniicio'

119 2524 332 2608 negligentius
356 2528 388 2590 in
412 2527 474 2590 hac
497 2527 645 2591 oratione
669 2529 702 2590 et
725 2525 931 2590 festinantius
954 2525 1093 2608 scriptus
1120 2528 1195 2591 erat
1224 2544 1317 2609 quam

120 2633 152 2695 in
177 2631 336 2696 Sestiana.

209 2737 244 2802 C.
271 2740 299 2815 1,
333 2740 353 2801 2
384 2758 444 2821 pro
470 2739 667 2820 ferocitatem
694 2744 784 2800 tuom
812 2738 915 2814 istam,
951 2738 1007 2803 ubi
1030 2739 1242 2804 incommode
1264 2738 1315 2802 de·

121 2842 370 2908 monstrativum
405 2846 438 2908 in
473 2849 653 2909 extremum
690 2844 797 2908 locum
831 2845 988 2921 relicitur,
1028 2864 1046 2909 e
1080 2845 1158 2909 Par.
1193 2844 1316 2928 (Herv.)

120 2950 283 3014 edendum
308 2955 357 3014 est
378 2951 574 3033 ferocitatem
597 2952 690 3015 ictam
714 2944 847 3031 tuom.²)

208 3056 244 3122 C.
271 3058 299 3135 1,
330 3057 350 3120 3
374 3056 502 3121 videtur
525 3058 587 3121 hoc
615 3057 826 3122 tribuendum
856 3077 927 3122 esse
957 3057 1104 3122 codicum
1135 3060 1315 3133 consensui,

119 3165 156 3228 nt
178 3164 375 3228 scribamus:
399 3164 454 3228 sed
476 3164 566 3227 nulla
589 3185 730 3249 unquam
753 3164 792 3227 dc
814 3185 858 3241 re,
883 3165 939 3228 uhi
964 3168 1014 3228 est
1035 3183 1123 3229 nunc
1147 3166 1228 3241 ralla,
1257 3184 1316 3230 non

120 3289 200 3334 sane
224 3270 382 3336 eiusmodi
407 3270 563 3352 exemplis
587 3270 671 3348 freti,
701 3270 880 3335 cuiusmodi
905 3269 1101 3335 Garatonius
1124 3273 1239 3349 utitur,
1252 3256 1317 3336 'nec

120 3374 200 3453 aliis,
225 3396 298 3458 quae
322 3385 380 3442 aut
403 3377 446 3440 ad
468 3377 657 3441 Ciceronem
680 3397 745 3441 rron
769 3378 933 3459 pertinent
957 3384 1014 3441 aut
1038 3379 1315 3445 coacervationem

121 3483 286 3564 quandam
309 3485 490 3566 negationis
514 3502 554 3547 ex
578 3483 767 3565 quotidiano
790 3503 940 3570 sermone
963 3483 1088 3548 habent
1110 3483 1162 3566 (ut
1176 3486 1267 3550 Verr.
1283 3484 1316 3559 ΙΙ,

120 3589 173 3666 24,
203 3589 256 3668 60,
289 3590 344 3654 ubi
368 3590 426 3654 cfr.
450 3589 611 3671 Zumpt.);
646 3589 705 3654 sed
736 3590 857 3666 Cicero,
893 3610 993 3672 quum
1025 3589 1121 3672 plura
1151 3591 1318 3656 interiecta

121 3700 230 3761 essent
253 3701 327 3778 post
348 3697 490 3779 priorem
514 3697 731 3778 negationem,
767 3701 900 3778 propter
929 3696 1115 3778 proximum
1144 3718 1210 3761 non
1231 3696 1319 3762 modo

120 3802 227 3867 intulit
251 3802 448 3867 contrarium
472 3803 527 3866 sed
550 3804 650 3879 nulla,
685 3803 781 3867 simili
813 3803 1009 3869 anacolutho
1037 3803 1117 3881 eim,
1153 3804 1245 3886 quod
1273 3808 1318 3870 est

121 3908 501 3985 incastellatam
537 3909 603 3973 Nec
636 3910 692 3973 hoc
725 3911 761 3973 in
795 3931 905 3974 acervo
933 3910 1031 3974 tritici
1064 3910 1165 3975 colom
1196 3946 1239 3958 -
1267 3910 1319 3977 red

149 4206 171 4274 ¹)
190 4208 233 4276 [ln
261 4227 294 4264 ea
322 4227 351 4264 re
378 4210 481 4264 nullam
511 4210 612 4264 iactam
640 4227 699 4264 esso
727 4210 874 4273 iacturam,
907 4225 980 4264 nunc
1013 4209 1142 4284 novimus
1176 4215 1206 4265 et
1240 4227 1320 4281 supra

193 4298 256 4352 dixi.

150 4382 171 4452 ²)
191 4296 280 4440 Verb]a
298 4390 335 4442 od
352 4389 382 4441 id
401 4386 455 4441 iam
480 4386 597 4441 Orellius
619 4389 736 4443 delenda
759 4404 819 4441 esse
843 4387 984 4441 intellexit.
1021 4387 1174 4457 Hervagius
1199 4394 1229 4444 et
1252 4390 1321 4445 mu·

192 4476 282 4543 gorius
301 4477 329 4529 in
348 4477 400 4530 hac
418 4493 528 4546 quoque
546 4479 669 4531 oratione
688 4477 791 4546 aliquid
809 4493 843 4531 cx
862 4476 1021 4530 melioribus
1039 4477 1118 4532 codd.
1134 4485 1321 4548 sumpserunt,

193 4563 298 4628 iisdem,
318 4565 470 4634 exquibus
489 4564 643 4619 Sestianam
662 4565 867 4633 suppleverunt.
