2948 5206
678 315 741 379 207

148 528 173 574 eo
198 509 286 574 ulltun
321 512 506 591 temporum
539 510 712 575 discrimen
741 509 888 587 iacimus
924 496 1031 592 neque
1064 512 1098 576 in
1132 514 1310 594 quaerendo

145 617 193 681 eius
209 617 251 680 rei
273 615 433 681 rationem
456 615 643 694 habuimus,
673 616 761 698 quod
784 621 817 680 et
841 622 1033 700 argmuenta
1057 638 1097 682 ex
1120 619 1167 683 rei
1190 624 1310 685 natura

141 723 216 804 petita
236 726 269 787 et
291 723 502 787 auctoritates
531 742 591 805 per
618 742 732 812 omnes
761 727 875 788 aetates
904 726 1090 807 conspuant
1118 744 1178 789 nec
1206 726 1309 790 ullum

139 833 173 893 est
189 828 373 893 mutationis
395 828 565 904 indicium;
589 829 706 893 deinde
730 830 869 894 civitatis
887 832 956 894 sine
973 831 1128 913 suffragio
1144 851 1310 914 perpauca

138 934 255 1017 vetigia
279 938 317 999 ut
340 935 480 1000 fortasse
497 934 619 1017 Capuae
643 940 675 999 et
698 936 731 1000 in
755 935 887 1000 coloniis
905 936 967 1000 illis
984 937 1173 1019 Campaniae
1197 938 1309 1003 ulteri-

135 1041 189 1117 oris,
210 1041 251 1106 ad
275 1041 380 1123 legem
404 1040 519 1106 Iuliam
542 1042 742 1123 superfuisse
766 1042 913 1120 dicimus,
942 1046 1087 1108 ceterum
1111 1044 1309 1126 singularem

133 1148 184 1212 eim
205 1147 303 1212 fuisse
325 1148 485 1230 originem
509 1153 542 1212 et
565 1168 709 1225 causam,
733 1153 770 1214 ut
792 1168 899 1230 neque
923 1149 1001 1214 data
1018 1169 1163 1231 unquam
1181 1151 1309 1233 populis

133 1253 257 1318 beneficii
290 1274 391 1318 causa
421 1254 464 1318 sit
493 1274 600 1337 neque
630 1256 763 1338 singulis
793 1256 980 1320 hominibus
1010 1256 1081 1320 dari
1111 1257 1177 1321 ullo
1209 1258 1307 1322 modo
1323 1275 1363 1316 aas

87 1404 89 1451 3
131 1360 260 1442 potuerit.
270 1356 297 1442 ¹)

87 1454 90 1499 i
200 1468 307 1549 Atque
338 1467 410 1532 haec
440 1470 562 1550 optime
594 1469 790 1533 conveniunt
819 1472 946 1533 naturae
977 1470 1137 1533 universae
1165 1470 1212 1534 rei
1241 1471 1309 1535 Ro-

87 1550 90 1575 ’
132 1593 226 1651 uana,
261 1574 396 1656 qualem
425 1575 468 1638 ab
499 1574 590 1639 initio
620 1574 720 1639 fuisse
752 1575 902 1651 diximus,
937 1595 1003 1639 non
1038 1575 1132 1657 plura
1160 1577 1310 1641 membra

132 1679 230 1745 laxiore
252 1681 399 1762 quodam
424 1681 547 1746 toedere
571 1681 850 1764 complectentem,
886 1682 944 1746 sed
972 1702 1086 1746 omnes
1109 1687 1220 1764 partes
1244 1703 1310 1748 uno

133 1786 236 1852 mento
264 1787 413 1852 eiusdem
442 1788 580 1853 civitatis
609 1789 838 1852 continentem.
885 1789 953 1853 lam
988 1788 1141 1870 deinceps
1177 1788 1310 1853 alterius

133 1894 242 1959 rationis
264 1913 326 1976 per
350 1895 527 1959 foederatas
551 1895 697 1960 civitates
722 1895 849 1977 imperii
872 1895 1074 1977 propagandi
1092 1899 1253 1978 susceptae
1277 1898 1311 1960 et

133 1998 300 2065 iaculouiis
322 2001 399 2065 novi
422 2003 549 2083 generis
573 2003 758 2066 constitute
788 2003 877 2084 origo
906 2002 1158 2083 contemplanda
1187 2003 1247 2066 erit
1278 2006 1310 2067 et

133 2104 244 2171 lutona
279 2107 480 2172 coloniarum
515 2108 558 2173 ab
593 2108 654 2172 illis
689 2108 931 2185 vetustissimis,
967 2128 987 2171 a
1022 2108 1139 2190 quibus
1174 2108 1309 2190 digressi

134 2230 212 2294 snpra
232 2233 357 2290 sumus,
380 2215 516 2279 ulterius
539 2215 775 2297 persequenda.
820 2214 902 2278 lllud
925 2214 1114 2278 addendum
1138 2219 1197 2293 est,
1221 2216 1309 2297 quod

134 2317 166 2381 ad
181 2321 235 2384 has
257 2323 406 2385 vetustas
435 2320 577 2386 colonias
608 2322 751 2385 maxime
780 2324 930 2404 pertinet,
966 2322 1044 2386 dato
1072 2322 1230 2403 paulatim
1259 2321 1308 2395 iis,

136 2425 174 2504 qui
203 2427 269 2490 sine
300 2428 456 2510 suffragio
484 2428 623 2505 inerant,
659 2428 822 2510 suffragio,
859 2428 1135 2509 quemadmodum
1171 2430 1204 2492 in
1239 2428 1310 2493 aliis

138 2529 255 2596 ciusdem
280 2533 480 2598 condicionis
503 2535 631 2616 populis
655 2540 769 2616 postea
799 2535 921 2599 tactum
946 2538 1005 2610 est,
1041 2534 1208 2599 sublatum
1238 2555 1309 2600 esse

138 2635 288 2704 incolamm
319 2640 494 2704 discrimen
525 2641 732 2722 praesidiique
768 2641 910 2723 impositi
946 2641 1122 2705 notionem.
1175 2642 1309 2718 Deinde,

140 2748 264 2822 quoniam
289 2767 328 2810 ex
353 2746 416 2810 hac
432 2748 563 2811 notione
581 2748 722 2829 praesidii
740 2748 889 2829 perpetui
908 2748 1024 2812 civium
1043 2768 1174 2812 omnem
1192 2749 1307 2812 harum

141 2850 307 2917 coloniarum
328 2858 481 2918 naturam
501 2856 719 2936 repetivimus
742 2856 807 2918 iam
824 2857 886 2919 hoc
904 2855 974 2919 loco
991 2855 1152 2936 ponimus,
1177 2861 1311 2938 propter·

142 2952 201 3020 lanc
221 2961 321 3041 ipsam
350 2980 484 3024 causam
509 2962 632 3026 civibus
657 2981 695 3025 eo
720 2962 867 3025 deductis
892 2961 1069 3042 antiquitus
1088 2962 1170 3026 alius
1188 2963 1311 3027 militiae

144 3066 313 3130 nemnem
340 3068 456 3141 luisse;
480 3068 521 3131 de
544 3088 610 3149 qua
632 3087 668 3131 re
691 3068 776 3132 infra
800 3068 956 3132 dicemus.

206 3170 415 3238 Communem
451 3174 615 3245 Italorum,
656 3194 721 3239 non
761 3176 928 3255 proprium
963 3176 1187 3240 Romanorum
1224 3179 1310 3240 hunc

146 3269 215 3338 luisse
235 3278 298 3341 dixi
323 3281 459 3345 victoria
489 3282 601 3345 utendi
633 3301 768 3356 morem,
804 3285 840 3344 ut
871 3281 962 3344 victis
993 3301 1069 3362 pars
1101 3282 1210 3364 aliqua
1242 3283 1310 3365 agri

146 3377 318 3457 adimeretur,
352 3387 407 3468 qui
431 3407 508 3469 ager
531 3394 589 3451 aut
611 3389 760 3469 publicus
784 3389 913 3451 victoris
945 3387 1055 3468 populi
1080 3393 1227 3453 maneret
1251 3395 1307 3453 aut
1323 3423 1363 3462 25⁶

193 3597 329 3652 indixerat
348 3596 388 3664 (in
407 3599 467 3667 ipso
486 3599 555 3652 libro
574 3600 608 3652 de
627 3599 682 3653 Civ.
702 3599 781 3652 Rom.
802 3617 827 3668 p.
847 3598 901 3661 301,
921 3606 951 3652 ut
970 3616 1019 3668 pro
1039 3599 1146 3653 indictis
1166 3600 1211 3653 illa
1226 3600 1309 3653 tuisse

194 3687 289 3740 nonsit
307 3686 418 3740 mirum.

166 3761 226 3831 1)ι111
242 3776 420 3843 quaestionem
439 3777 474 3829 de
492 3777 621 3844 suffragio
635 3778 736 3830 civium
752 3778 831 3830 Rom.
852 3777 879 3829 in
899 3777 1011 3830 coloniis
1030 3777 1122 3831 liberae
1141 3777 1310 3845 reipublicae

195 3875 240 3915 nou
255 3864 381 3932 pertinet,
401 3865 474 3933 quod
494 3866 633 3933 Augustus
653 3867 739 3918 multo
759 3872 820 3934 post
834 3866 922 3933 legem
938 3866 1044 3929 luliam,
1064 3882 1149 3935 quum
1170 3866 1227 3934 ipse
1245 3866 1309 3927 iam,

196 3954 221 4000 tlt
242 3952 369 4021 suffragia
398 3953 500 4007 nullius
527 3970 638 4022 prorsus
662 3954 796 4007 momenti
824 3960 923 4017 essent,
952 3955 1094 4019 effecisset,
1122 3955 1310 4022 libertatisque

197 4052 278 4093 sensus
295 4041 447 4095 exstinctus
467 4048 547 4105 esset,
571 4059 604 4095 ex
623 4043 736 4096 coloniis
756 4043 927 4107 militaribus,
956 4060 1024 4110 quas
1043 4044 1202 4107 deduxerat,
1231 4044 1310 4097 decu·

199 4125 290 4182 nonum
308 4134 417 4184 tantum
437 4131 471 4184 de
490 4131 693 4199 magistratibus
713 4131 813 4184 urbicis
833 4132 962 4200 suffragia
976 4132 1095 4185 Romam
1110 4132 1208 4185 deferri
1224 4132 1311 4185 voluit

200 4211 302 4275 (Sueten.
321 4220 391 4288 Aug.
411 4218 454 4283 46,
483 4220 560 4273 cuius
584 4220 635 4273 loci
659 4220 824 4289 scripturam
848 4221 1047 4274 sollicitandam
1072 4238 1127 4274 uon
1151 4238 1209 4274 esse
1228 4222 1311 4289 plane

201 4306 314 4361 mentior
333 4308 469 4377 Savignio,
489 4309 584 4363 Gesch.
604 4309 630 4361 d.
646 4309 725 4361 Rom.
740 4309 842 4362 Rechts
862 4309 898 4362 im
916 4309 1074 4362 Mittelalt.l
1094 4327 1119 4378 p.
1134 4307 1188 4373 22).
1217 4309 1310 4377 Neque

202 4391 378 4465 coloniaeque
398 4398 558 4451 decuriones
577 4398 624 4451 illa
643 4404 723 4450 aetate
741 4397 860 4450 Romam
879 4399 1052 4451 comitiorum
1076 4415 1159 4451 causa
1182 4398 1311 4451 ventitas-

204 4487 258 4544 Βθῦῖ,
278 4500 392 4552 quornm
411 4488 506 4555 paucis
525 4487 604 4540 aunis
622 4493 683 4555 post
704 4487 802 4540 umbra
820 4487 929 4540 sublata
948 4493 997 4539 est.
1035 4487 1088 4540 Sed
1107 4494 1249 4556 supererat
1268 4487 1311 4539 ius

205 4565 326 4626 honomm.
