2948 5206
587 306 602 408 j.
672 311 737 376 349

117 505 196 571 rultu
218 504 383 571 confidere
406 506 504 583 dicat,
527 507 589 570 nisi
614 506 696 571 torte
719 509 757 570 ut
779 510 901 572 terreat
924 507 1060 589 aliquos,
1092 529 1131 573 ac
1153 530 1220 574 non
1243 531 1303 592 po·

122 613 183 689 tius,
214 612 295 677 alios
319 631 361 685 eo¹
382 612 510 695 decipi?
544 612 696 677 Efficiunt
723 612 841 678 deinde
864 614 916 679 hae
939 616 1143 691 coniectura,
1178 620 1215 681 ut
1238 617 1301 681 iam

127 737 194 783 nnnc
224 719 337 785 Cicero
371 718 523 784 Pisonem
559 722 672 801 aperte
706 719 840 784 irrideat
873 722 1171 804 contumelioseque
1205 723 1302 799 dicat,

131 824 189 888 nihil
208 827 328 906 praeter
350 826 477 890 vultum
492 825 648 891 habuisse
663 826 770 907 gravis
786 826 943 903 hominis;
967 827 1055 909 quod
1071 831 1184 892 contra
1204 829 1303 894 totius

134 928 176 995 loci
194 932 385 997 sententiam
408 936 469 997 est.
515 933 672 1014 Ptoponit
695 932 792 1013 enim,
821 936 945 1014 quanta
968 933 1065 998 luerit
1088 933 1303 1017 debueritque

136 1056 186 1101 ease
203 1038 369 1103 hominum
393 1038 434 1102 de
457 1038 511 1104 illo
535 1039 655 1120 opinio.
700 1038 829 1116 Postea,
860 1059 959 1121 quarn
987 1041 1014 1104 is
1038 1041 1186 1106 homines
1210 1041 1304 1106 fefel-

138 1142 195 1219 lm't,
223 1144 309 1209 dicit.
356 1144 495 1209 Orellius
519 1148 640 1221 autem,
676 1144 732 1227 qui
755 1144 930 1211 Gabinium
953 1147 1072 1210 iterum
1094 1150 1229 1229 propter
1252 1167 1304 1224 ea,

139 1267 189 1328 que
206 1255 393 1332 sequuntur,
417 1247 603 1333 inculcat1),
633 1271 740 1334 neque
763 1252 900 1334 vestigia
922 1252 1092 1335 scripturae
1115 1253 1303 1335 incorrupta

140 1373 222 1420 urere
254 1376 361 1439 neque
395 1360 592 1423 sententiam
621 1378 728 1439 neque
758 1378 942 1423 sermonem
973 1359 1125 1423 Latinum
1149 1359 1305 1425 hocloco

140 1460 243 1526 ridetur.
288 1462 377 1542 Quid
398 1470 449 1530 est
472 1465 559 1530 enim
582 1467 750 1548 supercilio
773 1472 925 1551 tanquam
947 1473 1022 1528 noto
1044 1466 1155 1529 inuri?
1185 1464 1305 1547 Turpi·

140 1566 228 1633 tudinis
249 1573 327 1634 nota
351 1571 435 1636 inuri
458 1571 574 1653 aliquis
598 1572 715 1636 dicitur
738 1572 908 1654 omnisque
932 1572 1062 1636 loeditas
1086 1576 1119 1636 et
1135 1572 1304 1654 turpitudo

140 1672 181 1738 isto
197 1676 321 1741 nomine
346 1677 539 1759 appellatur,
575 1678 634 1742 sed
667 1679 749 1743 alius
780 1678 921 1743 hominis
951 1678 1160 1773 supercilium
1190 1682 1304 1743 notam

140 1778 182 1844 dci
198 1783 428 1865 supercilioque
450 1783 592 1864 aliquem
616 1786 710 1859 inuri,
743 1788 889 1849 monstra
917 1789 994 1849 sunt
1022 1785 1192 1849 sermonis.
1239 1784 1304 1848 Sed

140 1904 222 1953 onnes
248 1889 280 1954 in
311 1910 350 1955 eo
378 1910 399 1954 a
427 1889 573 1953 veritatis
607 1891 750 1972 vestigiis
784 1890 950 1967 aberrant,
985 1891 1073 1973 quod
1107 1891 1305 1956 vocabulum

140 1996 257 2079 taquam
278 1997 312 2061 in
335 1995 488 2061 omnihus
518 1996 682 2061 codicibus
712 2002 800 2062 certo
828 1998 899 2061 loco
926 1996 1079 2077 positum,
1115 2017 1180 2079 quo
1207 2016 1305 2064 nemo

140 2096 208 2164 ider
227 2103 289 2167 alia
312 2102 391 2167 sede
414 2103 632 2167 translaturus
655 2103 688 2167 in
711 2102 1043 2168 incommodissimam
1067 2107 1146 2179 erat,
1172 2104 1306 2169 licenter

141 2205 333 2290 muponunr.
385 2208 482 2287 Quod
510 2209 706 2274 vocabulum
740 2229 842 2291 quum
878 2209 920 2273 ad
955 2209 1114 2273 videretur
1142 2210 1306 2291 pertinere

141 2326 185 2375 non
209 2314 317 2396 possit,
354 2320 505 2397 apertum
540 2319 600 2391 est,
637 2316 735 2380 etiarn
771 2335 810 2380 ex
845 2317 954 2397 positu
988 2315 1163 2381 verborum
1199 2319 1231 2380 et
1266 2335 1306 2380 ex

141 2412 256 2501 imagine,
291 2442 365 2504 quae
389 2426 440 2487 est
463 2423 496 2486 in
519 2423 620 2486 verbo
645 2423 713 2497 triti,
749 2426 823 2503 post
851 2429 1003 2507 tauquam
1027 2421 1184 2486 excidisse
1209 2442 1304 2486 voca·

143 2517 222 2590 tum
244 2529 522 2610 comparationem
548 2529 726 2592 continens
773 2529 809 2591 ld
841 2529 935 2609 quale
967 2529 1064 2592 tuerit
1094 2532 1127 2592 et
1158 2549 1198 2592 ex
1227 2528 1307 2592 duc-

143 2626 204 2695 luun
218 2634 436 2708 similitudine,
460 2637 594 2716 propter
610 2655 708 2715 quarn
726 2636 854 2710 excidit,
880 2639 912 2698 ct
927 2635 1088 2698 sententia
1104 2638 1307 2699 monstrante

143 2740 241 2816 repenti
262 2761 322 2823 per
344 2761 381 2805 se
405 2741 583 2805 certissime
607 2746 731 2823 potest;
757 2743 815 2805 luit
839 2742 940 2805 enim:
965 2743 1025 2804 uiti
1042 2748 1194 2824 tanquam
1210 2742 1307 2804 vorle
1321 2760 1359 2798 m

143 2842 275 2911 nduaur.
322 2847 407 2911 Sed'
424 2849 578 2928 quoniam
613 2850 646 2911 in
681 2848 866 2911 huiusmodi
901 2848 1001 2911 rebus
1033 2847 1162 2912 difficile
1192 2848 1307 2911 estad

143 2944 242 3018 fimiter
263 2953 465 3019 credendum
489 2955 637 3019 homines
662 2954 833 3029 adducere,
859 2954 975 3018 accidit
994 2954 1235 3035 percommode,
1261 2936 1332 3029 uts

143 3055 183 3120 nisi
199 3062 330 3125 multum
356 3060 460 3137 fallar,
485 3061 670 3125 testimonio
694 3060 896 3142 grammatici
923 3061 1038 3123 veteris
1063 3060 1094 3122 in
1118 3060 1181 3123 hac
1205 3061 1306 3140 scrip·

144 3159 192 3227 lua
210 3169 252 3231 uti
274 3168 449 3250 possimus.
485 3169 569 3231 Nam
592 3167 740 3231 Valerius
764 3167 896 3230 Probus
914 3165 1016 3247 (apud
1036 3166 1224 3230 Putschiunr
1248 3166 1306 3229 col.

145 3266 212 3352 lli-i)
241 3275 288 3338 bis
322 3295 368 3339 ex·
395 3275 550 3339 Cicerone
582 3275 673 3338 citat:
709 3275 762 3336 orel
775 3295 797 3336 a
827 3281 979 3357 tunquam
1011 3273 1100 3341 rade.
1137 3273 1225 3353 quod
1257 3272 1309 3335 vir

145 3368 250 3444 dubitari
278 3385 387 3464 potest
417 3382 495 3462 quin
524 3382 599 3445 hinc
622 3381 797 3461 sumpserit
827 3380 1017 3459 vultumque
1045 3400 1105 3460 pro
1137 3379 1308 3459 supercilio
1440 3440 1443 3445 4

146 3472 185 3544 lut
200 3488 361 3552 memoriae
393 3507 502 3552 errore
533 3487 689 3569 posuerit.
737 3487 901 3549 Tenemus
933 3486 1028 3567 igitur
1062 3485 1200 3548 lornrarn
1235 3505 1308 3547 ora-

147 3582 223 3656 icon:
254 3601 288 3681 ut
318 3596 374 3658 illo
405 3597 571 3678 supercilio
597 3644 603 3656 .
631 3643 637 3657 .
664 3643 670 3656 .
698 3643 704 3655 .
731 3643 737 3656 .
768 3594 821 3655 ille
849 3594 909 3655 uiti
939 3600 1091 3675 tarrqnum·
1122 3590 1202 3653 uude
1226 3590 1308 3653 oisle-

147 3700 212 3774 taur,
243 3701 417 3783 imaginem
446 3702 660 3782 aptissimam,
696 3701 891 3763 sententiam
915 3701 1083 3781 superiora
1107 3696 1239 3780 (piquus
1261 3698 1310 3759 rei

143 3799 254 3886 utto)
276 3807 442 3890 eleganter
465 3808 646 3871 variantem
671 3810 703 3870 ct
726 3807 979 3887 amplificantem
1009 3810 1041 3868 et
1070 3804 1161 3885 quasi
1192 3803 1309 3867 contir-

144 3915 266 3989 nutem,
289 3918 326 3978 ut
348 3914 528 3995 saepissime
552 3914 641 3995 apud
665 3913 853 3977 Ciceronem
878 3913 923 3976 fit.
959 3912 1024 3976 Sed
1049 3912 1126 3993 quid
1145 3911 1199 3974 illo
1218 3910 1310 3973 vultu

143 4011 268 4099 linquam
291 4020 375 4085 rade
399 4022 511 4084 nixum
537 4020 642 4096 luerit,
673 4019 901 4082 inveniendum
932 4023 991 4083 est.
1038 4019 1074 4081 ld
1097 4020 1163 4081 iarn
1187 4016 1310 4098 aliquid

138 4114 296 4191 huiusmodi
319 4148 390 4191 esse
414 4127 522 4203 debet,
553 4126 594 4189 de
619 4146 683 4207 quo
707 4127 813 4190 timeri
837 4126 987 4207 potuerit,
1021 4124 1138 4188 deinde
1162 4124 1309 4205 (propter

136 4226 185 4309 tlte)
205 4252 302 4298 unum
325 4234 458 4315 aliquod
482 4236 513 4297 et
538 4233 719 4307 defrutum,
744 4251 819 4307 non,
845 4236 880 4296 ut
904 4253 955 4296 res
980 4231 1121 4313 publica,
1146 4230 1307 4311 generale,

148 4474 166 4545 ¹]
181 4478 240 4534 tion
259 4486 343 4541 recte;
363 4499 426 4536 narn
447 4482 567 4550 primunr
586 4481 620 4533 de
639 4479 737 4532 Pisone
756 4479 822 4542 solo,
842 4484 873 4531 ut
891 4479 924 4531 de
943 4477 1057 4531 Gabinio
1070 4493 1161 4545 supra,
1181 4476 1309 4545 loquitur,

183 4570 281 4624 deinde
299 4570 444 4625 hominurn
463 4588 509 4624 eos
528 4569 748 4638 comparantium
768 4584 923 4620 sermonem
943 4571 1148 4619 commemorat.
1224 4630 1227 4636 ¹
