2948 5206
685 279 746 343 121

87 478 90 565 ξ
162 476 344 544 edicendum
368 479 456 552 erat3
489 479 559 540 tum
587 473 707 539 usitate
731 473 859 538 duobus
882 474 1039 540 membris
1062 479 1315 545 enumerationis

159 587 208 651 sine
225 583 439 650 coniunctione
455 582 569 665 positis
588 600 647 664 per
664 602 722 667 que
738 581 932 663 particulam
950 579 1101 648 ultimum
1119 584 1314 670 adiungitur,

157 693 256 758 terium
283 695 316 757 et
346 693 502 773 qrrartum
532 708 597 753 non
628 687 717 752 item.
769 688 866 753 Patet
898 690 997 754 totius
1028 690 1089 755 loci
1118 694 1314 759 sententiam

87 774 90 815 '
154 799 192 864 illa
200 798 397 864 annotatione
409 795 551 861 breviter
562 813 623 859 nec
635 794 878 860 accuratissime
891 797 1131 878 comprehendi,
1147 799 1314 884 pinguius·

152 925 197 988 que
220 902 366 986 explicari
397 902 515 967 altera·
533 904 627 983 parte
658 900 751 966 illud:
786 900 858 984 fore
879 901 1053 986 putebant,
1082 911 1117 968 ut
1147 939 1188 948 -
1217 905 1316 989 focile

146 1010 228 1095 &aar
248 1012 367 1075 otim
388 1009 550 1074 resideret.
558 1003 585 1091 ¹)

87 1138 89 1145 ·
212 1118 368 1183 Revertor
392 1115 621 1182 adorationes
645 1113 860 1180 Catilinarias.
892 1114 934 1178 .1n
957 1134 1070 1180 earum
1094 1119 1315 1199 quarta‘duas

144 1225 333 1304 mniecturas,
362 1223 452 1306 quod
474 1222 596 1305 aliquid
619 1220 663 1286 ad
686 1220 882 1285 evidentiam
906 1220 1020 1287 deesse
1042 1221 1225 1302 videbatur,
1255 1225 1315 1290 etsl

140 1331 286 1414 vulgatam
307 1331 504 1413 scripturam
527 1329 644 1394 falsam
661 1346 732 1393 esse
749 1328 875 1391 certum
892 1331 973 1406 erat,
997 1327 1030 1392 in
1047 1330 1193 1412 margine
1209 1322 1314 1413 posui.

137 1437 215 1503 Prior
234 1437 323 1503 metm
346 1440 398 1501 est
421 1456 449 1500 c.
474 1437 505 1514 6,
530 1436 587 1499 11:
619 1432 826 1515 Quamobrem
853 1435 917 1498 aioe
939 1434 995 1498 boo
1017 1437 1201 1518 notuerim,
1224 1437 1315 1501 dede·

136 1545 197 1609 nto
215 1543 293 1608 otti
315 1544 456 1607 amabam
480 1541 524 1605 ud
545 1544 716 1606 contiones
733 1541 851 1624 popolo
879 1562 990 1605 eorum
1018 1549 1110 1628 etque
1132 1543 1315 1625 iuctmdom,
1357 1564 1361 1571 ·

134 1652 189 1715 aire
208 1649 312 1714 Sileni
332 1650 519 1714 moabiam
549 1649 637 1734 sequi
663 1648 850 1729 mduetitis,
883 1647 983 1731 focile
1011 1669 1060 1714 me
1091 1656 1183 1735 oeque
1211 1671 1264 1714 oos
1295 1671 1316 1715 a

134 1758 317 1823 crudelitatis
338 1757 567 1839 vituperatione
594 1753 788 1837 defoedet&
822 1762 914 1840 etque
940 1754 1087 1838 obtinebo,
1122 1776 1192 1820 eom
1219 1757 1316 1821 meto

132 1865 268 1929 tuom
293 1863 406 1947 fuisse.
457 1863 530 1927 Non
558 1862 664 1926 solum
693 1862 786 1940 dura,
820 1862 880 1926 sed
913 1881 1069 1944 perversa
1103 1867 1153 1927 est
1186 1863 1220 1927 in
1252 1863 1368 1927 hac1⁵⁰

132 1972 281 2052 scriptura
314 1969 454 2035 mutatio
488 1988 637 2052 persona
665 1969 757 2033 verbi
785 1968 960 2050 defendetis
983 1976 1075 2053 otpw
1096 1968 1243 2047 obtinebo,
1278 1973 1316 2033 ut

131 2077 180 2141 alii
200 2076 373 2141 defendere
390 2095 465 2140 earn
483 2075 689 2152 sententiam,
714 2074 806 2152 alius,
830 2074 936 2156 qualis
953 2074 994 2140 sit
1011 2075 1175 2153 habenda,
1199 2077 1315 2141 docere

132 2183 263 2259 dicatur;
286 2181 404 2248 deinde
428 2182 561 2246 omnino
583 2201 649 2247 non
671 2186 801 2264 poterat
822 2181 922 2245 tribui
939 2182 1145 2247 senatoribus
1162 2182 1228 2247 ulla
1245 2183 1315 2246 eius

131 2289 290 2355 sententiae
314 2287 471 2365 defensio,
507 2306 589 2370 quas
617 2287 758 2353 consulis
788 2307 860 2353 esse
888 2292 998 2371 partes
1026 2293 1060 2353 et
1087 2288 1177 2353 initio
1201 2289 1315 2370 capitis

132 2395 295 2479 superioris
319 2398 353 2460 et
375 2394 453 2460 alibi
476 2393 667 2476 significavit
690 2395 779 2458 etin
801 2394 864 2459 hac
893 2395 964 2476 ipsa
991 2395 1125 2477 periodo
1153 2393 1214 2458 illis
1242 2414 1315 2458 ver·

132 2501 191 2567 bis:
223 2501 373 2565 dederitis
400 2500 481 2563 mibi
508 2500 647 2563 cornitem
676 2500 721 2563 od
748 2503 918 2565 contonam
940 2503 1057 2585 pepetbo
1085 2522 1196 2564 corum
1225 2507 1316 2585 atque

136 2608 303 2672 iucundum.
349 2606 511 2688 Quicquid
535 2607 621 2670 enirn
645 2606 811 2671 decretum
836 2615 922 2672 esset
946 2627 966 2672 a
989 2611 1115 2683 senatu,
1141 2606 1315 2670 defendere

136 2720 164 2778 et
182 2715 296 2797 populo
318 2714 460 2797 probare
486 2712 626 2777 consulis
651 2718 736 2789 erat3
771 2717 904 2777 senatus
934 2716 991 2777 aut
1020 2713 1147 2777 facilem
1171 2713 1213 2777 ob
1238 2733 1315 2776 auc·

135 2825 226 2885 torem
248 2820 439 2903 popularem
463 2838 597 2882 causam
621 2819 861 2883 defendendam
886 2820 964 2883 dare
983 2823 1112 2901 poterat
1130 2826 1187 2881 aut
1210 2820 1316 2882 minus

138 2931 259 3008 palam.
291 2927 414 2991 Verum
437 2924 539 3000 verbi,
563 2924 651 3006 quod
674 2929 725 2989 cst
747 2925 931 3006 deferebatis,
956 2945 1130 3007 personam
1153 2945 1254 3006 prave
1274 2925 1317 2988 ad

138 3034 309 3114 pmcedens
339 3032 493 3096 dederitis
525 3036 659 3113 propter
693 3033 861 3114 utriusque
895 3034 1064 3096 sententiae
1100 3031 1316 3096 similitudinis

140 3140 266 3220 speeiem
287 3137 571 3204 accommodatam
595 3157 676 3213 esse,
712 3145 745 3202 et
768 3140 861 3221 longe
886 3139 980 3203 aliter
1003 3139 1191 3203 Ciceronem
1215 3137 1317 3218 scrip·

142 3246 218 3322 sisse,
251 3246 375 3312 codices
407 3244 598 3319 ostendunt3
633 3263 709 3308 nam
740 3247 774 3308 in
804 3244 984 3308 Erfurtensi
1016 3248 1048 3308 et
1079 3243 1317 3308 Oxoniensibus

144 3357 278 3433 quattuor
311 3357 388 3417 ante
425 3351 651 3434 vituperatione
686 3350 816 3415 additur
844 3352 881 3416 P.
910 3351 951 3415 B.
986 3350 1032 3432 (in
1067 3351 1178 3432 quinto
1213 3349 1316 3413 Oxon.

143 3458 309 3541 molid),
333 3457 561 3524 inColoniensi
578 3461 698 3533 autem,
723 3457 850 3522 duobus
870 3457 1035 3534 Palatinis
1061 3456 1177 3521 Graevii
1191 3457 1318 3520 duobus

148 3563 225 3628 codd.
245 3565 486 3647 Barben'noque
518 3568 592 3647 post
613 3565 840 3647 vituperet-ioue
872 3564 996 3627 eaedem
1027 3564 1142 3627 litterae
1176 3561 1221 3643 (in
1253 3582 1318 3625 uno

150 3667 199 3732 Or.
214 3673 357 3754 poputum
380 3671 445 3753 a).
493 3672 578 3735 Tum
602 3690 661 3751 pro
685 3670 860 3751 deferebatis
889 3672 922 3733 in
946 3670 1055 3734 codice
1080 3670 1261 3735 Coloniensi
1286 3672 1318 3733 et

153 3772 297 3842 omnmo
319 3778 463 3843 secundo
487 3781 537 3841 est
561 3777 728 3852 exsolvetis,
757 3778 790 3840 in
813 3777 992 3842 Barberino
1016 3778 1196 3850 exsolvistis,
1232 3775 1339 3856 quod.

155 3882 267 3946 verbum
287 3885 374 3949 nullo
398 3884 496 3949 modo
521 3903 559 3947 ex
583 3884 636 3947 illo
664 3884 739 3948 oriri
771 3888 828 3947 ant
858 3905 917 3965 pro
949 3884 1002 3948 illo
1034 3883 1172 3965 supponi
1203 3881 1317 3963 potuit,

186 4169 203 4229 ¹3¹
218 4177 289 4236 Huius
305 4184 412 4252 originis
431 4190 472 4239 est
490 4185 537 4238 illa
559 4184 588 4237 in
607 4183 729 4237 oratione
752 4200 801 4252 pro
820 4183 908 4236 Sestio
933 4199 955 4235 c.
975 4182 1017 4245 50,
1042 4181 1091 4232 10?
1115 4179 1320 4247 languidissima

221 4273 348 4326 nutantia:
374 4275 466 4327 Huius
485 4277 572 4327 oratio
590 4282 614 4326 et
628 4277 773 4341 peroraris
792 4281 815 4325 et
833 4280 916 4338 prete
934 4274 1051 4324 conticui
1070 4273 1133 4336 fuit,
1158 4286 1213 4337 qua
1237 4270 1319 4337 expli·

223 4361 285 4412 atu
300 4361 370 4425 illud,
394 4363 468 4430 quod
487 4362 580 4416 Cicero
598 4362 715 4414 oratorie
734 4361 857 4414 elocutus
876 4366 942 4423 erat,
967 4358 1114 4413 narrationi
1134 4360 1168 4412 de
1187 4359 1318 4426 producto

224 4442 401 4505 incentionem
424 4451 554 4518 Pompeio
578 4451 672 4504 statim
695 4466 806 4518 gravem
830 4449 1061 4503 asseverationem
1085 4446 1244 4500 subiiciens:
1275 4446 1319 4498 Sic

226 4541 327 4593 mode
344 4544 394 4593 cet.
