2948 5206
666 296 731 362 219

147 480 321 554 moloniae
334 487 589 570 appellationem
601 493 802 579 rennuerint,
826 492 983 575 originem
1002 494 1113 576 oppidi
1131 500 1298 574 notantes;

143 597 221 674 postea
240 596 345 658 minus
368 596 440 660 baec
464 596 507 661 ad
529 601 641 662 vetera
663 601 813 680 tempora
836 599 1018 681 spectantia
1040 601 1209 667 nominum
1232 603 1299 668 dis·

141 700 237 766 cimina
259 701 466 767 tenebantur.
476 698 503 785 ¹)

196 809 312 874 Latina
335 809 448 891 populi
470 810 613 876 Romani
637 811 771 876 coloniae
798 811 868 894 lege
897 813 965 877 lata
988 832 1008 877 a
1031 815 1207 879 triumviris
1230 816 1298 882 Ro·
1313 835 1353 876 aro

136 915 216 993 muts,
249 913 369 996 quibus
398 901 572 997 imperium
601 918 743 983 dabatur
772 917 854 1000 (Lir.
877 920 1019 998 XXXIV,
1055 917 1122 1002 53),
1158 921 1299 987 deduce-

134 1021 220 1087 butur
241 1026 275 1086 et
297 1022 591 1089 constituebantur.
599 1018 627 1107 2)
672 1025 738 1090 Sed
760 1027 794 1090 in
816 1025 854 1090 iis
878 1028 920 1090 ab
944 1026 1035 1091 initio
1058 1027 1092 1091 id
1115 1032 1299 1110 spectatum

133 1129 235 1207 ridetur,
270 1133 308 1194 ut
336 1147 404 1194 non
431 1130 584 1211 proesidia
607 1135 736 1196 tantum
759 1132 912 1214 imposita
935 1133 1063 1215 oppidis
1087 1139 1205 1212 essent,
1241 1135 1300 1200 sed

132 1255 196 1301 nora
215 1234 375 1314 civitates,
411 1256 485 1318 quae
516 1237 669 1302 florentes
702 1242 735 1302 et
765 1258 941 1303 numerosa
969 1239 1084 1304 subole
1108 1245 1213 1305 auctae
1237 1242 1299 1306 im·

131 1342 224 1425 perium
246 1341 389 1424 pecunia
413 1346 446 1407 et
468 1343 624 1408 militibus
648 1344 761 1409 iuvare
782 1349 927 1427 possent.
968 1346 1076 1410 Livius
1101 1345 1240 1428 (XXVII,
1265 1346 1300 1431 9)

131 1449 208 1532 drpis
230 1448 392 1532 augendae
416 1469 516 1514 causa
539 1451 658 1516 missas
682 1451 769 1516 dicit.
815 1452 929 1534 Itaque
951 1472 1027 1530 non,
1060 1455 1153 1518 utin
1176 1455 1299 1520 Roma·

133 1575 171 1620 ms
187 1556 365 1638 plerasque,
398 1555 532 1638 exiguus
557 1557 744 1622 colonorum
767 1577 933 1636 numerus,
963 1559 1022 1623 sed
1045 1579 1166 1642 magna
1188 1561 1299 1625 multi·

134 1663 186 1728 tudo
204 1663 286 1727 mitti
309 1662 448 1727 solebat.
484 1663 579 1729 Cales
603 1663 799 1729 1133611υο
822 1665 923 1729 millia
947 1669 980 1729 et
1002 1667 1169 1748 quingenti
1194 1667 1299 1732 coloni
1312 1684 1350 1724 2⁷1

135 1768 230 1834 deducti
255 1776 333 1834 sunt
362 1767 444 1850 (Liv.
467 1770 547 1848 VIII,
578 1767 643 1851 16),
679 1770 848 1834 Luceriam
878 1792 908 1836 a.
933 1773 998 1836 314
1026 1773 1114 1837 idem
1144 1793 1300 1839 numerus

137 1874 172 1956 (it
188 1876 235 1953 IX,
264 1872 338 1957 26);
375 1879 488 1940 contra
511 1876 626 1941 Anxur
649 1897 680 1942 a.
700 1877 765 1941 329
795 1879 932 1943 trecenti
963 1878 1048 1943 cives
1077 1879 1110 1943 in
1139 1879 1300 1945 coloniam
1358 1922 1364 1936 ·

137 1983 298 2048 maritimam
321 1982 429 2059 missi;
452 1982 673 2048 lnleraumam
697 1988 730 2049 et
747 1984 901 2050 Casinum
919 1984 991 2066 (sed
1008 1984 1162 2050 Casinum
1181 1986 1299 2051 civium

158 2244 173 2314 1)
185 2251 263 2305 (locro
289 2249 408 2318 Philipp.
427 2249 500 2313 XIII,
524 2246 549 2313 8,
578 2246 612 2301 18
639 2250 823 2303 loutt'saimum
849 2252 986 2318 oppidum,
1016 2268 1088 2303 nunc
1114 2255 1299 2320 municipium,

187 2341 421 2394 beatissimorum
448 2340 584 2407 quondam
612 2340 774 2402 colonorum,
802 2337 931 2391 Suessam
956 2339 1085 2407 appellat,
1113 2355 1175 2408 quse
1202 2341 1300 2396 Latina

188 2427 273 2494 baran
301 2429 380 2482 Cales
399 2427 492 2482 Cicero
511 2427 691 2496 municipium
710 2426 834 2479 nominat
853 2427 887 2480 de
906 2427 956 2495 leg.
975 2444 1031 2496 agr.
1050 2427 1083 2491 ΙΙ,
1108 2427 1155 2488 31;
1183 2430 1301 2484 Thurios

189 2517 261 2572 Casan
277 2517 320 2583 (B.
340 2517 369 2570 C.
388 2517 435 2582 ΙΙΙ,
453 2513 508 2582 22),
532 2532 593 2584 quie
616 2515 715 2568 Latina
732 2515 823 2568 fuerat
841 2516 955 2580 colonia,
979 2533 1003 2570 a.
1024 2515 1075 2568 194
1095 2516 1213 2572 deducta
1231 2518 1299 2586 (niv.

190 2605 289 2672 XXXIV,
308 2604 367 2672 53);
396 2606 492 2659 Festus
516 2605 635 2672 denique
654 2605 725 2657 inter
744 2605 870 2672 exempla
888 2605 1101 2674 municipiorum
1120 2608 1239 2675 vulgaris
1258 2627 1300 2678 pe

192 2697 247 2749 neris
257 2694 334 2766 ponit
346 2695 508 2757 Bononiam,
528 2693 704 2755 Placentiam,
724 2692 834 2760 Nepete,
854 2692 985 2758 Sutrium,
1005 2710 1066 2762 quae
1079 2712 1175 2749 omnes
1188 2698 1301 2753 coloniae

193 2781 275 2838 labne
293 2785 412 2838 fuerant
450 2782 638 2837 Brundusium
657 2781 750 2835 Cicero
769 2797 818 2849 pro
837 2781 906 2835 Sest.
927 2782 961 2834 63
985 2783 1120 2836 coloniam
1144 2785 1300 2853 appellarit,

193 2874 247 2939 quod
264 2874 345 2938 diem,
367 2873 414 2942 qui
433 2873 491 2927 eius
510 2871 609 2925 natalis
628 2876 696 2934 erat,
715 2871 957 2934 commemorabat,
976 2876 1004 2924 et
1022 2872 1052 2924 N.
1072 2872 1104 2925 D.
1123 2873 1168 2938 ΙΙΙ,
1195 2874 1228 2926 19
1248 2875 1301 2930 Cir·

194 2960 247 3016 ceios
263 2962 361 3030 (coloni
378 2965 467 3017 nostri
488 2957 668 3026 directaneus).
706 2959 807 3012 Contra
831 2958 877 3012 ubi
903 2959 1003 3013 civium
1028 2961 1164 3015 coloniam
1188 2965 1301 3019 munici-

194 3048 250 3114 pium
267 3052 420 3122 appellarit,
439 3067 494 3104 non
513 3050 632 3119 reperim
653 3066 718 3102 narn
735 3065 784 3117 pro
797 3047 888 3101 Planc.
902 3048 927 3112 9,
945 3049 1040 3117 positis
1059 3065 1123 3104 cum
1142 3058 1302 3122 contemptu

195 3136 256 3193 trium
274 3141 468 3210 oppidulorum
489 3139 646 3193 nominibus
665 3137 848 3205 (Luvicorum,
874 3137 1031 3197 (labiorum,
1055 3139 1243 3208 Bovillarum),
1267 3160 1301 3198 ex

195 3226 272 3292 qulbus
299 3229 354 3283 duo
383 3228 533 3297 municipia
560 3234 647 3292 erant,
675 3243 765 3295 operae
792 3226 912 3294 pretium
936 3244 991 3280 non
1016 3229 1123 3296 putavit
1145 3247 1245 3297 genera
1264 3233 1301 3286 di·

194 3315 316 3385 stinguere,
336 3319 466 3386 idemque
485 3317 549 3371 lecit
568 3317 683 3370 fortasse
701 3316 784 3384 paulo
798 3320 869 3379 ante,
893 3317 1024 3369 Casinum
1037 3317 1108 3370 inter
1120 3318 1199 3386 plura
1212 3321 1302 3374 muni·

195 3402 246 3472 &pla
261 3424 374 3476 ponens.
412 3408 508 3475 Itaque
526 3406 570 3459 vel
589 3422 623 3459 ex
642 3404 782 3473 municipii
803 3404 915 3457 nomine
938 3405 1012 3473 apud
1035 3404 1088 3459 Cic.
1108 3406 1183 3461 Verr.
1203 3408 1233 3473 V,
1259 3408 1301 3475 16,

194 3488 285 3551 ltuto
303 3496 484 3560 concluditur,
513 3494 649 3547 Vibonem
667 3494 794 3547 Latinam
819 3491 902 3545 fuisse
921 3493 1065 3557 coloniam,
1094 3496 1144 3549 etsi
1163 3496 1256 3550 Livius
1275 3498 1302 3551 id

195 3594 235 3636 non
250 3585 311 3639 dicit
329 3584 448 3650 (XXXV,
466 3581 520 3650 40).
558 3583 612 3636 Sed
630 3583 773 3646 Asconius
793 3587 820 3635 et
839 3581 935 3635 doctus
954 3586 981 3635 et
1000 3589 1144 3638 accuratus
1163 3585 1253 3651 homo,
1273 3586 1302 3640 in

195 3665 252 3725 inibo
273 3673 465 3728 commentarii
488 3673 522 3726 ad
543 3671 595 3726 Cic.
621 3677 689 3725 orat.
715 3671 743 3724 in
768 3670 857 3723 Pison.
883 3671 962 3724 valde
986 3671 1109 3737 miratur,
1139 3690 1187 3727 cur
1209 3675 1302 3729 Cicero

77 3824 79 3830 ,
195 3753 339 3816 Placentiam
359 3761 540 3831 municipium
559 3760 687 3829 appellet,
706 3776 794 3828 quum
813 3765 885 3813 esset
898 3759 1018 3818 colonia;
1039 3760 1129 3815 iuerat
1144 3768 1236 3816 autern
1251 3764 1302 3817 La·

196 3845 243 3903 tina
275 3853 360 3906 Recte
388 3850 470 3919 igitur
498 3851 608 3903 Asconii
637 3867 756 3903 errorem
783 3854 880 3903 notant
904 3848 1067 3902 Garatonius
1093 3855 1121 3903 et
1139 3850 1302 3906 Niebuhrius

195 3931 255 3996 (illst
274 3941 352 3994 Rom.
372 3940 397 3992 ΙΙ
416 3957 442 4008 p.
461 3936 498 4005 2),
517 3955 600 4007 quem
620 3944 714 3992 tamen
734 3939 761 3991 in
780 3938 887 4006 reliqua
905 3955 934 3992 re
954 3937 1026 3991 male
1045 3938 1194 3993 Asconium
1213 3957 1302 4009 repre·

196 4020 292 4082 bendere
311 4027 384 4083 infra
402 4026 515 4096 patebit.
552 4027 601 4080 Vel
619 4028 680 4091 hoc,
710 4026 732 4079 si
756 4044 825 4094 opus
850 4033 930 4092 esset,
959 4027 1030 4081 inter
1053 4033 1215 4096 argumenta
1238 4029 1303 4097 poni

196 4121 274 4178 lomet,
291 4116 364 4171 cives
383 4116 553 4170 coloniarum
572 4116 734 4184 suffragium
752 4116 895 4179 habuisse;
915 4117 1036 4186 alioquin
1055 4116 1128 4171 enim
1148 4117 1231 4170 etiarn
1250 4117 1304 4172 illae

197 4195 240 4267 lege
255 4204 319 4258 lulia
338 4211 413 4260 statu
432 4210 538 4259 mutato
557 4205 706 4274 municipia
727 4205 799 4259 lacta
818 4211 919 4259 assent.
956 4205 1090 4275 [Apparet
1113 4223 1211 4275 parum
1231 4211 1303 4260 recte

78 4304 82 4313 ’
198 4285 372 4354 spanhemium
396 4295 461 4349 Orb.
485 4295 596 4348 Roml
620 4311 643 4347 c.
662 4294 679 4345 2
703 4300 730 4348 et
755 4294 891 4347 Norisium
916 4294 950 4346 ad
974 4294 1122 4362 Cenotaph.
1142 4295 1195 4349 Pis.
1215 4296 1225 4349 l
1245 4294 1301 4349 c.1

199 4389 219 4441 tt.
232 4378 260 4433 15
275 4383 306 4438 de
324 4385 377 4439 bac
395 4400 426 4438 re
445 4383 606 4451 disputasse,
626 4400 695 4452 quos
714 4383 796 4436 Drak.
816 4384 851 4436 ad
871 4383 928 4436 Liv.
949 4383 1019 4443 VIII,
1038 4382 1071 4434 14
1091 4381 1176 4450 citat]

78 4496 83 4509 ·
171 4451 304 4539 lbempu
320 4473 395 4542 apud
414 4472 524 4526 Livium
542 4478 608 4526 sunt
627 4472 755 4526 omnibus
774 4471 807 4525 iis
826 4472 900 4536 locis,
928 4471 1028 4540 quibus
1053 4471 1209 4525 huiusmodi
1234 4473 1302 4526 colo·

201 4550 284 4611 uiarum
301 4560 478 4616 deductiones
496 4566 597 4615 narrat.
