2948 5206
696 125 761 190 323

163 326 338 401 delaturae,
373 323 527 387 alteram:
563 323 598 385 in
627 320 684 385 hoc
711 341 824 405 ponere
852 319 975 385 labores
996 322 1199 387 consumendi
1221 320 1328 405 (coafi-

163 428 246 512 cieadol
277 450 391 507 manca,
426 428 581 494 alteram:
615 447 678 491 uno
712 428 748 489 ta
781 425 838 489 too
869 448 982 511 qaaere
1017 428 1244 493 elaborandam
1272 437 1326 494 cat.

163 536 238 619 (Quod
259 537 313 620 qui
336 538 466 618 poterat
488 535 602 600 Cicero
631 536 689 599 aut
720 535 894 615 quisquam
925 534 1007 599 alius
1039 535 1156 613 dicere,
1192 537 1225 600 iu
1256 536 1327 601 sola

164 645 311 728 eloquentia
340 662 411 708 esse
440 637 713 722 elaborandumil
758 639 799 703 Et
827 644 939 704 tamen
968 640 1095 705 codices
1124 642 1230 724 ipsam
1259 642 1326 708 ior-

115 792 117 833 ,
164 771 224 815 nan
241 751 416 816 sententiae·
432 766 526 832 paene
555 749 715 829 integram
746 751 888 824 servant,
923 747 956 811 in
987 748 1136 830 partibus
1167 750 1325 832 corrupti3
1340 769 1379 809 coo

164 861 262 922 namet
288 876 402 922 vocem
433 876 533 941 quare
567 853 782 918 conclusionis
817 853 956 918 indicem
991 853 1117 919 habent
1151 860 1192 933 et,
1228 856 1327 922 modo

165 967 224 1027 recte
241 963 339 1028 rerba
362 980 506 1045 separes,
542 960 633 1025 labor
662 959 845 1024 subiectum
875 960 966 1024 verbi
994 960 1137 1038 deterret,
1174 963 1226 1026 cui
1250 981 1327 1028 con·

118 1102 121 1107 ·
166 1071 263 1135 bonum
284 1070 423 1135 infertur
445 1066 525 1132 illud
548 1088 611 1131 ooo
633 1087 708 1152 qao:
747 1066 853 1146 Quare
880 1068 916 1129 in
945 1067 1002 1130 looc
1027 1087 1141 1151 ponere
1171 1069 1261 1133 lotor
1286 1119 1293 1134 .
1319 1119 1327 1133 .

166 1173 265 1241 lomim
295 1198 317 1240 a
346 1176 452 1241 stadio
477 1225 517 1238 ..
550 1174 695 1255 deterret,
730 1194 793 1237 ooo
823 1193 883 1258 quo
914 1177 975 1238 cet.
1021 1174 1147 1253 Restat,
1184 1178 1221 1239 ut
1254 1179 1329 1258 post

167 1279 226 1345 lotor
242 1303 279 1347 ex
299 1283 355 1348 illo
379 1281 493 1365 cfieadi
515 1280 606 1363 (nam
619 1280 802 1363 conficiendi
818 1283 852 1343 et
870 1279 1036 1363 confitendi
1058 1281 1146 1346 unde
1169 1282 1325 1365 originem

167 1384 280 1467 labeant,
302 1409 406 1472 quum
429 1389 609 1466 videamus,
634 1386 815 1452 omittenda
832 1384 922 1467 sunt)
939 1387 1150 1468 exsculpatur
1166 1388 1325 1455 eiusmodi

167 1495 274 1573 uerbum,
302 1495 392 1579 quod
421 1499 455 1560 et
477 1495 636 1577 reliquam
660 1494 785 1558 salvam
809 1496 944 1576 praestet
967 1496 1166 1559 structuram
1191 1499 1224 1559 et
1245 1495 1326 1560 illud

167 1599 295 1688 adimas,
330 1600 421 1684 quod
449 1605 500 1666 est
528 1603 562 1666 in
591 1599 695 1677 codd,
732 1603 846 1682 aptum
875 1600 1007 1677 reddat;
1042 1620 1120 1665 nam
1148 1601 1237 1683 quod
1260 1605 1326 1667 tres

169 1701 338 1788 Oromenses,
368 1709 488 1774 nullius
511 1707 724 1785 auctoritatis
753 1706 957 1789 particulam,
994 1726 1096 1788 quum
1119 1707 1199 1772 nihil
1222 1707 1326 1772 babe-

168 1816 224 1890 rent,
250 1815 336 1898 quod
371 1834 411 1881 ea
447 1815 607 1892 iacerent,
643 1814 865 1890 excluserunt,
901 1813 945 1876 ad
978 1833 1039 1878 nos
1073 1833 1139 1878 non
1173 1813 1325 1896 pertinet.

169 1914 340 1987 Slu'heudum
376 1925 427 1986 est
460 1921 571 2004 igitur:
609 1921 715 2000 Quadra
748 1921 783 1983 in
817 1921 873 1983 hoc
899 1941 1012 2003 peoora
1034 1920 1124 1984 labor
1151 1920 1328 2003 offendit

169 2019 267 2092 bana
298 2050 319 2093 a
354 2027 517 2113 studioque
551 2026 695 2109 decoret,
731 2045 793 2090 ooo
828 2048 887 2111 qao
911 2031 972 2091 cet.
1019 2027 1087 2091 Iam
1122 2047 1163 2091 ex
1191 2027 1328 2092 salebris

170 2134 329 2200 luctabaris.
375 2135 533 2217 Exemplo
556 2133 653 2197 simul
675 2153 741 2197 non
765 2153 830 2197 uno
855 2133 952 2199 modo
981 2134 1243 2198 demonstratum
1266 2136 1325 2212 est,

169 2237 220 2317 quill
235 2241 281 2320 sit,
307 2246 346 2307 ut
368 2241 444 2318 dixi,
473 2241 508 2304 in
535 2239 645 2304 Orellii
668 2239 856 2304 huiusmodi
879 2241 1024 2306 locorum
1047 2241 1242 2305 tractatione
1266 2241 1328 2305 inr-

170 2343 344 2427 oplandum,
367 2349 402 2413 in
425 2347 563 2412 aliorum
587 2346 718 2429 quidem
743 2347 920 2412 multorum
944 2348 1047 2412 multo
1070 2346 1185 2429 magis.
1232 2346 1328 2412 Cete-

170 2463 224 2530 fssm,
245 2457 269 2520 si
289 2455 346 2539 quui
368 2455 514 2520 nondum
539 2452 685 2530 credunt,
714 2455 790 2535 post
812 2456 861 2517 tot
884 2453 1027 2517 virorum
1052 2472 1159 2531 curas,
1187 2454 1242 2535 qui
1266 2453 1329 2519 hoc

171 2549 250 2637 boun,
281 2562 410 2644 scriptis
437 2564 585 2625 veterum
610 2559 741 2624 assidue
765 2559 942 2636 immorari,
978 2561 1100 2623 bonum
1125 2579 1207 2640 opus
1231 2563 1328 2641 puta-

171 2653 230 2739 lot
247 2687 376 2749 prorsus
400 2667 441 2732 de
464 2668 589 2748 integro
613 2666 790 2731 multarum
819 2667 982 2731 Ciceronis
1006 2667 1192 2730 orationum
1216 2685 1328 2730 emen-

172 2762 295 2838 utonem
317 2794 390 2840 esse
413 2773 657 2849 instituendam,
683 2775 720 2838 iis
744 2794 852 2850 narro,
878 2773 1005 2836 etiamsi
1029 2772 1101 2854 quis
1120 2792 1234 2837 omnes
1251 2776 1328 2837 ante

173 2867 341 2946 Gualonium
365 2881 506 2946 editores
531 2881 789 2962 interpretesque
813 2879 1008 2956 adhibuerit,
1033 2880 1060 2942 si
1081 2879 1222 2945 editione
1241 2879 1328 2944 Oxo·

173 2976 240 3047 llemi
258 2988 404 3064 caruerit,
440 3007 482 3052 ne
512 2988 649 3051 uerbum
683 2986 815 3068 quidem
844 3007 919 3050 eum
950 3006 1056 3067 neque
1086 2987 1125 3050 de
1157 2985 1218 3050 loci
1242 2985 1328 3049 diffi-

173 3084 253 3156 tuate
273 3113 379 3175 neque
396 3095 437 3158 de
454 3080 624 3176 scripturae
643 3093 861 3174 discrepantia
879 3096 1096 3174 reperturum.
1132 3093 1328 3157 Garatonius

173 3203 276 3276 uocat
298 3221 359 3283 pro
381 3200 509 3264 dicandi
530 3200 665 3282 reperiri
689 3200 788 3263 etiam
813 3198 965 3262 discendi.
1001 3199 1040 3263 Et
1065 3200 1090 3262 is
1108 3198 1241 3280 quidem
1259 3199 1328 3261 sine

171 3297 233 3382 illoc
250 3311 306 3386 est,
330 3306 484 3390 quoniam
508 3307 578 3389 ipse
602 3306 688 3371 solas
708 3310 835 3370 ueteres
853 3306 1011 3369 editiones
1030 3307 1096 3370 iam
1115 3305 1328 3386 interpolatas

170 3396 207 3470 loc
223 3410 284 3478 loco
305 3418 338 3479 et
361 3415 474 3479 similis
498 3413 625 3496 generis
649 3412 793 3476 codicem
817 3413 944 3476 habuit.
986 3414 1022 3476 ln
1045 3414 1194 3495 proximo
1217 3432 1277 3493 pro
1300 3413 1330 3475 si

168 3526 208 3577 lm
227 3521 318 3586 etiam
342 3522 446 3586 Paris.
469 3520 572 3585 habet
603 3521 632 3583 si
661 3540 703 3597 oe,
739 3540 819 3583 sono
852 3520 960 3582 minus
993 3519 1129 3599 ingrato
1176 3518 1329 3582 Proximo

165 3623 240 3703 lupite
259 3627 302 3692 20
324 3631 481 3704 extremo,
506 3625 524 3707 ἐ
548 3627 601 3703 50,
625 3625 682 3691 ubi
706 3626 880 3690 edebatur:
906 3632 961 3688 cut
984 3625 1180 3708 irnpodentia
1205 3633 1233 3687 et
1255 3624 1329 3687 huic

160 3733 286 3799 neaera
307 3755 460 3818 acconam
483 3733 527 3797 ad
545 3754 576 3797 se
600 3732 832 3814 defendendum
855 3733 1041 3814 facultatem
1065 3731 1163 3807 datio,
1189 3730 1328 3795 Orellius

155 3838 305 3905 rectissime
327 3841 405 3905 Aldi
428 3840 511 3921 (tam
534 3860 648 3904 recens
672 3841 757 3904 enim
783 3839 846 3920 est)
877 3839 1161 3920 interpolationem
1190 3837 1326 3913 notavit,

147 3942 362 4028 ineptissimam
391 3946 493 4029 (quod
521 3949 621 4011 miror
653 3967 718 4011 non
749 3947 1025 4022 animaduersum,
1061 3965 1102 4007 ne
1134 3944 1176 4008 ab
1207 3943 1328 4008 Orellio
1342 3967 1382 4005 roo

141 4054 275 4137 quidem
310 4055 367 4138 qui
395 4057 472 4118 sunt
502 4055 588 4118 enim
612 4053 657 4117 illi
682 4054 790 4129 ceteri,
826 4053 944 4134 quibus
970 4051 1107 4115 facultas
1131 4048 1328 4114 defendendi

132 4163 178 4230 sui
208 4164 314 4239 delur,
350 4160 536 4226 siCaelium
574 4165 745 4225 accusator
777 4162 873 4223 certis
903 4159 1109 4238 definitisque
1138 4157 1327 4220 criminibus

128 4290 293 4355 aggressus
318 4266 396 4349 site)
422 4271 455 4331 et
477 4267 631 4332 soloecam
658 4267 704 4348 (in
727 4269 778 4331 his
800 4267 844 4329 od
869 4288 900 4329 sc
917 4263 1150 4346 defendendum
1167 4263 1209 4327 de
1225 4261 1327 4344 pluri-

1065 4368 1115 4419 21*
