2948 5206
655 323 720 388 229

93 518 95 553 ⁵
139 525 252 589 Tiburtes
271 526 363 599 esset,
393 525 515 599 tamen,
550 521 673 604 siquis,
697 519 775 584 ciuis
797 521 967 587 Romanus
990 508 1149 597 praedium
1173 509 1207 572 in
1230 506 1287 571 Ti-

93 612 95 651 ³
137 631 198 696 buti
223 651 291 714 agro
317 628 511 713 possideret,
546 628 616 692 cius
650 647 716 692 non
751 647 791 692 ex
824 629 894 694 iure
928 631 1102 709 Quiritium
1137 616 1288 682 dminus

136 742 201 815 met
228 738 281 803 sed
311 756 352 802 ex
383 738 453 802 iure
484 734 683 800 Tiburtium.
728 733 809 799 Haec
838 741 886 801 est
915 741 1002 805 enim
1032 735 1218 807 commercii
1239 737 1289 800 ris

135 838 284 926 (nciproca)
306 841 392 908 inter
413 841 553 925 populos
568 835 800 922 .toederatos.¹)
834 842 899 908 Sed
922 850 959 910 ut
981 847 1144 929 plerisque
1166 843 1289 910 Latinis

134 949 253 1015 etsuciis
285 949 428 1033 antiquis
456 949 689 1014 commercium
718 967 783 1013 non
812 948 912 1014 tuisse
942 956 1066 1034 putem,
1102 955 1190 1017 certe
1223 968 1290 1015 non

131 1056 225 1138 plnum
247 1055 338 1138 (nam
361 1056 396 1120 in
418 1076 486 1121 una
509 1059 542 1120 et
558 1055 662 1120 altera
678 1073 714 1118 re
731 1055 955 1138 exceptionem
973 1060 1116 1142 aliquam
1134 1054 1290 1140 singulari

130 1161 174 1246 op
201 1163 406 1230 constitutam
441 1162 580 1227 sonasse
614 1163 713 1227 tuisse
748 1182 814 1227 non
848 1163 955 1247 nego),
990 1170 1027 1231 ut
1060 1166 1109 1244 id,
1144 1166 1289 1247 inquam,

129 1275 216 1352 putem.
238 1273 348 1335 mouet
371 1289 435 1347 me,
459 1269 516 1352 qui
539 1268 620 1335 alios
643 1269 753 1347 movit,
786 1269 950 1336 Ciceronis
973 1273 1063 1339 locus
1085 1273 1119 1338 in
1143 1271 1290 1337 oratione

128 1394 164 1459 feo
181 1376 302 1442 Gaecina
325 1396 354 1441 c.
367 1376 421 1454 33,
448 1371 557 1456 102²),
582 1377 639 1440 ubi
662 1396 763 1458 quum
787 1378 959 1444 nonnullos
983 1400 1042 1462 per
1066 1378 1290 1461 exceptionem

128 1485 322 1549 commercium
346 1483 502 1548 habuisse
520 1483 617 1560 dicat,
641 1483 737 1565 vulgo
752 1503 818 1548 non
836 1483 991 1551 habuisse
1008 1489 1157 1569 apparet.
1192 1483 1290 1567 (Nam

129 1589 389 1657 ilcommercium
412 1589 555 1672 pertinet
577 1592 682 1654 totum
705 1590 925 1656 hereditatum
958 1596 991 1657 et
1018 1594 1291 1658 testamentomm

129 1698 164 1761 bu.
183 1718 315 1781 eamque
339 1697 409 1762 eius
433 1700 561 1779 partem
585 1696 630 1760 ibi
654 1696 766 1761 Cicero
785 1699 1062 1777 commemoravit,
1087 1698 1175 1780 quod
1192 1698 1234 1762 de
1252 1715 1291 1760 ea

129 1805 249 1887 mnia
272 1805 306 1870 in
332 1803 477 1869 Caecinae·
494 1802 619 1883 causa.)
664 1803 777 1885 Neque
801 1804 891 1868 Sulla
913 1805 1136 1871 Ariminenses
1164 1806 1198 1868 in
1220 1803 1292 1886 lege

129 1912 292 1976 manasset
315 1929 424 1992 neque
448 1908 561 1974 Cicero
586 1911 632 1973 ita
655 1910 790 1975 dixisset
813 1909 906 1993 (XII
924 1913 1119 1976 robatorem
1140 1911 1241 1994 fuisse
1264 1916 1293 1973 et

129 2014 280 2082 beeditmes
301 2037 415 2101 capere
432 2014 595 2100 potuisse),
631 2015 658 2080 si
688 2037 754 2081 non
785 2018 947 2100 singulare
978 2019 1041 2084 hoc
1072 2019 1185 2083 fuisset
1216 2021 1293 2082 eta

131 2125 256 2189 ommuni
280 2124 471 2189 Latinorum
495 2123 722 2205 sociorumque
746 2124 815 2187 iure
839 2123 1013 2189 diversum.
1049 2125 1208 2204 Quaenam
1228 2123 1294 2188 sint

131 2234 206 2295 eutem
238 2231 302 2296 illae
338 2230 509 2319 duodecim
545 2229 679 2295 coloniae
710 2233 742 2293 et
770 2231 856 2295 unde
885 2236 956 2296 orta
986 2252 1099 2297 earum
1128 2230 1294 2313 praecipua

133 2336 248 2415 mucio,
271 2338 422 2421 ignorare
446 2357 499 2401 me
523 2336 638 2402 fateor.
685 2337 856 2419 Savignius
864 2332 891 2420 ³)
915 2358 988 2403 eam
1012 2338 1137 2422 praemii
1161 2338 1232 2402 loco
1254 2336 1293 2400 iis
1306 2352 1347 2396 sss

134 2444 227 2510 obuiis
249 2446 362 2511 datam
387 2444 539 2527 opinatus
562 2446 622 2519 est,
658 2462 731 2525 quae
759 2444 793 2507 in
815 2443 901 2508 bello
924 2444 1046 2509 Punico
1075 2445 1108 2509 in
1137 2442 1294 2524 obsequio

135 2558 294 2631 uenenum
330 2553 416 2617 inter
450 2570 532 2633 quas
562 2549 745 2613 Ariminum
782 2549 856 2625 tuin
891 2550 1001 2632 itaque
1037 2571 1096 2633 pro
1131 2549 1295 2613 duodecim

136 2652 189 2738 (ill)
207 2660 291 2742 apud
314 2659 505 2724 Ciceronem
528 2657 735 2721 scribendum
754 2660 858 2739 putat,
882 2676 948 2721 non
966 2678 1086 2740 magna
1103 2657 1294 2735 mutatione,

136 2763 259 2829 adeam
282 2762 414 2848 (xlma
447 2763 490 2829 ab
513 2764 563 2829 his
587 2764 629 2828 ad
654 2763 909 2846 Transpadanos
934 2768 967 2827 et
990 2765 1141 2845 reliquos
1177 2764 1295 2845 quibus

137 2875 214 2948 putea
234 2874 283 2937 ius
306 2872 392 2937 Latii
420 2872 533 2937 datum
563 2876 621 2948 est,
658 2875 691 2934 et
719 2870 762 2934 ad
791 2871 922 2934 Latinos
951 2871 1102 2935 lunianos
1132 2870 1165 2934 id
1194 2870 1295 2933 bene·

138 2970 210 3042 idun
229 2982 457 3062 propagatum.
503 2977 652 3042 Dubitari
676 2981 787 3042 tanuen
810 2997 907 3058 posse
937 2978 1074 3054 uidetur,
1102 2997 1181 3041 num
1207 2997 1296 3040 com·

139 3085 213 3150 nertii
233 3106 272 3150 ex
294 3086 365 3150 iure
389 3083 560 3163 Quiritium
585 3084 764 3166 accipiendi
789 3084 843 3148 illa
867 3089 963 3148 aetate
989 3084 1093 3148 coloni
1117 3082 1296 3165 peregrinae

140 3189 231 3271 bullis
253 3195 295 3258 ab
319 3194 402 3257 urbe
426 3195 459 3255 et
482 3192 600 3255 civium
623 3191 760 3272 negotiis
784 3192 899 3255 remoti
925 3190 1018 3254 ualde
1039 3189 1147 3271 cupidi
1167 3190 1295 3266 tuerint,

142 3296 199 3361 ulid
218 3319 272 3381 pro
294 3298 432 3381 praemio
455 3317 527 3362 esse
550 3298 701 3379 potuerit,
732 3298 912 3378 praesertim
946 3297 1033 3360 nulla
1057 3297 1232 3360 accedente
1257 3315 1297 3359 ex

142 3405 261 3471 annoto
284 3411 316 3471 et
339 3404 633 3470 necessitudinibus
657 3404 732 3467 inde
757 3405 834 3467 ortis
859 3424 958 3468 causa
976 3404 1045 3467 eius
1062 3402 1212 3485 optandi;
1236 3422 1297 3466 nec

144 3510 326 3594 mulcendum
351 3511 489 3588 videtur,
513 3510 650 3587 Liuium,
680 3512 734 3593 qui
758 3531 890 3592 putenam
915 3510 1046 3575 coloniis
1070 3511 1177 3573 minus
1201 3511 1297 3574 obse·

143 3618 273 3692 mentibus
301 3619 489 3701 impositam
518 3623 631 3683 narrat
661 3618 788 3698 (mlx,
828 3616 895 3696 lo),
931 3616 1056 3698 praemii
1086 3618 1200 3680 ceteris
1230 3616 1298 3680 dati

145 3724 298 3790 mentionem
321 3745 388 3791 non
416 3725 534 3801 lacere,
569 3724 682 3807 gratiae
710 3744 730 3788 a
758 3723 917 3787 Romanis
945 3723 1057 3786 relatae
1087 3723 1119 3785 in
1147 3742 1182 3785 re
1210 3722 1299 3786 clara

163 3944 180 4011 ¹l
191 3950 285 4010 Prorsus
302 3957 355 4011 alia
372 3955 451 4009 ratio·
463 3955 515 4009 fuit
532 3954 692 4008 Latinorum
713 3952 847 4006 inferioris
866 3953 954 4005 aetatis
973 3952 1001 4005 in
1019 3951 1173 4020 prouinciis.

165 4032 252 4101 'titubet
268 4049 333 4098 enim
350 4044 441 4112 (Sulla
458 4045 594 4108 Etruscos,
623 4042 723 4112 quibus
742 4042 881 4095 civitatem
901 4039 1017 4107 adimit)
1045 4043 1134 4095 eodem
1158 4043 1217 4092 iure
1235 4055 1298 4107 esse,

197 4147 238 4197 quo
251 4135 344 4198 furtu
362 4136 557 4200 Ariminenses,
576 4135 723 4202 quosquis
743 4134 851 4199 ipruorot
873 4132 1012 4184 dreodece'm
1030 4132 1195 4183 coloniorum
1213 4130 1300 4194 fuisse

198 4226 246 4271 du
263 4224 356 4276 daubus
378 4224 511 4277 moesis
533 4223 692 4275 hereditates
715 4237 810 4288 cepere
828 4223 970 4288 putruisse?
997 4218 1067 4272 Dicit
1088 4219 1206 4285 fueritin
1234 4232 1300 4269 nam

200 4303 237 4357 illo
251 4314 360 4380 tempore
378 4311 440 4380 lege
456 4310 527 4364 Iulia
544 4309 732 4364 Ariminenses
752 4315 779 4363 et
798 4310 895 4378 reliqui
914 4310 986 4383 ciues
1006 4313 1091 4362 crant.

171 4382 188 4451 'l
201 4391 226 4444 ln
240 4405 368 4454 nument
393 4400 428 4453 de
446 4399 594 4454 Labnitate
620 4398 761 4463 (Zeitschr.
785 4399 830 4452 fuir
848 4399 938 4467 gesch.
958 4393 1249 4451 Rechtswissenschatt
1268 4392 1299 4458 V,

202 4475 251 4548 2u·
265 4483 325 4554 Ab
