<?xml version="1.0" encoding="UTF-8"?>
<!DOCTYPE html PUBLIC "-//W3C//DTD XHTML 1.0 Transitional//EN"
    "http://www.w3.org/TR/xhtml1/DTD/xhtml1-transitional.dtd">
<html xmlns="http://www.w3.org/1999/xhtml" xml:lang="en" lang="en">
 <head>
  <title>
</title>
<meta http-equiv="Content-Type" content="text/html;charset=utf-8" />
  <meta name='ocr-system' content='tesseract 3.04.00' />
  <meta name='ocr-capabilities' content='ocr_page ocr_carea ocr_par ocr_line ocrx_word'/>
</head>
<body>
  <div class='ocr_page' id='page_1' title='image "./ionicolaimadvig02madvgoog_0481.png"; bbox 0 0 2956 5190; ppageno 0'>
   <div class='ocr_carea' id='block_1_1' title="bbox 735 296 801 363">
    <p class='ocr_par' dir='ltr' id='par_1_1' title="bbox 735 296 801 363">
     <span class='ocr_line' id='line_1_1' title="bbox 735 296 801 363; baseline 0.015 -1"><span class='ocrx_word' id='word_1_1' title='bbox 735 296 801 363; x_wconf 80' lang='lat'><strong>458</strong></span> 
     </span>
    </p>
   </div>
   <div class='ocr_carea' id='block_1_2' title="bbox 122 490 1406 2601">
    <p class='ocr_par' dir='ltr' id='par_1_2' title="bbox 122 490 1406 2601">
     <span class='ocr_line' id='line_1_2' title="bbox 260 490 1345 576; baseline -0.006 -18"><span class='ocrx_word' id='word_1_2' title='bbox 260 494 337 558; x_wconf 91' lang='lat' dir='ltr'><strong>llluc</strong></span> <span class='ocrx_word' id='word_1_3' title='bbox 360 493 457 576; x_wconf 81' lang='lat' dir='ltr'><strong>igitur</strong></span> <span class='ocrx_word' id='word_1_4' title='bbox 479 496 692 571; x_wconf 87' lang='lat' dir='ltr'><strong>revertamur,</strong></span> <span class='ocrx_word' id='word_1_5' title='bbox 715 493 795 575; x_wconf 75' lang='lat' dir='ltr'><strong>foco</strong></span> <span class='ocrx_word' id='word_1_6' title='bbox 818 495 850 557; x_wconf 87' lang='lat' dir='ltr'><strong>et</strong></span> <span class='ocrx_word' id='word_1_7' title='bbox 873 511 1000 556; x_wconf 79' lang='lat' dir='ltr'><strong>amasco</strong></span> <span class='ocrx_word' id='word_1_8' title='bbox 1016 490 1137 555; x_wconf 86' lang='lat' dir='ltr'><strong>futura</strong></span> <span class='ocrx_word' id='word_1_9' title='bbox 1152 507 1225 553; x_wconf 88' lang='lat' dir='ltr'><strong>esse</strong></span> <span class='ocrx_word' id='word_1_10' title='bbox 1239 492 1345 567; x_wconf 68' lang='lat' dir='ltr'><strong>reluta</strong></span> 
     </span>
     <span class='ocr_line' id='line_1_3' title="bbox 130 594 1347 685; baseline -0.005 -21"><span class='ocrx_word' id='word_1_11' title='bbox 130 615 157 655; x_wconf 79' lang='lat'><strong>⁷³</strong></span> <span class='ocrx_word' id='word_1_12' title='bbox 170 619 231 664; x_wconf 91' lang='lat' dir='ltr'><strong>nee</strong></span> <span class='ocrx_word' id='word_1_13' title='bbox 255 602 430 682; x_wconf 90' lang='lat' dir='ltr'><strong>quicquam</strong></span> <span class='ocrx_word' id='word_1_14' title='bbox 454 599 609 682; x_wconf 87' lang='lat' dir='ltr'><strong>primario</strong></span> <span class='ocrx_word' id='word_1_15' title='bbox 624 619 687 665; x_wconf 91' lang='lat' dir='ltr'><strong>usu</strong></span> <span class='ocrx_word' id='word_1_16' title='bbox 703 599 746 664; x_wconf 89' lang='lat' dir='ltr'><strong>ad</strong></span> <span class='ocrx_word' id='word_1_17' title='bbox 761 598 963 685; x_wconf 77' lang='lat' dir='ltr'><strong>praeteritum</strong></span> <span class='ocrx_word' id='word_1_18' title='bbox 980 598 1167 680; x_wconf 85' lang='lat' dir='ltr'><strong>pertinere.</strong></span> <span class='ocrx_word' id='word_1_19' title='bbox 1202 594 1242 659; x_wconf 81' lang='lat' dir='ltr'><strong>Et</strong></span> <span class='ocrx_word' id='word_1_20' title='bbox 1254 598 1347 673; x_wconf 74' lang='lat' dir='ltr'><strong>brnen</strong></span> 
     </span>
     <span class='ocr_line' id='line_1_4' title="bbox 170 701 1349 799; baseline -0.007 -27"><span class='ocrx_word' id='word_1_21' title='bbox 170 706 258 788; x_wconf 89' lang='lat' dir='ltr'><strong>quod</strong></span> <span class='ocrx_word' id='word_1_22' title='bbox 282 710 315 772; x_wconf 87' lang='lat' dir='ltr'><strong>et</strong></span> <span class='ocrx_word' id='word_1_23' title='bbox 338 706 511 799; x_wconf 85' lang='lat' dir='ltr'><strong>dicendum</strong></span> <span class='ocrx_word' id='word_1_24' title='bbox 535 711 585 772; x_wconf 91' lang='lat' dir='ltr'><strong>est</strong></span> <span class='ocrx_word' id='word_1_25' title='bbox 607 724 734 789; x_wconf 86' lang='lat' dir='ltr'><strong>perse,</strong></span> <span class='ocrx_word' id='word_1_26' title='bbox 759 723 800 769; x_wconf 89' lang='lat' dir='ltr'><strong>ne</strong></span> <span class='ocrx_word' id='word_1_27' title='bbox 816 704 982 782; x_wconf 80' lang='lat' dir='ltr'><strong>aliorsum,</strong></span> <span class='ocrx_word' id='word_1_28' title='bbox 1007 707 1117 786; x_wconf 90' lang='lat' dir='ltr'><strong>atque</strong></span> <span class='ocrx_word' id='word_1_29' title='bbox 1132 701 1277 777; x_wconf 83' lang='lat' dir='ltr'><strong>velimus,</strong></span> <span class='ocrx_word' id='word_1_30' title='bbox 1295 720 1349 766; x_wconf 82' lang='lat' dir='ltr'><strong>sen·</strong></span> 
     </span>
     <span class='ocr_line' id='line_1_5' title="bbox 171 808 1352 896; baseline -0.005 -18"><span class='ocrx_word' id='word_1_31' title='bbox 171 813 273 878; x_wconf 89' lang='lat' dir='ltr'><strong>tentia</strong></span> <span class='ocrx_word' id='word_1_32' title='bbox 296 816 409 878; x_wconf 89' lang='lat' dir='ltr'><strong>nostra</strong></span> <span class='ocrx_word' id='word_1_33' title='bbox 430 813 676 896; x_wconf 88' lang='lat' dir='ltr'><strong>interpretando</strong></span> <span class='ocrx_word' id='word_1_34' title='bbox 698 811 858 890; x_wconf 78' lang='lat' dir='ltr'><strong>trahatur,</strong></span> <span class='ocrx_word' id='word_1_35' title='bbox 894 815 929 876; x_wconf 92' lang='lat' dir='ltr'><strong>et</strong></span> <span class='ocrx_word' id='word_1_36' title='bbox 958 810 1049 893; x_wconf 92' lang='lat' dir='ltr'><strong>quod</strong></span> <span class='ocrx_word' id='word_1_37' title='bbox 1082 808 1229 873; x_wconf 89' lang='lat' dir='ltr'><strong>libenter</strong></span> <span class='ocrx_word' id='word_1_38' title='bbox 1255 808 1352 873; x_wconf 79' lang='lat' dir='ltr'><strong>resal</strong></span> 
     </span>
     <span class='ocr_line' id='line_1_6' title="bbox 171 915 1354 1003; baseline -0.004 -19"><span class='ocrx_word' id='word_1_39' title='bbox 171 920 356 984; x_wconf 84' lang='lat' dir='ltr'><strong>universam</strong></span> <span class='ocrx_word' id='word_1_40' title='bbox 381 919 422 984; x_wconf 92' lang='lat' dir='ltr'><strong>de</strong></span> <span class='ocrx_word' id='word_1_41' title='bbox 447 920 559 984; x_wconf 79' lang='lat' dir='ltr'><strong>formis</strong></span> <span class='ocrx_word' id='word_1_42' title='bbox 582 918 804 1003; x_wconf 77' lang='lat' dir='ltr'>grammaticis</span> <span class='ocrx_word' id='word_1_43' title='bbox 827 918 1088 1001; x_wconf 88' lang='lat' dir='ltr'><strong>disputationem</strong></span> <span class='ocrx_word' id='word_1_44' title='bbox 1109 915 1306 998; x_wconf 76' lang='lat' dir='ltr'><strong>pertinentes</strong></span> <span class='ocrx_word' id='word_1_45' title='bbox 1317 920 1354 979; x_wconf 80' lang='lat' dir='ltr'><strong>at·</strong></span> 
     </span>
     <span class='ocr_line' id='line_1_7' title="bbox 171 1022 1355 1109; baseline -0.003 -19"><span class='ocrx_word' id='word_1_46' title='bbox 171 1026 334 1108; x_wconf 79' lang='lat' dir='ltr'><strong>tingimus,</strong></span> <span class='ocrx_word' id='word_1_47' title='bbox 369 1046 502 1108; x_wconf 89' lang='lat' dir='ltr'><strong>prorsus</strong></span> <span class='ocrx_word' id='word_1_48' title='bbox 536 1030 616 1109; x_wconf 93' lang='lat' dir='ltr'><strong>puto</strong></span> <span class='ocrx_word' id='word_1_49' title='bbox 651 1026 849 1090; x_wconf 89' lang='lat' dir='ltr'><strong>elementum</strong></span> <span class='ocrx_word' id='word_1_50' title='bbox 883 1024 973 1103; x_wconf 88' lang='lat' dir='ltr'><strong>iliud,</strong></span> <span class='ocrx_word' id='word_1_51' title='bbox 1009 1023 1107 1088; x_wconf 85' lang='lat' dir='ltr'><strong>cuius</strong></span> <span class='ocrx_word' id='word_1_52' title='bbox 1144 1022 1355 1087; x_wconf 71' lang='lat' dir='ltr'><strong>adiectiones</strong></span> 
     </span>
     <span class='ocr_line' id='line_1_8' title="bbox 170 1126 1356 1216; baseline -0.005 -19"><span class='ocrx_word' id='word_1_53' title='bbox 170 1132 280 1198; x_wconf 85' lang='lat' dir='ltr'>radice</span> <span class='ocrx_word' id='word_1_54' title='bbox 304 1132 404 1197; x_wconf 90' lang='lat' dir='ltr'><strong>distat</strong></span> <span class='ocrx_word' id='word_1_55' title='bbox 425 1132 505 1215; x_wconf 82' lang='lat' dir='ltr'><strong>faxo</strong></span> <span class='ocrx_word' id='word_1_56' title='bbox 536 1136 570 1198; x_wconf 91' lang='lat' dir='ltr'><strong>et</strong></span> <span class='ocrx_word' id='word_1_57' title='bbox 598 1135 731 1216; x_wconf 71' lang='lat' dir='ltr'><strong>incepto,</strong></span> <span class='ocrx_word' id='word_1_58' title='bbox 768 1131 854 1197; x_wconf 87' lang='lat' dir='ltr'><strong>addo</strong></span> <span class='ocrx_word' id='word_1_59' title='bbox 885 1131 985 1197; x_wconf 88' lang='lat' dir='ltr'><strong>etiam</strong></span> <span class='ocrx_word' id='word_1_60' title='bbox 1016 1132 1155 1207; x_wconf 70' lang='lat' dir='ltr'><strong>lmaaoo,</strong></span> <span class='ocrx_word' id='word_1_61' title='bbox 1191 1126 1277 1193; x_wconf 90' lang='lat' dir='ltr'><strong>idem</strong></span> <span class='ocrx_word' id='word_1_62' title='bbox 1303 1146 1356 1191; x_wconf 62' lang='lat' dir='ltr'><strong>me</strong></span> 
     </span>
     <span class='ocr_line' id='line_1_9' title="bbox 172 1233 1357 1323; baseline -0.004 -19"><span class='ocrx_word' id='word_1_63' title='bbox 172 1242 270 1319; x_wconf 89' lang='lat' dir='ltr'><strong>atque</strong></span> <span class='ocrx_word' id='word_1_64' title='bbox 294 1239 383 1316; x_wconf 93' lang='lat' dir='ltr'><strong>illud,</strong></span> <span class='ocrx_word' id='word_1_65' title='bbox 407 1239 496 1320; x_wconf 92' lang='lat' dir='ltr'><strong>quod</strong></span> <span class='ocrx_word' id='word_1_66' title='bbox 518 1240 633 1323; x_wconf 66' lang='lat' dir='ltr'><strong>scripsi</strong></span> <span class='ocrx_word' id='word_1_67' title='bbox 655 1242 687 1303; x_wconf 89' lang='lat' dir='ltr'><strong>et</strong></span> <span class='ocrx_word' id='word_1_68' title='bbox 710 1259 784 1321; x_wconf 85' lang='lat' dir='ltr'><strong>quae</strong></span> <span class='ocrx_word' id='word_1_69' title='bbox 809 1239 923 1304; x_wconf 87' lang='lat' dir='ltr'><strong>eodem</strong></span> <span class='ocrx_word' id='word_1_70' title='bbox 948 1236 1049 1303; x_wconf 91' lang='lat' dir='ltr'><strong>modo</strong></span> <span class='ocrx_word' id='word_1_71' title='bbox 1072 1235 1204 1301; x_wconf 85' lang='lat' dir='ltr'><strong>cadunt</strong></span> <span class='ocrx_word' id='word_1_72' title='bbox 1226 1233 1357 1317; x_wconf 73' lang='lat' dir='ltr'><strong>perlecta¹</strong></span> 
     </span>
     <span class='ocr_line' id='line_1_10' title="bbox 172 1338 1359 1418; baseline -0.003 -10"><span class='ocrx_word' id='word_1_73' title='bbox 172 1345 306 1409; x_wconf 88' lang='lat' dir='ltr'><strong>habent.</strong></span> <span class='ocrx_word' id='word_1_74' title='bbox 352 1345 418 1409; x_wconf 85' lang='lat' dir='ltr'><strong>Sed</strong></span> <span class='ocrx_word' id='word_1_75' title='bbox 440 1346 502 1410; x_wconf 92' lang='lat' dir='ltr'><strong>hoc</strong></span> <span class='ocrx_word' id='word_1_76' title='bbox 525 1366 541 1409; x_wconf 84' lang='lat' dir='ltr'><strong>a</strong></span> <span class='ocrx_word' id='word_1_77' title='bbox 563 1345 596 1410; x_wconf 94' lang='lat' dir='ltr'><strong>in</strong></span> <span class='ocrx_word' id='word_1_78' title='bbox 619 1346 760 1411; x_wconf 85' lang='lat' dir='ltr'><strong>formam</strong></span> <span class='ocrx_word' id='word_1_79' title='bbox 783 1346 867 1410; x_wconf 78' lang='lat' dir='ltr'><strong>iusso</strong></span> <span class='ocrx_word' id='word_1_80' title='bbox 890 1364 956 1410; x_wconf 93' lang='lat' dir='ltr'><strong>non</strong></span> <span class='ocrx_word' id='word_1_81' title='bbox 978 1344 1072 1409; x_wconf 82' lang='lat' dir='ltr'><strong>venit</strong></span> <span class='ocrx_word' id='word_1_82' title='bbox 1101 1362 1148 1407; x_wconf 85' lang='lat' dir='ltr'><strong>ex</strong></span> <span class='ocrx_word' id='word_1_83' title='bbox 1176 1342 1267 1418; x_wconf 76' lang='lat' dir='ltr'><strong>iurat,</strong></span> <span class='ocrx_word' id='word_1_84' title='bbox 1293 1338 1359 1404; x_wconf 81' lang='lat' dir='ltr'><strong>unde</strong></span> 
     </span>
     <span class='ocr_line' id='line_1_11' title="bbox 173 1446 1360 1535; baseline -0.003 -18"><span class='ocrx_word' id='word_1_85' title='bbox 173 1471 253 1517; x_wconf 91' lang='lat' dir='ltr'><strong>sane</strong></span> <span class='ocrx_word' id='word_1_86' title='bbox 276 1453 310 1516; x_wconf 92' lang='lat' dir='ltr'><strong>in</strong></span> <span class='ocrx_word' id='word_1_87' title='bbox 333 1453 453 1516; x_wconf 67' lang='lat' dir='ltr'><strong>trassero</strong></span> <span class='ocrx_word' id='word_1_88' title='bbox 475 1453 574 1530; x_wconf 88' lang='lat' dir='ltr'><strong>venit,</strong></span> <span class='ocrx_word' id='word_1_89' title='bbox 597 1472 659 1516; x_wconf 93' lang='lat' dir='ltr'><strong>nec</strong></span> <span class='ocrx_word' id='word_1_90' title='bbox 682 1453 757 1517; x_wconf 90' lang='lat' dir='ltr'><strong>inde</strong></span> <span class='ocrx_word' id='word_1_91' title='bbox 781 1451 1053 1535; x_wconf 81' lang='lat' dir='ltr'><strong>significationem</strong></span> <span class='ocrx_word' id='word_1_92' title='bbox 1076 1448 1243 1516; x_wconf 75' lang='lat' dir='ltr'><strong>traduxit.</strong></span> <span class='ocrx_word' id='word_1_93' title='bbox 1285 1446 1360 1525; x_wconf 82' lang='lat' dir='ltr'><strong>Quot</strong></span> 
     </span>
     <span class='ocr_line' id='line_1_12' title="bbox 173 1552 1406 1642; baseline -0.004 -19"><span class='ocrx_word' id='word_1_94' title='bbox 173 1558 269 1641; x_wconf 90' lang='lat' dir='ltr'><strong>quale</strong></span> <span class='ocrx_word' id='word_1_95' title='bbox 292 1558 343 1637; x_wconf 88' lang='lat' dir='ltr'><strong>sit,</strong></span> <span class='ocrx_word' id='word_1_96' title='bbox 373 1577 507 1640; x_wconf 90' lang='lat' dir='ltr'><strong>possum</strong></span> <span class='ocrx_word' id='word_1_97' title='bbox 536 1557 676 1623; x_wconf 86' lang='lat' dir='ltr'><strong>fortasse</strong></span> <span class='ocrx_word' id='word_1_98' title='bbox 699 1559 809 1640; x_wconf 88' lang='lat' dir='ltr'><strong>aliqua</strong></span> <span class='ocrx_word' id='word_1_99' title='bbox 832 1577 872 1622; x_wconf 87' lang='lat' dir='ltr'><strong>ex</strong></span> <span class='ocrx_word' id='word_1_100' title='bbox 895 1562 989 1642; x_wconf 88' lang='lat' dir='ltr'><strong>parte</strong></span> <span class='ocrx_word' id='word_1_101' title='bbox 1013 1556 1270 1640; x_wconf 84' lang='lat' dir='ltr'><strong>comparatione</strong></span> <span class='ocrx_word' id='word_1_102' title='bbox 1289 1552 1361 1618; x_wconf 69' lang='lat' dir='ltr'><strong>Gre-</strong></span> <span class='ocrx_word' id='word_1_103' title='bbox 1404 1576 1406 1633; x_wconf 65' lang='grc' dir='ltr'>ξ</span> 
     </span>
     <span class='ocr_line' id='line_1_13' title="bbox 174 1659 1362 1748; baseline -0.004 -19"><span class='ocrx_word' id='word_1_104' title='bbox 174 1684 285 1729; x_wconf 90' lang='lat' dir='ltr'><strong>carum</strong></span> <span class='ocrx_word' id='word_1_105' title='bbox 309 1665 490 1729; x_wconf 86' lang='lat' dir='ltr'><strong>formarum</strong></span> <span class='ocrx_word' id='word_1_106' title='bbox 513 1665 696 1729; x_wconf 80' lang='lat' dir='ltr'><strong>ostendere.</strong></span> <span class='ocrx_word' id='word_1_107' title='bbox 743 1666 827 1730; x_wconf 87' lang='lat' dir='ltr'><strong>Nam</strong></span> <span class='ocrx_word' id='word_1_108' title='bbox 852 1685 953 1748; x_wconf 92' lang='lat' dir='ltr'><strong>quum</strong></span> <span class='ocrx_word' id='word_1_109' title='bbox 976 1666 1126 1730; x_wconf 80' lang='lat' dir='ltr'><strong>maxime</strong></span> <span class='ocrx_word' id='word_1_110' title='bbox 1152 1663 1273 1728; x_wconf 74' lang='lat' dir='ltr'><strong>litterae</strong></span> <span class='ocrx_word' id='word_1_111' title='bbox 1289 1659 1362 1725; x_wconf 74' lang='lat' dir='ltr'><strong>cad·</strong></span> 
     </span>
     <span class='ocr_line' id='line_1_14' title="bbox 173 1768 1364 1850; baseline -0.006 -13"><span class='ocrx_word' id='word_1_112' title='bbox 173 1772 310 1837; x_wconf 89' lang='lat' dir='ltr'><strong>iectione</strong></span> <span class='ocrx_word' id='word_1_113' title='bbox 334 1792 354 1836; x_wconf 91' lang='lat' dir='ltr'><strong>a</strong></span> <span class='ocrx_word' id='word_1_114' title='bbox 377 1772 486 1836; x_wconf 84' lang='lat' dir='ltr'><strong>radice</strong></span> <span class='ocrx_word' id='word_1_115' title='bbox 510 1771 662 1836; x_wconf 87' lang='lat' dir='ltr'><strong>deflectat</strong></span> <span class='ocrx_word' id='word_1_116' title='bbox 690 1773 846 1850; x_wconf 82' lang='lat' dir='ltr'><strong>futurum,</strong></span> <span class='ocrx_word' id='word_1_117' title='bbox 882 1772 960 1837; x_wconf 87' lang='lat' dir='ltr'><strong>nihil</strong></span> <span class='ocrx_word' id='word_1_118' title='bbox 989 1775 1106 1837; x_wconf 87' lang='lat' dir='ltr'><strong>tamen</strong></span> <span class='ocrx_word' id='word_1_119' title='bbox 1138 1789 1183 1835; x_wconf 88' lang='lat' dir='ltr'><strong>ea</strong></span> <span class='ocrx_word' id='word_1_120' title='bbox 1212 1768 1315 1832; x_wconf 85' lang='lat' dir='ltr'><strong>littera</strong></span> <span class='ocrx_word' id='word_1_121' title='bbox 1332 1800 1364 1811; x_wconf 91' lang='lat'>-</span> 
     </span>
     <span class='ocr_line' id='line_1_15' title="bbox 174 1873 1365 1960; baseline -0.006 -16"><span class='ocrx_word' id='word_1_122' title='bbox 174 1898 245 1944; x_wconf 89' lang='lat' dir='ltr'><strong>esse</strong></span> <span class='ocrx_word' id='word_1_123' title='bbox 271 1882 391 1944; x_wconf 86' lang='lat' dir='ltr'><strong>autem</strong></span> <span class='ocrx_word' id='word_1_124' title='bbox 425 1899 558 1960; x_wconf 91' lang='lat' dir='ltr'><strong>prorsus</strong></span> <span class='ocrx_word' id='word_1_125' title='bbox 593 1879 742 1956; x_wconf 89' lang='lat' dir='ltr'><strong>eandem,</strong></span> <span class='ocrx_word' id='word_1_126' title='bbox 778 1898 844 1944; x_wconf 90' lang='lat' dir='ltr'><strong>non</strong></span> <span class='ocrx_word' id='word_1_127' title='bbox 878 1879 1016 1943; x_wconf 84' lang='lat' dir='ltr'><strong>diversae</strong></span> <span class='ocrx_word' id='word_1_128' title='bbox 1050 1877 1210 1960; x_wconf 74' lang='lat' dir='ltr'><strong>originiS,</strong></span> <span class='ocrx_word' id='word_1_129' title='bbox 1244 1873 1365 1940; x_wconf 87' lang='lat' dir='ltr'><strong>ostendit</strong></span> 
     </span>
     <span class='ocr_line' id='line_1_16' title="bbox 174 1982 1364 2077; baseline -0.004 -27"><span class='ocrx_word' id='word_1_130' title='bbox 174 1985 400 2051; x_wconf 87' lang='lat' dir='ltr'><strong>convenientia</strong></span> <span class='ocrx_word' id='word_1_131' title='bbox 424 1985 523 2049; x_wconf 82' lang='lat' dir='ltr'><strong>futuri</strong></span> <span class='ocrx_word' id='word_1_132' title='bbox 547 1989 581 2049; x_wconf 86' lang='lat' dir='ltr'><strong>et</strong></span> <span class='ocrx_word' id='word_1_133' title='bbox 604 1985 715 2050; x_wconf 91' lang='lat' dir='ltr'><strong>aoristi</strong></span> <span class='ocrx_word' id='word_1_134' title='bbox 738 1985 835 2077; x_wconf 53' lang='lat' dir='ltr'><strong>in0ea</strong></span> <span class='ocrx_word' id='word_1_135' title='bbox 859 1983 1040 2050; x_wconf 89' lang='lat' dir='ltr'><strong>omittenda</strong></span> <span class='ocrx_word' id='word_1_136' title='bbox 1064 1985 1100 2048; x_wconf 91' lang='lat' dir='ltr'><strong>in</strong></span> <span class='ocrx_word' id='word_1_137' title='bbox 1118 1983 1197 2048; x_wconf 89' lang='lat' dir='ltr'><strong>aliis</strong></span> <span class='ocrx_word' id='word_1_138' title='bbox 1216 1982 1320 2046; x_wconf 87' lang='lat' dir='ltr'><strong>verbis</strong></span> <span class='ocrx_word' id='word_1_139' title='bbox 1334 2014 1364 2023; x_wconf 93' lang='lat'>-</span> 
     </span>
     <span class='ocr_line' id='line_1_17' title="bbox 175 2089 1365 2175; baseline -0.005 -18"><span class='ocrx_word' id='word_1_140' title='bbox 175 2112 214 2157; x_wconf 85' lang='lat' dir='ltr'><strong>ea</strong></span> <span class='ocrx_word' id='word_1_141' title='bbox 238 2093 334 2175; x_wconf 78' lang='lat' dir='ltr'><strong>igitur</strong></span> <span class='ocrx_word' id='word_1_142' title='bbox 357 2112 422 2157; x_wconf 93' lang='lat' dir='ltr'><strong>non</strong></span> <span class='ocrx_word' id='word_1_143' title='bbox 442 2092 587 2174; x_wconf 87' lang='lat' dir='ltr'><strong>impedit,</strong></span> <span class='ocrx_word' id='word_1_144' title='bbox 613 2093 786 2174; x_wconf 89' lang='lat' dir='ltr'><strong>quominus</strong></span> <span class='ocrx_word' id='word_1_145' title='bbox 803 2099 913 2168; x_wconf 70' lang='grc' dir='ltr'><strong><em>ἔγραψα</em></strong></span> <span class='ocrx_word' id='word_1_146' title='bbox 929 2090 1084 2157; x_wconf 89' lang='lat' dir='ltr'><strong>contrarii</strong></span> <span class='ocrx_word' id='word_1_147' title='bbox 1100 2089 1275 2173; x_wconf 86' lang='lat' dir='ltr'><strong>temporis,</strong></span> <span class='ocrx_word' id='word_1_148' title='bbox 1297 2107 1365 2170; x_wconf 78' lang='lat' dir='ltr'><strong>pre-</strong></span> 
     </span>
     <span class='ocr_line' id='line_1_18' title="bbox 175 2193 1366 2281; baseline -0.003 -19"><span class='ocrx_word' id='word_1_149' title='bbox 175 2199 271 2277; x_wconf 91' lang='lat' dir='ltr'><strong>teriti,</strong></span> <span class='ocrx_word' id='word_1_150' title='bbox 306 2198 574 2281; x_wconf 80' lang='lat' dir='ltr'><strong>significationem</strong></span> <span class='ocrx_word' id='word_1_151' title='bbox 609 2199 758 2280; x_wconf 87' lang='lat' dir='ltr'><strong>accipiat.</strong></span> <span class='ocrx_word' id='word_1_152' title='bbox 770 2194 796 2279; x_wconf 86' lang='lat'><strong>¹)</strong></span> <span class='ocrx_word' id='word_1_153' title='bbox 852 2198 937 2262; x_wconf 91' lang='lat' dir='ltr'><strong>Nam</strong></span> <span class='ocrx_word' id='word_1_154' title='bbox 971 2202 1057 2275; x_wconf 91' lang='lat' dir='ltr'><strong>tum,</strong></span> <span class='ocrx_word' id='word_1_155' title='bbox 1095 2216 1205 2278; x_wconf 88' lang='lat' dir='ltr'><strong>quum</strong></span> <span class='ocrx_word' id='word_1_156' title='bbox 1240 2193 1366 2260; x_wconf 84' lang='lat' dir='ltr'><strong>nondun</strong></span> 
     </span>
     <span class='ocr_line' id='line_1_19' title="bbox 122 2300 1365 2387; baseline -0.005 -18"><span class='ocrx_word' id='word_1_157' title='bbox 122 2334 125 2339; x_wconf 95' lang='lat'>·</span> <span class='ocrx_word' id='word_1_158' title='bbox 175 2308 269 2369; x_wconf 91' lang='lat' dir='ltr'><strong>erant</strong></span> <span class='ocrx_word' id='word_1_159' title='bbox 293 2305 407 2370; x_wconf 85' lang='lat' dir='ltr'><strong>tormae</strong></span> <span class='ocrx_word' id='word_1_160' title='bbox 430 2305 663 2386; x_wconf 82' lang='lat' dir='ltr'><strong>grammaticae,</strong></span> <span class='ocrx_word' id='word_1_161' title='bbox 687 2305 746 2369; x_wconf 90' lang='lat' dir='ltr'><strong>sed</strong></span> <span class='ocrx_word' id='word_1_162' title='bbox 769 2304 839 2369; x_wconf 86' lang='lat' dir='ltr'><strong>fieri</strong></span> <span class='ocrx_word' id='word_1_163' title='bbox 862 2304 1071 2387; x_wconf 82' lang='lat' dir='ltr'><strong>incipiebant,</strong></span> <span class='ocrx_word' id='word_1_164' title='bbox 1097 2324 1193 2387; x_wconf 79' lang='lat' dir='ltr'><strong>saepe</strong></span> <span class='ocrx_word' id='word_1_165' title='bbox 1214 2300 1365 2368; x_wconf 87' lang='lat' dir='ltr'><strong>accidebat</strong></span> 
     </span>
     <span class='ocr_line' id='line_1_20' title="bbox 175 2407 1366 2494; baseline -0.004 -18"><span class='ocrx_word' id='word_1_166' title='bbox 175 2412 368 2488; x_wconf 88' lang='lat' dir='ltr'><strong>necessario,</strong></span> <span class='ocrx_word' id='word_1_167' title='bbox 404 2415 441 2476; x_wconf 93' lang='lat' dir='ltr'><strong>ut</strong></span> <span class='ocrx_word' id='word_1_168' title='bbox 464 2411 507 2475; x_wconf 88' lang='lat' dir='ltr'><strong>ad</strong></span> <span class='ocrx_word' id='word_1_169' title='bbox 536 2412 579 2489; x_wconf 90' lang='lat' dir='ltr'><strong>id,</strong></span> <span class='ocrx_word' id='word_1_170' title='bbox 616 2412 703 2494; x_wconf 93' lang='lat' dir='ltr'><strong>quod</strong></span> <span class='ocrx_word' id='word_1_171' title='bbox 726 2411 772 2476; x_wconf 89' lang='lat' dir='ltr'><strong>ita</strong></span> <span class='ocrx_word' id='word_1_172' title='bbox 795 2413 941 2476; x_wconf 87' lang='lat' dir='ltr'><strong>animum</strong></span> <span class='ocrx_word' id='word_1_173' title='bbox 965 2411 1087 2487; x_wconf 82' lang='lat' dir='ltr'><strong>feriret,</strong></span> <span class='ocrx_word' id='word_1_174' title='bbox 1123 2414 1163 2475; x_wconf 91' lang='lat' dir='ltr'><strong>ut</strong></span> <span class='ocrx_word' id='word_1_175' title='bbox 1187 2407 1366 2493; x_wconf 77' lang='lat' dir='ltr'><strong>signandum</strong></span> 
     </span>
     <span class='ocr_line' id='line_1_21' title="bbox 175 2516 1367 2601; baseline 0 -20"><span class='ocrx_word' id='word_1_176' title='bbox 175 2518 349 2595; x_wconf 85' lang='lat' dir='ltr'><strong>videretur,</strong></span> <span class='ocrx_word' id='word_1_177' title='bbox 385 2519 474 2583; x_wconf 85' lang='lat' dir='ltr'><strong>nulla</strong></span> <span class='ocrx_word' id='word_1_178' title='bbox 505 2522 615 2583; x_wconf 89' lang='lat' dir='ltr'><strong>tamen</strong></span> <span class='ocrx_word' id='word_1_179' title='bbox 648 2519 758 2583; x_wconf 90' lang='lat' dir='ltr'><strong>statim</strong></span> <span class='ocrx_word' id='word_1_180' title='bbox 790 2522 870 2601; x_wconf 86' lang='lat' dir='ltr'><strong>apta</strong></span> <span class='ocrx_word' id='word_1_181' title='bbox 900 2521 933 2581; x_wconf 91' lang='lat' dir='ltr'><strong>et</strong></span> <span class='ocrx_word' id='word_1_182' title='bbox 961 2518 1051 2581; x_wconf 90' lang='lat' dir='ltr'><strong>certa</strong></span> <span class='ocrx_word' id='word_1_183' title='bbox 1078 2519 1161 2581; x_wconf 87' lang='lat' dir='ltr'><strong>nota</strong></span> <span class='ocrx_word' id='word_1_184' title='bbox 1187 2516 1367 2587; x_wconf 67' lang='lat' dir='ltr'><strong>oceuneret,</strong></span> 
     </span>
    </p>
   </div>
   <div class='ocr_carea' id='block_1_3' title="bbox 176 2620 1367 3134">
    <p class='ocr_par' dir='ltr' id='par_1_3' title="bbox 176 2620 1367 3134">
     <span class='ocr_line' id='line_1_22' title="bbox 176 2620 1366 2717; baseline -0.004 -29"><span class='ocrx_word' id='word_1_185' title='bbox 176 2644 275 2705; x_wconf 91' lang='lat' dir='ltr'><strong>quum</strong></span> <span class='ocrx_word' id='word_1_186' title='bbox 305 2626 487 2706; x_wconf 81' lang='lat' dir='ltr'><strong>praesertim</strong></span> <span class='ocrx_word' id='word_1_187' title='bbox 516 2627 664 2690; x_wconf 87' lang='lat' dir='ltr'><strong>homines</strong></span> <span class='ocrx_word' id='word_1_188' title='bbox 699 2626 803 2706; x_wconf 84' lang='lat' dir='ltr'><strong>magis</strong></span> <span class='ocrx_word' id='word_1_189' title='bbox 838 2624 975 2717; x_wconf 81' lang='lat' dir='ltr'><strong>obscure</strong></span> <span class='ocrx_word' id='word_1_190' title='bbox 1010 2622 1183 2699; x_wconf 86' lang='lat' dir='ltr'><strong>sentirent,</strong></span> <span class='ocrx_word' id='word_1_191' title='bbox 1221 2620 1366 2704; x_wconf 73' lang='lat' dir='ltr'><strong>singulare</strong></span> 
     </span>
     <span class='ocr_line' id='line_1_23' title="bbox 176 2726 1365 2814; baseline -0.003 -21"><span class='ocrx_word' id='word_1_192' title='bbox 176 2731 299 2812; x_wconf 85' lang='lat' dir='ltr'><strong>aliquid</strong></span> <span class='ocrx_word' id='word_1_193' title='bbox 322 2751 393 2796; x_wconf 89' lang='lat' dir='ltr'><strong>esse</strong></span> <span class='ocrx_word' id='word_1_194' title='bbox 417 2732 450 2795; x_wconf 91' lang='lat' dir='ltr'><strong>in</strong></span> <span class='ocrx_word' id='word_1_195' title='bbox 474 2752 512 2796; x_wconf 92' lang='lat' dir='ltr'><strong>eo</strong></span> <span class='ocrx_word' id='word_1_196' title='bbox 536 2733 615 2808; x_wconf 84' lang='lat' dir='ltr'><strong>viso,</strong></span> <span class='ocrx_word' id='word_1_197' title='bbox 646 2731 734 2814; x_wconf 88' lang='lat' dir='ltr'><strong>quod</strong></span> <span class='ocrx_word' id='word_1_198' title='bbox 757 2733 866 2796; x_wconf 86' lang='lat' dir='ltr'><strong>animo</strong></span> <span class='ocrx_word' id='word_1_199' title='bbox 890 2730 1098 2812; x_wconf 89' lang='lat' dir='ltr'><strong>conciperent</strong></span> <span class='ocrx_word' id='word_1_200' title='bbox 1123 2734 1156 2794; x_wconf 92' lang='lat' dir='ltr'><strong>et</strong></span> <span class='ocrx_word' id='word_1_201' title='bbox 1181 2729 1290 2812; x_wconf 87' lang='lat' dir='ltr'><strong>eloqui</strong></span> <span class='ocrx_word' id='word_1_202' title='bbox 1312 2726 1365 2790; x_wconf 83' lang='lat' dir='ltr'><strong>rel-</strong></span> 
     </span>
     <span class='ocr_line' id='line_1_24' title="bbox 176 2832 1365 2920; baseline 0 -21"><span class='ocrx_word' id='word_1_203' title='bbox 176 2837 252 2913; x_wconf 88' lang='lat' dir='ltr'><strong>lent,</strong></span> <span class='ocrx_word' id='word_1_204' title='bbox 284 2857 382 2918; x_wconf 92' lang='lat' dir='ltr'><strong>quam</strong></span> <span class='ocrx_word' id='word_1_205' title='bbox 408 2839 460 2902; x_wconf 88' lang='lat' dir='ltr'><strong>via</strong></span> <span class='ocrx_word' id='word_1_206' title='bbox 484 2843 517 2902; x_wconf 90' lang='lat' dir='ltr'><strong>et</strong></span> <span class='ocrx_word' id='word_1_207' title='bbox 539 2839 666 2903; x_wconf 86' lang='lat' dir='ltr'><strong>ratione</strong></span> <span class='ocrx_word' id='word_1_208' title='bbox 689 2840 781 2920; x_wconf 82' lang='lat' dir='ltr'><strong>signa</strong></span> <span class='ocrx_word' id='word_1_209' title='bbox 806 2841 999 2920; x_wconf 81' lang='lat' dir='ltr'><strong>quaererent.</strong></span> <span class='ocrx_word' id='word_1_210' title='bbox 1024 2837 1173 2918; x_wconf 77' lang='lat' dir='ltr'><strong>ltaque,</strong></span> <span class='ocrx_word' id='word_1_211' title='bbox 1212 2840 1249 2900; x_wconf 91' lang='lat' dir='ltr'><strong>ut</strong></span> <span class='ocrx_word' id='word_1_212' title='bbox 1271 2834 1312 2900; x_wconf 92' lang='lat' dir='ltr'><strong>ad</strong></span> <span class='ocrx_word' id='word_1_213' title='bbox 1332 2832 1365 2899; x_wconf 85' lang='lat' dir='ltr'><strong>id</strong></span> 
     </span>
     <span class='ocr_line' id='line_1_25' title="bbox 177 2942 1367 3027; baseline -0.003 -20"><span class='ocrx_word' id='word_1_214' title='bbox 177 2944 264 3025; x_wconf 89' lang='lat' dir='ltr'><strong>quod</strong></span> <span class='ocrx_word' id='word_1_215' title='bbox 288 2946 424 3025; x_wconf 69' lang='lat' dir='ltr'><strong>agimus</strong></span> <span class='ocrx_word' id='word_1_216' title='bbox 457 2946 518 3009; x_wconf 90' lang='lat' dir='ltr'><strong>hoc</strong></span> <span class='ocrx_word' id='word_1_217' title='bbox 542 2945 797 3021; x_wconf 87' lang='lat' dir='ltr'><strong>accommodem,</strong></span> <span class='ocrx_word' id='word_1_218' title='bbox 834 2964 934 3027; x_wconf 91' lang='lat' dir='ltr'><strong>quum</strong></span> <span class='ocrx_word' id='word_1_219' title='bbox 959 2945 1212 3025; x_wconf 86' lang='lat' dir='ltr'><strong>conciperentur</strong></span> <span class='ocrx_word' id='word_1_220' title='bbox 1236 2942 1303 3006; x_wconf 85' lang='lat' dir='ltr'><strong>visa</strong></span> <span class='ocrx_word' id='word_1_221' title='bbox 1322 2960 1367 3004; x_wconf 85' lang='lat' dir='ltr'><strong>ac·</strong></span> 
     </span>
     <span class='ocr_line' id='line_1_26' title="bbox 178 3047 1366 3134; baseline -0.003 -20"><span class='ocrx_word' id='word_1_222' title='bbox 178 3052 300 3115; x_wconf 87' lang='lat' dir='ltr'><strong>tionum</strong></span> <span class='ocrx_word' id='word_1_223' title='bbox 325 3055 473 3134; x_wconf 88' lang='lat' dir='ltr'><strong>tempore</strong></span> <span class='ocrx_word' id='word_1_224' title='bbox 498 3052 700 3116; x_wconf 88' lang='lat' dir='ltr'><strong>diversarum</strong></span> <span class='ocrx_word' id='word_1_225' title='bbox 724 3051 865 3115; x_wconf 90' lang='lat' dir='ltr'><strong>necdum</strong></span> <span class='ocrx_word' id='word_1_226' title='bbox 890 3054 999 3115; x_wconf 90' lang='lat' dir='ltr'><strong>essent</strong></span> <span class='ocrx_word' id='word_1_227' title='bbox 1028 3055 1180 3132; x_wconf 88' lang='lat' dir='ltr'><strong>tempora</strong></span> <span class='ocrx_word' id='word_1_228' title='bbox 1211 3048 1312 3121; x_wconf 75' lang='lat' dir='ltr'><strong>verbi,</strong></span> <span class='ocrx_word' id='word_1_229' title='bbox 1341 3047 1366 3110; x_wconf 87' lang='lat' dir='ltr'><strong>iu</strong></span> 
     </span>
    </p>
   </div>
   <div class='ocr_carea' id='block_1_4' title="bbox 206 3314 1376 4635">
    <p class='ocr_par' dir='ltr' id='par_1_4' title="bbox 248 3314 1373 4368">
     <span class='ocr_line' id='line_1_27' title="bbox 251 3314 1368 3389; baseline -0.004 -18"><span class='ocrx_word' id='word_1_230' title='bbox 251 3319 321 3372; x_wconf 85' lang='lat' dir='ltr'><strong>lecta</strong></span> <span class='ocrx_word' id='word_1_231' title='bbox 340 3320 504 3389; x_wconf 86' lang='lat' dir='ltr'><strong>appellabat,</strong></span> <span class='ocrx_word' id='word_1_232' title='bbox 523 3319 684 3374; x_wconf 81' lang='lat' dir='ltr'><strong>indicativus</strong></span> <span class='ocrx_word' id='word_1_233' title='bbox 703 3325 751 3372; x_wconf 88' lang='lat' dir='ltr'><strong>aut</strong></span> <span class='ocrx_word' id='word_1_234' title='bbox 768 3317 870 3387; x_wconf 89' lang='lat' dir='ltr'><strong>primas</strong></span> <span class='ocrx_word' id='word_1_235' title='bbox 882 3314 1033 3386; x_wconf 87' lang='lat' dir='ltr'><strong>personas),</strong></span> <span class='ocrx_word' id='word_1_236' title='bbox 1052 3332 1141 3384; x_wconf 86' lang='lat' dir='ltr'><strong>eaque</strong></span> <span class='ocrx_word' id='word_1_237' title='bbox 1161 3320 1304 3383; x_wconf 77' lang='lat' dir='ltr'><strong>comparat</strong></span> <span class='ocrx_word' id='word_1_238' title='bbox 1317 3328 1368 3366; x_wconf 85' lang='lat' dir='ltr'><strong>curu</strong></span> 
     </span>
     <span class='ocr_line' id='line_1_28' title="bbox 250 3404 1367 3476; baseline -0.001 -18"><span class='ocrx_word' id='word_1_239' title='bbox 250 3409 388 3474; x_wconf 80' lang='lat' dir='ltr'><strong>incipeaao,</strong></span> <span class='ocrx_word' id='word_1_240' title='bbox 408 3410 481 3476; x_wconf 91' lang='lat' dir='ltr'><strong>quod</strong></span> <span class='ocrx_word' id='word_1_241' title='bbox 501 3410 626 3463; x_wconf 80' lang='lat' dir='ltr'><strong>futurum</strong></span> <span class='ocrx_word' id='word_1_242' title='bbox 646 3407 790 3466; x_wconf 77' lang='lat' dir='ltr'><strong>asseruit,</strong></span> <span class='ocrx_word' id='word_1_243' title='bbox 815 3407 933 3460; x_wconf 82' lang='lat' dir='ltr'><strong>formam</strong></span> <span class='ocrx_word' id='word_1_244' title='bbox 951 3406 1034 3458; x_wconf 88' lang='lat' dir='ltr'><strong>etiam</strong></span> <span class='ocrx_word' id='word_1_245' title='bbox 1054 3404 1179 3472; x_wconf 86' lang='lat' dir='ltr'><strong>aliquam</strong></span> <span class='ocrx_word' id='word_1_246' title='bbox 1198 3404 1261 3474; x_wconf 88' lang='lat' dir='ltr'><strong>ipse</strong></span> <span class='ocrx_word' id='word_1_247' title='bbox 1278 3405 1367 3472; x_wconf 65' lang='lat' dir='ltr'><strong>cupra</strong></span> 
     </span>
     <span class='ocr_line' id='line_1_29' title="bbox 250 3488 1369 3566; baseline -0.004 -19"><span class='ocrx_word' id='word_1_248' title='bbox 250 3498 409 3564; x_wconf 72' lang='lat' dir='ltr'><strong>imipeeaim,</strong></span> <span class='ocrx_word' id='word_1_249' title='bbox 434 3514 518 3566; x_wconf 85' lang='lat' dir='ltr'><strong>quam</strong></span> <span class='ocrx_word' id='word_1_250' title='bbox 537 3514 587 3565; x_wconf 91' lang='lat' dir='ltr'><strong>pro</strong></span> <span class='ocrx_word' id='word_1_251' title='bbox 606 3500 734 3565; x_wconf 83' lang='lat' dir='ltr'><strong>incepcim</strong></span> <span class='ocrx_word' id='word_1_252' title='bbox 753 3513 812 3549; x_wconf 85' lang='lat' dir='ltr'><strong>esse</strong></span> <span class='ocrx_word' id='word_1_253' title='bbox 831 3496 903 3549; x_wconf 89' lang='lat' dir='ltr'><strong>dicit.</strong></span> <span class='ocrx_word' id='word_1_254' title='bbox 943 3495 977 3548; x_wconf 78' lang='lat' dir='ltr'><strong>At</strong></span> <span class='ocrx_word' id='word_1_255' title='bbox 996 3510 1134 3562; x_wconf 88' lang='lat' dir='ltr'><strong>nusquam</strong></span> <span class='ocrx_word' id='word_1_256' title='bbox 1155 3498 1210 3557; x_wconf 86' lang='lat' dir='ltr'><strong>est;</strong></span> <span class='ocrx_word' id='word_1_257' title='bbox 1241 3498 1270 3547; x_wconf 85' lang='lat' dir='ltr'><strong>et</strong></span> <span class='ocrx_word' id='word_1_258' title='bbox 1287 3488 1369 3547; x_wconf 76' lang='lat' dir='ltr'><strong>oblivi-</strong></span> 
     </span>
     <span class='ocr_line' id='line_1_30' title="bbox 249 3582 1369 3655; baseline -0.002 -18"><span class='ocrx_word' id='word_1_259' title='bbox 249 3584 341 3649; x_wconf 90' lang='lat' dir='ltr'><strong>scitur,</strong></span> <span class='ocrx_word' id='word_1_260' title='bbox 369 3586 404 3638; x_wconf 88' lang='lat' dir='ltr'><strong>ad</strong></span> <span class='ocrx_word' id='word_1_261' title='bbox 429 3588 503 3655; x_wconf 89' lang='lat' dir='ltr'><strong>quod</strong></span> <span class='ocrx_word' id='word_1_262' title='bbox 527 3586 649 3654; x_wconf 86' lang='lat' dir='ltr'><strong>Hjortius</strong></span> <span class='ocrx_word' id='word_1_263' title='bbox 668 3604 694 3655; x_wconf 92' lang='lat' dir='ltr'><strong>p.</strong></span> <span class='ocrx_word' id='word_1_264' title='bbox 715 3584 766 3637; x_wconf 78' lang='lat'><strong>132</strong></span> <span class='ocrx_word' id='word_1_265' title='bbox 785 3585 909 3648; x_wconf 88' lang='lat' dir='ltr'><strong>attendit,</strong></span> <span class='ocrx_word' id='word_1_266' title='bbox 937 3586 1078 3651; x_wconf 70' lang='lat' dir='ltr'><strong>inoperata</strong></span> <span class='ocrx_word' id='word_1_267' title='bbox 1096 3582 1138 3636; x_wconf 89' lang='lat' dir='ltr'><strong>bis</strong></span> <span class='ocrx_word' id='word_1_268' title='bbox 1158 3583 1235 3651; x_wconf 89' lang='lat' dir='ltr'><strong>apud</strong></span> <span class='ocrx_word' id='word_1_269' title='bbox 1255 3582 1369 3636; x_wconf 81' lang='lat' dir='ltr'><strong>Plautum</strong></span> 
     </span>
     <span class='ocr_line' id='line_1_31' title="bbox 249 3669 1369 3744; baseline -0.004 -18"><span class='ocrx_word' id='word_1_270' title='bbox 249 3690 311 3727; x_wconf 90' lang='lat' dir='ltr'><strong>cum</strong></span> <span class='ocrx_word' id='word_1_271' title='bbox 331 3675 384 3728; x_wconf 87' lang='lat' dir='ltr'><strong>alio</strong></span> <span class='ocrx_word' id='word_1_272' title='bbox 403 3681 537 3744; x_wconf 80' lang='lat' dir='ltr'><strong>praesente</strong></span> <span class='ocrx_word' id='word_1_273' title='bbox 557 3675 693 3744; x_wconf 77' lang='lat' dir='ltr'><strong>coniungi,</strong></span> <span class='ocrx_word' id='word_1_274' title='bbox 713 3678 875 3742; x_wconf 76' lang='lat' dir='ltr'><strong>incipeasom</strong></span> <span class='ocrx_word' id='word_1_275' title='bbox 894 3689 957 3726; x_wconf 88' lang='lat' dir='ltr'><strong>cum</strong></span> <span class='ocrx_word' id='word_1_276' title='bbox 970 3673 1062 3725; x_wconf 83' lang='lat' dir='ltr'><strong>tuturo</strong></span> <span class='ocrx_word' id='word_1_277' title='bbox 1076 3669 1236 3737; x_wconf 76' lang='lat' dir='ltr'><strong>(instituam</strong></span> <span class='ocrx_word' id='word_1_278' title='bbox 1249 3671 1303 3726; x_wconf 82' lang='lat' dir='ltr'><strong>llil</strong></span> <span class='ocrx_word' id='word_1_279' title='bbox 1314 3669 1369 3739; x_wconf 68' lang='lat' dir='ltr'><strong>glor.</strong></span> 
     </span>
     <span class='ocr_line' id='line_1_32' title="bbox 248 3758 1370 3832; baseline -0.001 -18"><span class='ocrx_word' id='word_1_280' title='bbox 248 3763 281 3826; x_wconf 94' lang='lat' dir='ltr'><strong>ll,</strong></span> <span class='ocrx_word' id='word_1_281' title='bbox 301 3762 325 3825; x_wconf 79' lang='lat'><strong>2,</strong></span> <span class='ocrx_word' id='word_1_282' title='bbox 344 3762 403 3827; x_wconf 71' lang='lat'>8⁶2);</span> <span class='ocrx_word' id='word_1_283' title='bbox 428 3766 596 3820; x_wconf 89' lang='lat' dir='ltr'><strong>obliviscitur</strong></span> <span class='ocrx_word' id='word_1_284' title='bbox 614 3764 733 3832; x_wconf 90' lang='lat' dir='ltr'><strong>denique</strong></span> <span class='ocrx_word' id='word_1_285' title='bbox 752 3763 847 3816; x_wconf 86' lang='lat' dir='ltr'><strong>similis</strong></span> <span class='ocrx_word' id='word_1_286' title='bbox 866 3761 942 3815; x_wconf 89' lang='lat' dir='ltr'><strong>verbi</strong></span> <span class='ocrx_word' id='word_1_287' title='bbox 956 3769 1061 3829; x_wconf 66' lang='lat' dir='ltr'><strong>pete-rao</strong></span> <span class='ocrx_word' id='word_1_288' title='bbox 1080 3758 1166 3829; x_wconf 87' lang='lat' dir='ltr'><strong>(apud</strong></span> <span class='ocrx_word' id='word_1_289' title='bbox 1186 3760 1310 3823; x_wconf 67' lang='lat' dir='ltr'><strong>Festum,</strong></span> <span class='ocrx_word' id='word_1_290' title='bbox 1327 3758 1370 3812; x_wconf 71' lang='lat' dir='ltr'><strong>tn</strong></span> 
     </span>
     <span class='ocr_line' id='line_1_33' title="bbox 248 3850 1371 3922; baseline -0.002 -18"><span class='ocrx_word' id='word_1_291' title='bbox 248 3853 373 3916; x_wconf 88' lang='lat' dir='ltr'><strong>cretium,</strong></span> <span class='ocrx_word' id='word_1_292' title='bbox 393 3853 551 3907; x_wconf 89' lang='lat' dir='ltr'><strong>Ciceronem</strong></span> <span class='ocrx_word' id='word_1_293' title='bbox 565 3853 667 3922; x_wconf 81' lang='lat' dir='ltr'><strong>ipsum)</strong></span> <span class='ocrx_word' id='word_1_294' title='bbox 680 3852 879 3921; x_wconf 87' lang='lat' dir='ltr'><strong>compositique</strong></span> <span class='ocrx_word' id='word_1_295' title='bbox 892 3858 1032 3919; x_wconf 70' lang='lat' dir='ltr'><strong>expetesso,</strong></span> <span class='ocrx_word' id='word_1_296' title='bbox 1053 3865 1088 3903; x_wconf 82' lang='lat' dir='ltr'><strong>ne</strong></span> <span class='ocrx_word' id='word_1_297' title='bbox 1104 3850 1213 3915; x_wconf 73' lang='lat' dir='ltr'><strong>facesso</strong></span> <span class='ocrx_word' id='word_1_298' title='bbox 1231 3854 1261 3902; x_wconf 89' lang='lat' dir='ltr'><strong>et</strong></span> <span class='ocrx_word' id='word_1_299' title='bbox 1274 3863 1371 3917; x_wconf 72' lang='lat' dir='ltr'><strong>caprano</strong></span> 
     </span>
     <span class='ocr_line' id='line_1_34' title="bbox 248 3937 1372 4011; baseline -0.003 -18"><span class='ocrx_word' id='word_1_300' title='bbox 248 3957 471 3996; x_wconf 86' lang='lat' dir='ltr'><strong>commemorem.</strong></span> <span class='ocrx_word' id='word_1_301' title='bbox 518 3943 613 4011; x_wconf 82' lang='lat' dir='ltr'><strong>ltaque</strong></span> <span class='ocrx_word' id='word_1_302' title='bbox 640 3942 834 4011; x_wconf 79' lang='lat' dir='ltr'><strong>imperativum</strong></span> <span class='ocrx_word' id='word_1_303' title='bbox 863 3940 961 4002; x_wconf 78' lang='lat' dir='ltr'><strong>futuri,</strong></span> <span class='ocrx_word' id='word_1_304' title='bbox 990 3955 1087 4006; x_wconf 85' lang='lat' dir='ltr'><strong>quem,</strong></span> <span class='ocrx_word' id='word_1_305' title='bbox 1119 3937 1254 4007; x_wconf 85' lang='lat' dir='ltr'><strong>quicquid</strong></span> <span class='ocrx_word' id='word_1_306' title='bbox 1283 3937 1372 3997; x_wconf 80' lang='lat' dir='ltr'><strong>dicaut</strong></span> 
     </span>
     <span class='ocr_line' id='line_1_35' title="bbox 249 4024 1372 4100; baseline -0.001 -18"><span class='ocrx_word' id='word_1_307' title='bbox 249 4029 344 4097; x_wconf 73' lang='lat' dir='ltr'><strong>prisce</strong></span> <span class='ocrx_word' id='word_1_308' title='bbox 362 4030 462 4100; x_wconf 76' lang='lat' dir='ltr'><strong>linguae</strong></span> <span class='ocrx_word' id='word_1_309' title='bbox 480 4032 675 4086; x_wconf 87' lang='lat' dir='ltr'><strong>vindicandum</strong></span> <span class='ocrx_word' id='word_1_310' title='bbox 695 4035 782 4099; x_wconf 83' lang='lat' dir='ltr'><strong>putat,</strong></span> <span class='ocrx_word' id='word_1_311' title='bbox 802 4046 858 4083; x_wconf 91' lang='lat' dir='ltr'><strong>uon</strong></span> <span class='ocrx_word' id='word_1_312' title='bbox 876 4028 1039 4082; x_wconf 90' lang='lat' dir='ltr'><strong>babebimus</strong></span> <span class='ocrx_word' id='word_1_313' title='bbox 1058 4029 1190 4095; x_wconf 62' lang='lat' dir='ltr'><strong>impare</strong></span> <span class='ocrx_word' id='word_1_314' title='bbox 1210 4026 1328 4096; x_wconf 84' lang='lat' dir='ltr'><strong>(Captir.</strong></span> <span class='ocrx_word' id='word_1_315' title='bbox 1345 4024 1372 4081; x_wconf 88' lang='lat'><strong>11.</strong></span> 
     </span>
     <span class='ocr_line' id='line_1_36' title="bbox 250 4114 1373 4189; baseline 0.001 -21"><span class='ocrx_word' id='word_1_316' title='bbox 250 4117 273 4181; x_wconf 88' lang='lat'><strong>1,</strong></span> <span class='ocrx_word' id='word_1_317' title='bbox 292 4118 346 4183; x_wconf 70' lang='grc' dir='ltr'><strong>ι20).</strong></span> <span class='ocrx_word' id='word_1_318' title='bbox 384 4121 455 4174; x_wconf 93' lang='lat' dir='ltr'><strong>Nihil</strong></span> <span class='ocrx_word' id='word_1_319' title='bbox 474 4120 651 4181; x_wconf 81' lang='lat' dir='ltr'><strong>intercedam.</strong></span> <span class='ocrx_word' id='word_1_320' title='bbox 680 4122 701 4174; x_wconf 87' lang='lat' dir='ltr'><strong>si</strong></span> <span class='ocrx_word' id='word_1_321' title='bbox 731 4120 791 4189; x_wconf 90' lang='lat' dir='ltr'><strong>quis</strong></span> <span class='ocrx_word' id='word_1_322' title='bbox 820 4119 900 4182; x_wconf 84' lang='lat' dir='ltr'><strong>dicat,</strong></span> <span class='ocrx_word' id='word_1_323' title='bbox 929 4118 956 4170; x_wconf 91' lang='lat' dir='ltr'><strong>id</strong></span> <span class='ocrx_word' id='word_1_324' title='bbox 979 4117 1156 4180; x_wconf 86' lang='lat' dir='ltr'><strong>elementum,</strong></span> <span class='ocrx_word' id='word_1_325' title='bbox 1187 4117 1265 4186; x_wconf 92' lang='lat' dir='ltr'><strong>quod</strong></span> <span class='ocrx_word' id='word_1_326' title='bbox 1288 4116 1317 4171; x_wconf 88' lang='lat' dir='ltr'><strong>in</strong></span> <span class='ocrx_word' id='word_1_327' title='bbox 1338 4114 1373 4169; x_wconf 81' lang='lat' dir='ltr'><strong>bis</strong></span> 
     </span>
     <span class='ocr_line' id='line_1_37' title="bbox 248 4205 1373 4278; baseline -0.001 -19"><span class='ocrx_word' id='word_1_328' title='bbox 248 4207 338 4261; x_wconf 86' lang='lat' dir='ltr'><strong>verbis</strong></span> <span class='ocrx_word' id='word_1_329' title='bbox 356 4208 491 4278; x_wconf 75' lang='lat' dir='ltr'><strong>tingendis</strong></span> <span class='ocrx_word' id='word_1_330' title='bbox 510 4210 593 4264; x_wconf 85' lang='lat' dir='ltr'><strong>radici</strong></span> <span class='ocrx_word' id='word_1_331' title='bbox 612 4211 750 4264; x_wconf 83' lang='lat' dir='ltr'><strong>adiectum</strong></span> <span class='ocrx_word' id='word_1_332' title='bbox 769 4209 812 4273; x_wconf 93' lang='lat' dir='ltr'><strong>sit,</strong></span> <span class='ocrx_word' id='word_1_333' title='bbox 836 4213 920 4276; x_wconf 84' lang='lat' dir='ltr'><strong>atque</strong></span> <span class='ocrx_word' id='word_1_334' title='bbox 938 4207 974 4269; x_wconf 87' lang='lat' dir='ltr'><strong>id,</strong></span> <span class='ocrx_word' id='word_1_335' title='bbox 998 4223 1053 4275; x_wconf 92' lang='lat' dir='ltr'><strong>quo</strong></span> <span class='ocrx_word' id='word_1_336' title='bbox 1077 4211 1158 4259; x_wconf 88' lang='lat' dir='ltr'><strong>vetus</strong></span> <span class='ocrx_word' id='word_1_337' title='bbox 1182 4206 1312 4261; x_wconf 82' lang='lat' dir='ltr'><strong>futurum</strong></span> <span class='ocrx_word' id='word_1_338' title='bbox 1329 4205 1373 4258; x_wconf 87' lang='lat' dir='ltr'><strong>tor·</strong></span> 
     </span>
     <span class='ocr_line' id='line_1_38' title="bbox 249 4298 775 4368; baseline 0 -18"><span class='ocrx_word' id='word_1_339' title='bbox 249 4303 353 4351; x_wconf 88' lang='lat' dir='ltr'><strong>matum</strong></span> <span class='ocrx_word' id='word_1_340' title='bbox 373 4298 416 4364; x_wconf 89' lang='lat' dir='ltr'><strong>sit,</strong></span> <span class='ocrx_word' id='word_1_341' title='bbox 436 4304 558 4368; x_wconf 75' lang='lat' dir='ltr'><strong>cognata</strong></span> <span class='ocrx_word' id='word_1_342' title='bbox 577 4315 636 4353; x_wconf 87' lang='lat' dir='ltr'><strong>esse</strong></span> <span class='ocrx_word' id='word_1_343' title='bbox 656 4298 775 4367; x_wconf 78' lang='lat' dir='ltr'><strong>originis.</strong></span> 
     </span>
    </p>

    <p class='ocr_par' dir='ltr' id='par_1_5' title="bbox 206 4378 1376 4635">
     <span class='ocr_line' id='line_1_39' title="bbox 206 4378 1376 4457; baseline 0.002 -22"><span class='ocrx_word' id='word_1_344' title='bbox 206 4378 227 4446; x_wconf 89' lang='lat'><strong>¹)</strong></span> <span class='ocrx_word' id='word_1_345' title='bbox 247 4383 278 4436; x_wconf 95' lang='lat' dir='ltr'><strong>ln</strong></span> <span class='ocrx_word' id='word_1_346' title='bbox 297 4386 435 4441; x_wconf 87' lang='lat' dir='ltr'><strong>Sanscrita</strong></span> <span class='ocrx_word' id='word_1_347' title='bbox 453 4404 563 4457; x_wconf 86' lang='lat' dir='ltr'><strong>quoque</strong></span> <span class='ocrx_word' id='word_1_348' title='bbox 582 4388 675 4457; x_wconf 76' lang='lat' dir='ltr'><strong>lingua</strong></span> <span class='ocrx_word' id='word_1_349' title='bbox 694 4388 827 4449; x_wconf 82' lang='lat' dir='ltr'><strong>futurum,</strong></span> <span class='ocrx_word' id='word_1_350' title='bbox 847 4386 920 4455; x_wconf 94' lang='lat' dir='ltr'><strong>quod</strong></span> <span class='ocrx_word' id='word_1_351' title='bbox 933 4384 1085 4439; x_wconf 90' lang='lat' dir='ltr'><strong>secundum</strong></span> <span class='ocrx_word' id='word_1_352' title='bbox 1098 4384 1267 4454; x_wconf 86' lang='lat' dir='ltr'><strong>appellatur,</strong></span> <span class='ocrx_word' id='word_1_353' title='bbox 1285 4382 1376 4439; x_wconf 75' lang='lat' dir='ltr'><strong>radicis</strong></span> 
     </span>
     <span class='ocr_line' id='line_1_40' title="bbox 248 4473 1376 4545; baseline 0.001 -21"><span class='ocrx_word' id='word_1_354' title='bbox 248 4475 341 4542; x_wconf 66' lang='lat' dir='ltr'><strong>archip</strong></span> <span class='ocrx_word' id='word_1_355' title='bbox 360 4482 402 4530; x_wconf 89' lang='lat' dir='ltr'><strong>est</strong></span> <span class='ocrx_word' id='word_1_356' title='bbox 419 4479 606 4545; x_wconf 67' lang='lat' dir='ltr'><strong>kschpajdmi,</strong></span> <span class='ocrx_word' id='word_1_357' title='bbox 625 4476 804 4545; x_wconf 69' lang='lat' dir='ltr'><strong>preteritum,</strong></span> <span class='ocrx_word' id='word_1_358' title='bbox 823 4475 897 4544; x_wconf 90' lang='lat' dir='ltr'><strong>quod</strong></span> <span class='ocrx_word' id='word_1_359' title='bbox 916 4478 1125 4544; x_wconf 75' lang='lat' dir='ltr'><strong>augmentatum</strong></span> <span class='ocrx_word' id='word_1_360' title='bbox 1144 4473 1376 4529; x_wconf 77' lang='lat' dir='ltr'><strong>multiformem</strong></span> 
     </span>
     <span class='ocr_line' id='line_1_41' title="bbox 247 4564 1120 4635; baseline 0.003 -22"><span class='ocrx_word' id='word_1_361' title='bbox 247 4568 353 4628; x_wconf 86' lang='lat' dir='ltr'><strong>caruut,</strong></span> <span class='ocrx_word' id='word_1_362' title='bbox 373 4567 501 4635; x_wconf 86' lang='lat' dir='ltr'><strong>quodque</strong></span> <span class='ocrx_word' id='word_1_363' title='bbox 520 4565 621 4620; x_wconf 83' lang='lat' dir='ltr'><strong>eoristo</strong></span> <span class='ocrx_word' id='word_1_364' title='bbox 640 4564 728 4634; x_wconf 87' lang='lat' dir='ltr'><strong>primo</strong></span> <span class='ocrx_word' id='word_1_365' title='bbox 747 4564 902 4633; x_wconf 85' lang='lat' dir='ltr'><strong>respondet,</strong></span> <span class='ocrx_word' id='word_1_366' title='bbox 921 4565 1120 4631; x_wconf 56' lang='lat' dir='ltr'><strong>machabaeam·</strong></span> 
     </span>
    </p>
   </div>
   <div class='ocr_carea' id='block_1_5' title="bbox 0 0 1499 5190">
    <p class='ocr_par' dir='ltr' id='par_1_6' title="bbox 0 0 1499 5190">
     <span class='ocr_line' id='line_1_42' title="bbox 0 0 1499 5190; baseline 0 0"><span class='ocrx_word' id='word_1_367' title='bbox 0 0 1499 5190; x_wconf 95' lang='lat' dir='ltr'><strong> </strong></span> 
     </span>
    </p>
   </div>
  </div>
 </body>
</html>
