2956 5190
615 287 680 352 663

38 483 132 550 latet
154 482 277 566 aliquid
299 481 333 546 111
356 484 420 547 hac
442 482 607 564 scriptura
630 480 793 546 codicum:
828 481 893 547 Hic
922 482 1004 572 1111111
1027 485 1176 570 estquod
1196 508 1249 551 su·

38 591 219 675 epimonem
241 608 303 654 noc
320 590 448 674 putetis.
483 590 568 653 Nam
591 589 662 670 ipse
685 587 797 655 Cicero
821 589 867 654 sic
890 589 1033 655 scribere
1049 611 1116 657 non
1131 595 1247 675 potuit,

39 698 113 764 hoc
135 697 320 780 praesertim
343 696 522 761 verborum
545 697 667 775 ordine,
691 696 898 778 praecedente
921 695 1151 780 substantivo.)
1160 694 1187 781 ¹)

139 803 176 868 In
198 802 345 869 oratione
367 821 428 885 pro
451 801 569 868 Milone
592 803 673 867 nihil
701 803 807 868 dicam
836 801 877 866 de
906 803 1107 884 praenomine
1135 823 1248 870 neces·

41 912 139 979 sario
160 911 194 975 111
217 908 236 991 ἕ
259 910 302 975 26
327 928 367 973 ex
396 909 594 991 praecedenti
625 908 734 974 littera
765 911 868 974 eruto.
914 908 980 973 Sed
1003 907 1021 990 ὅ
1044 909 1088 975 65
1116 913 1248 977 secutus

41 1036 139 1083 nunc
161 1036 234 1082 sum
262 1015 483 1080 coniecturam
511 1016 588 1080 olim
618 1015 745 1081 silentio
775 1034 934 1098 pressam.
980 1015 1065 1081 Nam
1097 1017 1184 1099 quod
1215 1019 1249 1083 111

43 1124 217 1191 codicibus
245 1122 413 1188 scribitur:
451 1122 535 1202 Quin
558 1123 652 1186 etiem
673 1121 774 1204 fuerit
797 1120 977 1186 audiendas
992 1142 1080 1206 popa
1104 1122 1250 1189 [risimus

43 1235 125 1310 cet,
159 1230 193 1295 id
221 1228 347 1295 nullum
375 1228 475 1294 alium
499 1228 614 1311 recipit
636 1229 831 1294 coniunctivi
853 1229 942 1293 modi
965 1228 1164 1294 intellectum
1187 1230 1249 1296 nisi

44 1338 156 1403 hunc:
194 1336 277 1416 Quin
310 1335 525 1418 concedamus,
560 1334 706 1419 Pompeio
737 1334 898 1399 Licinium
927 1334 1122 1399 audiendum
1148 1335 1250 1418 fuisse

45 1441 289 1528 (exspectatum
326 1441 421 1506 Illud
447 1449 552 1506 tumen
580 1441 706 1506 concedi
731 1443 837 1527 nequit
864 1439 955 1524 331.);
990 1461 1064 1525 quae
1086 1443 1248 1509 sententia

45 1550 246 1634 pravissima
270 1551 329 1613 est.
375 1548 443 1612 Nec
466 1550 543 1634 quin
571 1550 665 1613 etiam
696 1553 784 1613 recte
814 1550 954 1632 ponitur,
990 1549 1144 1631 quoniam
1177 1551 1248 1616 haec

45 1675 119 1723 non
141 1656 289 1739 proxime
312 1655 577 1737 superadduntur
599 1674 674 1720 cum
690 1655 850 1721 adscensu
865 1656 936 1721 aliis
952 1657 1133 1722 minoribus
1148 1658 1248 1723 rebus

45 1761 99 1847 (in
123 1760 142 1843 ἓ
165 1759 232 1843 64),
261 1760 319 1825 sed
342 1761 386 1826 ad
409 1781 494 1840 eam,
525 1781 599 1844 quse
621 1761 813 1844 interposita
836 1765 895 1841 est,
930 1764 1125 1827 sententiam
1149 1783 1248 1846 gene·

47 1869 156 1935 ralem
180 1868 400 1950 adiunguntur
423 1868 563 1950 exempli
587 1873 619 1933 et
642 1868 895 1934 confirmationis
917 1868 999 1934 loco.
1034 1870 1147 1953 Itaque
1170 1890 1248 1937 cau·

46 1976 155 2042 salem
186 1976 341 2041 orationis
374 1977 513 2041 1311113111
545 1975 685 2040 restitui:
721 1976 773 2039 cui
802 1976 897 2039 ctiam
926 1976 1028 2057 fuerit
1059 1976 1247 2043 audiendus.

47 2082 119 2149 Sed
146 2082 245 2165 paulo
274 2082 385 2148 durius
416 2082 527 2149 Cicero
555 2082 589 2146 in
617 2083 808 2165 pronomine
842 2082 886 2147 36
922 2102 1021 2159 unum
1056 2083 1247 2166 Pompeium

46 2188 158 2267 rediit,
177 2208 215 2253 a
237 2209 304 2271 quo
325 2190 473 2272 proxime
497 2192 573 2253 ante
601 2189 765 2272 appellato
788 2189 994 2268 sententiam,
1030 2190 1119 2271 quod
1142 2191 1248 2256 lenem

48 2296 341 2377 reprehensionem
363 2295 520 2372 habebat,
544 2296 587 2360 ad
609 2298 714 2360 toturn
738 2314 840 2377 genus
863 2294 1050 2361 deflexerat.

141 2402 178 2466 ln
201 2401 317 2467 eadem
347 2403 494 2467 oratione
522 2400 605 2483 §67
635 2402 681 2467 sic
708 2401 864 2485 scripturn
894 2406 979 2468 erat:
1018 2402 1133 2468 Omnia
1158 2404 1248 2487 falsa

49 2514 147 2593 atque
173 2508 324 2573 insidiose
354 2508 430 2591 ficta
464 2517 620 2593 comperta
647 2515 729 2574 sunt.
779 2508 867 2587 Quod
900 2510 929 2573 si
962 2516 1067 2574 tamen
1101 2512 1250 2576 metuitur

49 2616 149 2678 ctiam
170 2635 254 2679 runc
277 2614 367 2697 Milo,
395 2635 459 2679 rore
485 2616 552 2679 ium
574 2614 631 2679 loc
655 2614 842 2679 Clodianum
867 2615 985 2679 crimen
1008 2617 1160 2701 timemus,
1195 2616 1250 2682 sed

48 2729 136 2803 tuas,
173 2720 229 2785 On.
259 2721 398 2805 Pompei,
434 2756 475 2766 -
511 2724 701 2807 suspiciones
729 2722 1009 2806 perhorrescimus.
1062 2723 1175 2805 Neque
1211 2743 1250 2789 ea

51 2827 254 2894 continuatio
288 2828 464 2910 superioris
498 2831 668 2894 sententiae
703 2832 736 2893 et
769 2830 924 2895 orationis
958 2829 1010 2895 hic
1045 2835 1108 2907 est,
1150 2850 1249 2913 quam

50 2935 223 3018 particulae
256 2934 344 3021 quod.
372 2936 401 2998 si
434 2936 593 3015 indicant,
629 2939 662 3001 et
695 2936 860 3019 subinepti
894 2936 1017 3019 aliquid
1050 2937 1152 3002 habet
1178 2937 1250 3002 haec

50 3041 180 3106 timoris
202 3042 296 3124 longe
320 3041 439 3106 diversi
463 3042 496 3105 in
519 3042 642 3124 protasi
666 3047 698 3108 et
721 3043 857 3125 apodosi
881 3044 1078 3109 coniunctio:
1111 3044 1148 3109 Si
1170 3043 1250 3109 Milo

50 3148 213 3229 metuitur,
237 3182 281 3193 -
304 3149 456 3227 timemus,
488 3149 521 3212 in
549 3169 615 3231 qua
642 3148 758 3214 saltem
788 3149 955 3214 conversio
978 3150 1022 3215 ad
1053 3151 1249 3217 contrariam

51 3259 181 3339 partem
206 3254 312 3320 notari
341 3254 454 3319 debuit
483 3253 552 3338 (reos
574 3276 655 3332 vcro,
673 3246 676 3251 ’
692 3259 749 3319 3111
777 3254 946 3338 similiter).
1001 3257 1066 3322 Sed
1093 3258 1249 3323 mendum

53 3362 191 3426 subesse
215 3361 341 3427 codices
366 3361 542 3426 declarant.
589 3362 673 3427 Nam
696 3361 830 3447 quodsi
857 3370 970 3439 tamen,
995 3364 1084 3445 quod
1106 3364 1250 3446 primum
1264 3377 1304 3419 ³²⁹

53 3467 90 3533 in
113 3468 262 3550 exemplo
285 3467 500 3533 Lambiniano
523 3468 661 3551 repetito
690 3468 830 3550 positum
855 3469 992 3548 videtur,
1021 3471 1054 3534 in
1082 3471 1172 3536 nullo
1196 3490 1250 3535 co·

55 3574 128 3639 dice
150 3577 315 3657 repertum
339 3579 399 3653 est,
423 3575 482 3639 sed
505 3575 538 3640 111
554 3575 745 3653 Erfurtensi,
769 3575 897 3641 duobus
914 3576 1028 3654 Onon,
1053 3577 1249 3659 quibusdam

55 3680 267 3746 editionibus:
302 3702 372 3745 cum
403 3689 507 3745 tamen
537 3683 575 3760 si,
610 3683 643 3745 in
674 3681 805 3763 reliquis
828 3682 924 3766 (Oxx.
948 3685 979 3761 4,
1012 3683 1251 3749 Parisiensibus

54 3787 264 3866 Steinmetzii,
289 3787 364 3870 331.)
387 3809 445 3851 cur
467 3795 573 3852 temen
594 3789 633 3852 si.
669 3786 729 3870 (De
753 3789 867 3854 ceteris
890 3789 1022 3872 optimis
1045 3794 1165 3871 praeter
1184 3790 1250 3855 Eri.

54 3894 135 3958 nihil
162 3898 311 3960 notatum
340 3891 413 3976 est.)
469 3894 521 3958 Ad
549 3894 718 3959 sententiae
746 3915 953 3978 progressum
982 3896 1163 3961 attendenti
1191 3917 1251 3980 ap·
1285 3880 1288 3887 ¹

55 4000 194 4084 parebit,
230 4001 417 4067 Ciceronem
446 4001 630 4067 necessario
653 4002 874 4067 narrationem
903 4004 949 4067 sic
977 4004 1180 4082 concludere,
1216 4008 1252 4069 ut

56 4107 176 4190 iniquae
199 4108 390 4190 suspicionis
415 4107 677 4186 obstinationem,
701 4127 743 4172 ne
765 4108 811 4172 sic
835 4109 966 4191 quidem
983 4110 1251 4192 conquiescentis,

56 4212 224 4294 significet,
260 4214 377 4279 deinde
411 4215 486 4279 hinc
521 4217 731 4278 vehementer
766 4216 946 4280 orationem
982 4216 1025 4281 ad
1059 4217 1251 4300 Pompeium

56 4336 132 4383 curn
156 4320 287 4401 querela
316 4324 505 4386 convertere
534 4319 620 4403 (Non
642 4321 709 4384 iam
733 4320 819 4403 331).
865 4322 979 4403 ltaque
1008 4323 1088 4388 mihi
1117 4344 1135 4388 e
1164 4323 1253 4390 codi-

83 4543 108 4614 ')
126 4545 248 4615 [correxi
266 4556 374 4619 postea:
394 4554 547 4621 suspicione
564 4547 716 4620 occupetis]
