2956 5190
757 249 823 315 254

193 442 413 526 attenderunt)
438 463 477 509 ee
500 447 550 509 est
571 445 664 522 ratio,
696 451 733 509 ut
755 463 868 509 versus
891 443 962 507 illos
984 462 1051 509 non
1073 444 1120 509 ab
1143 443 1217 527 ipso
1239 443 1354 513 numu

192 551 329 634 scriptos
352 570 423 616 esse
447 550 526 617 satis
550 554 685 629 constet,
721 550 780 615 sed
810 554 921 614 tamen
944 549 1134 616 huiusmodi
1157 549 1278 634 aliquid
1295 550 1355 617 desi

192 659 299 723 derari
327 657 536 722 manifestum
570 657 621 735 sit,
656 677 757 740 quum
792 675 905 722 omnes
939 657 1065 722 codices
1100 655 1147 721 ob
1182 676 1357 725 communen

191 765 347 848 originem
371 766 477 829 manci
501 765 575 829 sint.
585 759 611 845 ¹)
645 764 713 828 lam
736 767 807 829 haec
830 764 1007 846 disputatio
1030 764 1141 828 adea
1164 762 1357 843 transferetur,

191 891 330 953 quorum
361 892 460 936 causa
490 872 560 936 haec
584 872 777 954 praeparavi.
824 869 1004 935 Ostendam
1035 871 1125 935 enim
1157 870 1192 934 in
1222 889 1286 935 nno
1309 871 1359 937 lou

191 978 264 1043 libri
287 977 392 1060 primi,
428 978 530 1043 altero
558 978 691 1042 secundi
721 977 853 1041 lacunas
881 996 953 1041 esse
980 977 1201 1060 complurium
1223 996 1359 1055 versum,

191 1084 309 1166 quibus
343 1104 409 1149 non
444 1083 679 1149 animadversis
714 1085 796 1149 ratio
830 1085 1000 1148 sententia
1029 1088 1063 1149 et
1090 1086 1269 1150 verborum
1293 1084 1359 1151 rem

190 1190 279 1255 nullo
312 1191 410 1256 modo
445 1199 532 1256 recte
566 1193 678 1273 possit.
735 1191 927 1272 Disputatur
965 1191 998 1255 in
1040 1191 1154 1273 aliqua
1188 1194 1280 1274 parte
1308 1190 1360 1257 linit

190 1297 297 1378 primi,
333 1296 438 1362 Omne
461 1296 501 1379 (rt
527 1296 594 1379 πᾶν)
622 1297 783 1362 infinitum
812 1316 893 1374 esse,
930 1316 1063 1379 corpore
1096 1302 1130 1362 et
1162 1300 1270 1381 spatio
1295 1296 1375 1365 inni

191 1422 435 1485 quoquoversus
466 1404 535 1468 sine
566 1404 667 1468 limite
694 1404 893 1487 patentibus,
928 1404 1035 1486 idque,
1070 1409 1109 1469 nt
1138 1404 1226 1470 solet
1254 1403 1361 1469 fieri·

191 1509 320 1592 Epicuri
343 1510 512 1592 disciplina
536 1516 568 1575 et
592 1510 680 1592 apud
703 1512 886 1575 Lucretium
915 1512 1105 1593 saepissime,
1135 1511 1246 1594 agitur
1271 1510 1360 1577 iisdm

191 1617 390 1698 argumentis
412 1637 530 1698 pamm
553 1618 722 1695 subtiliter,
748 1618 841 1700 quasi
864 1617 993 1683 diversa
1015 1620 1090 1697 sint,
1115 1619 1150 1683 in
1171 1618 1272 1683 aliam
1286 1620 1361 1701 atqu

180 1723 288 1787 ¹aliam
312 1723 452 1789 formam
477 1726 648 1789 conversis
695 1724 767 1789 Hoc
789 1724 860 1789 loco
888 1726 922 1789 hi
949 1745 1063 1789 versus
1093 1727 1263 1806 ponuntur
1283 1721 1359 1807 (lum

190 1826 291 1910 [1008
315 1828 368 1912 Β.]
391 1830 492 1913 sqq.):

321 1989 396 2071 Ipsa
419 1990 553 2054 modum
576 2010 673 2072 porro
696 1990 758 2055 sihi
781 2010 889 2054 rerum
913 2009 1043 2054 summa
1064 2009 1186 2074 parare

320 2096 369 2160 Ne
392 2099 504 2178 possit,
529 2100 647 2161 natura
671 2101 769 2173 tenet,
794 2096 871 2178 quia
896 2116 1012 2178 corpus
1035 2096 1135 2175 inani,

320 2204 361 2268 Et
384 2204 472 2285 quod
495 2205 592 2267 inane
616 2208 726 2268 autem
751 2208 809 2281 est,
833 2203 917 2267 finiri
941 2222 1075 2285 corpore
1097 2205 1197 2286 cogit,

321 2309 365 2374 Ut
387 2310 432 2374 sic
456 2310 589 2375 alternis
612 2310 737 2375 infinita
761 2311 871 2374 omnia
894 2309 1021 2374 reddat.

320 2416 387 2481 Aut
410 2417 508 2481 etiam
533 2416 725 2480 alterutrum
747 2417 808 2480 nisi
832 2417 984 2481 terminet
1007 2416 1146 2480 alterum
1171 2435 1285 2482 eorum

320 2523 472 2604 Simpliee
494 2526 614 2587 natura
636 2527 750 2605 pateat
772 2527 884 2587 tamen
907 2523 1161 2587 immoderatum

319 2630 386 2693 Neo
409 2649 501 2694 mare
523 2649 583 2694 neo
606 2630 700 2693 tellus
725 2649 785 2693 nec
808 2629 877 2693 caeli
902 2630 1008 2693 lucida
1032 2629 1157 2712 templa

319 2736 386 2800 Nec
409 2736 546 2800 mortale
569 2755 670 2817 genus
693 2755 753 2799 nee
777 2736 886 2799 divom
911 2755 1046 2817 corpora
1070 2740 1187 2801 sancte

319 2843 478 2924 Exiguum
502 2846 635 2925 possent
657 2843 751 2907 horai
774 2842 889 2906 sistere
913 2846 1052 2924 tempus.

92 3040 95 3045 -
132 3016 171 3056 ³¹³
185 3004 226 3067 Et
248 3003 425 3085 primorum
451 3003 582 3084 quidem
606 3006 760 3085 quattuor
788 3022 941 3067 versuum
965 3004 1126 3068 sententia
1151 3003 1295 3079 obscura,
1310 3019 1362 3066 non

185 3113 250 3186 est;
285 3129 325 3174 ex
348 3111 477 3192 Epicuri
502 3109 588 3173 enim
612 3109 769 3186 doctrina,
801 3129 901 3192 quum
925 3111 1029 3174 omnis
1053 3113 1173 3175 natura
1196 3129 1238 3175 ex
1261 3107 1361 3175 atomis

185 3214 346 3298 (corpore)
370 3220 403 3280 et
426 3216 513 3280 inani
537 3218 696 3298 separatis
721 3221 893 3294 constaret,
917 3217 944 3280 si
967 3220 1084 3281 natura
1108 3217 1201 3281 finita
1219 3220 1313 3293 esset,
1333 3232 1363 3278 eu

184 3343 261 3404 pars
285 3323 363 3400 eiuS,
400 3344 473 3404 quae
503 3344 635 3405 corpore
666 3328 839 3401 constaret,
875 3324 1021 3387 finiretur
1044 3323 1146 3397 inani3
1181 3324 1245 3389 hoc
1269 3328 1364 3387 autem

184 3430 302 3510 ipsum,
326 3433 362 3493 ut
385 3449 457 3494 esse
481 3430 607 3494 finitum
630 3435 749 3512 posset,
774 3430 920 3509 haberet,
950 3451 1015 3513 quo
1038 3432 1200 3507 smiretur3
1235 3430 1270 3495 id
1291 3432 1364 3495 esset

183 3536 368 3600 necessario
391 3555 524 3618 corpus;
556 3538 622 3601 iam
645 3538 707 3601 hoo
731 3556 857 3618 corpus,
883 3539 970 3618 quod
993 3539 1088 3602 inane
1112 3538 1230 3616 finiret,
1260 3539 1364 3603 iterum

184 3644 291 3724 ipsum
314 3642 460 3708 finiretur
483 3645 587 3719 inani;
612 3645 782 3708 exsisteret
805 3645 901 3725 igitur
923 3645 1110 3710 vicissitudo
1133 3649 1304 3727 perpetua,
1324 3642 1365 3707 in·
1400 3708 1402 3717 ,

182 3749 273 3814 finita
304 3750 414 3814 omnia
444 3750 594 3815 reddens
646 3751 766 3814 Verum
803 3751 843 3814 de
878 3751 1005 3815 duobus
1040 3750 1194 3834 proximis
1228 3748 1365 3815 versibus

183 3877 360 3939 eorumque
384 3877 457 3921 cum
481 3857 529 3933 iis,
554 3859 608 3939 qui
633 3878 687 3923 eos
712 3859 883 3940 excipiunt,
915 3858 1139 3923 coniunctione
1162 3858 1260 3923 valde
1282 3856 1366 3922 dubi·

183 3968 285 4040 tatur;
309 3965 419 4046 itaque
442 3964 531 4027 nulla
555 3965 823 4045 interpunctionis
847 3966 939 4047 signa
963 3966 1066 4047 posui.
1101 3965 1256 4030 Affirmat
1279 3966 1366 4030 Lam·

181 4069 288 4147 binus,
312 4071 339 4135 si
362 4072 433 4154 quis
457 4071 546 4135 locus
571 4073 603 4135 in
626 4074 687 4136 hoo
711 4072 792 4137 libro
817 4072 954 4136 difficilis
979 4072 1020 4136 sit
1044 4076 1076 4136 et
1095 4072 1267 4149 obscurus,
1291 4074 1367 4137 huna

210 4314 230 4383 ¹)
250 4316 465 4384 [Nominativum
493 4325 566 4374 recte
593 4320 786 4375 Lachmannus
814 4320 942 4383 defendit,
972 4337 1027 4374 non
1052 4320 1117 4374 ilem
1141 4336 1255 4389 zeugma
1278 4319 1369 4373 durum

252 4407 279 4460 in
298 4406 523 4477 consummatura]
