2956 5190
581 1639 587 1650 ·
626 1616 720 1712 XIX
748 1614 857 1715 (Vll).

205 1790 415 1884 Prasstio
444 1789 667 1883 Ciceronis
695 1788 850 1882 Catoni
879 1792 925 1882 et
952 1789 1098 1899 Laelio,
1127 1819 1274 1910 quum

287 1932 478 2026 Hauniae
505 1930 608 2025 1835
637 1932 748 2025 editi
776 1935 897 2040 sunt,
926 1934 1189 2052 praeposita.

232 2218 341 2343 Quod
363 2274 425 2338 ieci
448 2278 524 2338 ante
552 2274 677 2356 aliquot
703 2294 816 2351 annos,
852 2293 953 2357 quum
982 2274 1145 2340 Ciceronis
1172 2275 1335 2339 orationes
1349 2294 1389 2334 sn
1451 2344 1458 2353 ,

141 2402 209 2460 eas,
237 2401 311 2465 quae
334 2382 368 2447 in
390 2382 508 2447 scholis
531 2382 593 2464 legi
616 2381 731 2459 solent,
767 2400 864 2446 ame
887 2382 1079 2446 emendatas
1103 2379 1253 2458 edebam,
1287 2384 1334 2458 ut,

139 2509 242 2573 quum
273 2491 518 2555 annotationem
549 2489 693 2554 criticam
725 2492 918 2571 perpetuam
941 2487 1090 2553 editionis
1122 2486 1254 2552 consilio
1277 2505 1334 2550 ex·

139 2596 226 2661 cludi
241 2596 428 2674 iudicarem,
451 2600 574 2675 tamen,
598 2595 742 2662 maxime
756 2596 879 2661 scilicet
897 2597 1126 2678 magistrorum
1143 2614 1251 2672 causa,
1275 2594 1335 2659 sed

141 2704 241 2767 etiam
265 2703 402 2769 aliomm
426 2704 595 2768 hominurn
618 2703 798 2781 doctorum,
822 2704 877 2785 qui
893 2703 927 2767 in
942 2703 1004 2768 hoc
1019 2703 1200 2768 studiorum
1216 2720 1334 2784 genere

140 2813 357 2888 versarentur,
393 2811 579 2875 universam
609 2810 835 2893 recognitionis
863 2829 947 2875 meae
975 2811 1135 2875 rationem
1158 2810 1191 2873 in
1213 2808 1333 2890 praefa-

138 2915 227 2981 tione
261 2916 457 2999 explicarem
492 2918 713 3000 exemplisque
741 2917 972 3000 patefacerem,
1007 2916 1041 2981 id
1074 2918 1108 2981 in
1142 2915 1266 2981 Catone
1301 2919 1334 2979 et

138 3022 238 3088 Laelio
254 3041 293 3088 eo
308 3022 388 3088 mihi
399 3024 507 3112 ⁴magis
527 3023 711 3089 laciendum
735 3043 807 3090 esse
830 3032 920 3107 puto,
944 3025 1032 3107 quod
1049 3025 1082 3088 in
1100 3025 1206 3106 priore
1224 3022 1333 3087 libello

138 3148 224 3194 novo
247 3129 427 3212 insignique
451 3124 686 3197 emendationis
709 3131 856 3198 subsidio
878 3152 956 3196 usus
980 3151 1063 3196 sum.

226 3235 278 3298 Ab
301 3234 464 3301 Orelliano
488 3236 647 3318 exemplo,
672 3237 705 3301 in
729 3258 794 3320 quo
817 3243 891 3321 post
913 3238 1117 3320 superiorum
1142 3255 1236 3300 curas
1260 3234 1332 3298 dili·

135 3343 250 3421 genter
272 3343 455 3423 recognitus
478 3347 615 3426 uterque
638 3344 784 3426 dialogus
808 3349 868 3424 est,
904 3344 1134 3426 adhibitusque
1161 3343 1205 3407 ad
1233 3341 1331 3407 Cato·

135 3462 213 3510 nem
248 3447 490 3514 emendandum
530 3450 632 3516 codex
670 3453 816 3517 omnium
851 3451 1095 3534 antiquissimus
1129 3448 1330 3524 ParisiensiS,

135 3551 254 3633 quibus
277 3555 311 3619 in
334 3555 412 3620 locis
433 3557 496 3622 hoc
518 3578 629 3623 meum
652 3557 823 3641 discrepet,
848 3578 888 3624 ex
911 3559 1062 3625 inferiore
1086 3558 1232 3639 margine
1255 3574 1330 3637 per·

135 3659 217 3742 spici
240 3664 358 3742 potest.
405 3663 470 3728 Sed
492 3668 567 3746 post
589 3664 746 3730 Orellium
774 3664 977 3731 Reinholdus
1001 3665 1155 3742 Klotzius,
1184 3660 1239 3745 qui
1267 3660 1330 3726 Ca·

134 3768 245 3830 tonem
270 3768 387 3851 Lipsiae
410 3789 440 3833 a.
466 3770 562 3848 1831,
591 3771 725 3837 Laelium
750 3790 780 3837 a.
806 3772 902 3851 1833,
931 3772 1035 3837 auctis
1059 3773 1158 3836 etiam
1182 3767 1329 3835 codicum

134 3871 302 3952 subsidiiS,
343 3875 458 3952 edidit,
500 3879 699 3960 optimorum
733 3878 889 3944 libmrum
925 3879 1153 3946 auctoritatem
1187 3874 1329 3959 pressius

132 3978 232 4044 eliam
256 3985 386 4046 secutus
410 3986 459 4047 est
481 3968 781 4067 scripturarumque
810 4005 850 4050 ex
877 3985 917 4051 iis
939 3991 1146 4070 receptarum
1168 3985 1328 4050 rationem

131 4086 262 4168 copiose
295 4088 446 4154 reddidit.
503 4090 588 4155 Nam
622 4090 657 4156 l'.
692 4092 730 4157 V.
765 4092 894 4159 Ottonis
929 4094 1027 4161 editio
1062 4092 1195 4159 Catonis
1228 4090 1328 4177 (Lips.

133 4188 233 4273 1830)
263 4194 344 4258 nihil
373 4197 441 4260 fere
469 4199 592 4280 proprii
620 4198 698 4264 boni
720 4199 831 4279 habet,
867 4201 980 4267 inanes
1012 4200 1117 4285 verbi,
1133 4199 1328 4265 substantivi
1342 4214 1383 4255 ¹⁸⁵

133 4296 361 4366 damnationes
384 4301 512 4385 aliaque
536 4304 605 4370 eius
628 4306 756 4388 generis
775 4307 890 4388 multa,
914 4309 1002 4373 utilis
1018 4312 1130 4373 tamen
1149 4307 1192 4373 ad
1210 4326 1328 4388 cogno·

131 4406 290 4470 scendum
319 4413 516 4491 apparatum
546 4413 702 4491 criticum,
738 4433 836 4496 quem
871 4419 904 4479 et
939 4414 1066 4498 plenius
1100 4433 1200 4496 quam
1229 4412 1328 4479 ceteri

128 4516 249 4593 praeter
283 4512 512 4582 Gemhardum
546 4521 695 4603 exposuit
730 4523 763 4585 et
796 4519 887 4586 auxit
920 4521 1066 4587 codicum
1095 4520 1328 4596 Dresdensium
