2948 5206
592 266 707 376 'soe

60 526 153 573 vero
185 506 351 573 aberravit
381 525 448 572 non
478 525 544 571 uno
573 507 684 572 modo.
729 506 875 572 Primum
907 507 1004 585 enim,
1036 510 1073 571 ut
1094 507 1274 590 interroga-

63 612 181 679 tlones
212 612 256 677 ad
285 613 410 677 nudam
439 612 666 679 affirmationis
700 618 758 678 aut
792 611 972 695 negationis
1007 612 1273 696 significationem

66 718 246 802 redigeret,
270 719 443 801 aliquoties
467 738 532 783 non
548 719 653 785 solum
670 724 827 795 contorte,
850 719 909 783 sed
924 738 1058 800 prorsus
1073 719 1157 785 ialso
1171 721 1275 788 verba

69 826 272 908 scriptorum
296 826 503 907 interpretari
527 830 658 891 coactus
683 829 748 903 est;
771 825 861 891 velut
877 825 983 890 Taciti
1005 824 1039 889 in
1054 826 1173 892 Annal.
1188 827 1272 908 XIII,

71 933 133 999 43:
171 931 238 997 Cur
267 933 350 999 enim
379 934 535 997 neminem
565 933 666 996 ulium
695 932 846 997 delectum
869 932 954 997 ease?
986 932 1166 1015 Significari
1188 934 1274 999 vult:

74 1038 177 1105 olium
199 1038 401 1123 deligendum
421 1037 533 1121 scissa
578 1038 647 1103 Iam
671 1038 733 1103 hoc
757 1040 863 1120 ipsum
886 1038 952 1103 tale
976 1041 1036 1116 est,
1060 1043 1159 1104 uteo
1176 1040 1274 1106 modo

75 1144 205 1229 quidvis
227 1146 272 1211 ad
294 1144 547 1211 affirmationem
569 1145 672 1227 redIgi
695 1146 807 1227 possit,
832 1165 932 1228 quum
950 1165 1016 1210 non
1033 1165 1173 1227 quaeras,
1197 1148 1276 1229 quid

75 1251 214 1331 dicatur,
248 1252 307 1316 sed
339 1271 414 1316 eam
446 1251 545 1317 animi
576 1252 772 1317 sententiam
803 1252 996 1330 substituas,
1031 1272 1051 1317 a
1082 1272 1148 1335 qua
1171 1254 1275 1321 oratio

76 1363 148 1425 orta
182 1359 235 1424 sit.
297 1358 419 1423 Verum
458 1377 500 1422 ne
537 1358 739 1440 significatur
773 1358 905 1439 quidem
940 1358 984 1423 ab
1020 1362 1275 1441 accusatoribus,

76 1484 217 1547 quorum
239 1465 286 1529 ibi
308 1465 413 1530 oratio
435 1464 593 1543 redditur,
629 1464 729 1529 alium
753 1464 960 1547 deligendum
989 1464 1105 1542 brisse3
1139 1467 1203 1533 hoc
1225 1468 1275 1533 di·

77 1575 163 1651 cunt,
199 1572 311 1637 mirari
339 1591 384 1649 se,
421 1591 487 1649 cur,
523 1572 552 1636 si
579 1590 655 1636 vere
684 1570 803 1635 Suilius
826 1591 847 1636 a
869 1572 1044 1637 Messalina
1067 1577 1199 1638 coactus
1222 1576 1274 1657 sit,

75 1679 240 1745 neminem
266 1679 366 1745 alium
390 1678 477 1743 idern
502 1679 609 1743 iacere
633 1677 784 1759 coegerit,
820 1697 924 1760 eaque
956 1678 1208 1761 interrogatione
1231 1681 1275 1760 id,

76 1785 164 1868 quod
188 1785 308 1851 Suilius
332 1786 373 1850 de
396 1805 432 1850 se
455 1785 591 1861 dixerat,
617 1784 735 1848 salsum
760 1804 831 1850 esse
854 1790 1004 1867 arguunt.
1050 1785 1193 1851 Causam
1215 1789 1276 1870 igi·

75 1896 129 1959 tur
151 1890 323 1975 requirunt
345 1891 392 1957 rei
415 1891 622 1967 incredibilis
647 1911 720 1971 quae
736 1891 827 1955 Suilii
850 1892 1039 1957 defensione
1061 1892 1275 1959 contineatur.

74 1999 202 2064 Deinde
231 1999 285 2063 alii
320 1998 380 2063 loci
415 2017 511 2063 omne
546 1997 624 2061 illud
660 1997 831 2063 artificium
865 2002 1036 2080 respuunt,
1071 2001 1276 2081 apertissime

75 2106 210 2188 quidem
233 2105 435 2171 disiunctivae
458 2103 736 2185 interrogationes,
761 2105 865 2186 qualis
889 2109 938 2169 est
960 2106 1050 2187 apud
1068 2105 1219 2171 Tacitum
1242 2109 1275 2170 in

74 2211 163 2277 Hist.
187 2212 211 2289 I,
235 2212 293 2277 50:
319 2211 413 2276 Nunc
430 2230 493 2294 pro
519 2209 637 2274 othone
660 2230 704 2275 an
724 2230 784 2293 pro
815 2211 937 2276 Vitellio
959 2214 995 2275 in
1017 2214 1134 2296 templu
1156 2214 1278 2278 ituros?

75 2317 237 2384 Homines
260 2318 369 2383 miseri
393 2318 426 2382 in
449 2316 653 2382 dubitatione
671 2316 889 2399 inexplicabili
905 2318 1075 2383 consilium
1091 2321 1274 2402 exquirunt.
1289 2330 1329 2372 ²¹⁰

76 2424 165 2493 Tum
189 2425 224 2489 in
245 2443 363 2506 genere
385 2423 647 2505 Interrogationis
669 2423 901 2505 perfrequenti,
925 2443 985 2506 pro
1009 2444 1058 2503 eo,
1083 2426 1171 2508 quod
1187 2431 1276 2492 recta

75 2531 226 2599 oratione
249 2535 313 2595 est:
347 2529 431 2610 Quid
451 2527 586 2611 fecisti&
622 2549 724 2611 quum
751 2533 899 2611 negatur,
934 2530 1073 2596 alterurn
1102 2533 1276 2614 quicquam

77 2638 206 2715 iecisse,
229 2656 296 2702 non
311 2637 438 2715 dicitur,
463 2637 551 2718 quod
566 2644 733 2718 praecepta
755 2637 810 2701 illa
826 2637 1009 2718 postulant:
1036 2638 1121 2718 Quid
1134 2638 1275 2720 fecisse?,

76 2744 147 2821 sed,
183 2748 220 2808 ut
247 2744 345 2826 paulo
373 2747 449 2826 post
471 2743 653 2821 ostendam,
690 2749 891 2809 constanter:
929 2744 1014 2823 Quid
1034 2744 1195 2826 fecisset?
1212 2746 1276 2812 Po·

78 2855 202 2916 stremo
225 2851 409 2933 Kruegerus
431 2849 512 2915 nihil
535 2852 712 2932 separatim
736 2851 816 2915 diunt
839 2851 879 2915 de
903 2850 941 2914 iis
959 2851 1275 2934 Interrogationibus

78 2977 153 3040 quae
181 2957 273 3023 finita
302 2959 448 3023 oratione
481 2958 722 3022 coniunctivum
753 2958 886 3032 habent,
922 2957 1015 3038 quasi
1046 2958 1117 3023 haeo
1148 2979 1277 3041 quoque

79 3065 201 3142 forma:
239 3064 508 3146 patefacerem?
540 3064 573 3126 in
596 3063 790 3128 infinitivum
815 3064 959 3128 converti
982 3066 1101 3145 possit,
1136 3085 1214 3130 nam
1238 3085 1276 3130 ea

80 3189 211 3253 quoque
240 3172 447 3252 negationem
478 3170 622 3251 aliquam
653 3169 806 3234 continet.
858 3169 933 3247 Sed,
969 3171 1057 3252 quod
1088 3176 1187 3254 caput
1217 3177 1276 3250 est,

79 3283 185 3345 totum
209 3278 289 3341 illud
312 3278 485 3343 discrimen
508 3278 753 3351 sententiarum,
778 3298 843 3359 quo
867 3280 968 3343 utitur
985 3279 1179 3360 Kruegerus,
1204 3279 1277 3344 nul·

81 3384 147 3451 lum
187 3388 248 3450 est.
310 3385 395 3449 Nam
434 3384 561 3448 finitam
599 3385 754 3449 orationis
794 3384 934 3450 formam
969 3389 1003 3449 et
1037 3385 1277 3450 coniunctivum

81 3491 216 3557 modum
239 3490 371 3555 retineri
394 3494 489 3572 putat
511 3491 545 3555 in
567 3490 606 3555 iis
630 3491 947 3573 interrogationibus,
972 3492 1004 3557 in
1024 3493 1142 3575 quibus
1160 3495 1197 3569 is,
1222 3495 1276 3574 qui

84 3599 268 3680 mterrogat‚
293 3615 369 3661 vere
391 3615 584 3677 responsum
609 3599 768 3677 requirat;
792 3619 916 3677 verum,
941 3621 1041 3682 quum
1060 3600 1221 3664 continuae
1245 3603 1278 3663 et

84 3713 248 3787 perpetuae
273 3703 355 3767 alius
377 3703 517 3768 hominis
541 3705 696 3768 orationis
726 3712 954 3787 argumentum
986 3712 1018 3772 et
1046 3706 1145 3770 series
1175 3704 1277 3770 refer·

84 3812 142 3889 tur,
179 3809 268 3893 quod
296 3810 464 3892 proprium
489 3815 539 3874 est
561 3812 715 3876 orationis
740 3813 891 3894 obliquae,
927 3813 1024 3877 nullae
1047 3813 1179 3877 omnino
1202 3816 1279 3878 sunt

85 3920 162 3985 tales
187 3916 467 3999 interrogationes,
493 3936 574 3999 quas
599 3917 634 3995 is,
668 3918 758 3982 cuius
782 3919 921 3983 refertur
945 3921 1058 3996 oratio,
1088 3919 1135 3983 sic
1158 3939 1278 4002 propo·

86 4060 213 4069 -‘.-—-
218 4061 346 4068 *—

152 4132 243 4201 prima
261 4132 405 4194 sententia,
434 4132 481 4185 sed
505 4131 588 4184 eliam
613 4129 641 4182 iu
665 4130 785 4183 secunda
804 4130 935 4183 renuetur
954 4129 1043 4183 forma
1061 4129 1278 4198 interrogationis

152 4221 298 4290 pendentis
324 4220 372 4279 (ne
400 4220 460 4288 quis
483 4221 592 4287 placere
619 4219 699 4271 scribi
728 4216 822 4283 malit).
860 4218 917 4270 Lib.
936 4217 1067 4282 XXXVII,
1091 4218 1133 4281 15,
1159 4218 1173 4270 1
1198 4218 1279 4272 inter·

152 4311 248 4380 positae
267 4309 296 4363 in
320 4309 397 4362 initio
420 4309 550 4362 orationis
573 4307 668 4360 alienae
692 4323 772 4360 voces
799 4309 869 4372 Quid
893 4309 1022 4360 modam?
1047 4322 1101 4360 uon
1124 4305 1279 4375 prohibent,

153 4416 209 4468 quo
228 4398 320 4452 minus
338 4398 427 4465 prima
445 4398 582 4450 sententia
599 4397 726 4464 pendeat.
755 4395 853 4461 [Etiam
873 4396 946 4464 apud
966 4395 1090 4448 Taciturn
1106 4394 1175 4449 Hist.
1191 4393 1224 4459 II,
1245 4392 1278 4445 74

154 4487 242 4557 prima
265 4488 323 4541 haec
346 4486 533 4554 interrogatio:
563 4489 625 4554 qula
653 4488 695 4538 itta
723 4488 779 4538 dies
804 4488 875 4552 foret
898 4491 949 4539 cet.
974 4500 1085 4553 prorsus
1108 4481 1280 4538 subnectitur

154 4577 238 4630 verbo
255 4576 407 4643 reputabat.
446 4572 535 4641 1842]
