2956 5190
628 271 689 335 161

55 459 152 525 malis
188 461 353 526 codicibus
388 462 484 544 (Eri,
520 463 603 542 Col,
639 464 768 541 Dresd.,
804 463 946 542 60xx.,
981 465 1055 529 edd.
1079 463 1171 548 vett.)
1207 469 1258 530 est

56 575 183 651 reperte
205 567 252 649 (in
276 568 385 633 Haun.
409 591 480 635 vere
503 567 651 655 repente).
698 570 821 635 Deinde
850 570 1001 636 scribitur
1028 572 1062 635 in
1091 572 1256 637 codicibus

55 677 88 738 et
111 673 309 739 editionibus
332 679 409 740 ante
433 675 605 742 Orellium:
643 677 732 758 Qrced
762 697 818 741 nos
846 676 932 740 domi
953 679 1091 760 petimus
1108 678 1257 762 precibus

56 787 85 845 et
112 780 266 863 lacrimis,
301 784 396 847 strati
424 783 470 847 ed
492 783 604 868 pedes,
634 819 675 828 —
703 783 740 847 id
767 804 806 847 ne
834 785 1044 867 impetremus,
1076 784 1260 870 paqnobis?

55 887 123 952 Sed
152 907 254 970 quum
282 889 349 953 ianr
377 909 444 955 non
472 889 571 968 domi,
606 890 665 956 sed
695 892 729 955 in
760 890 831 955 loro
862 889 974 954 Cicero
1006 894 1039 955 et
1071 893 1167 957 amici
1197 912 1257 975 pro

55 994 184 1076 Ligario
218 994 451 1077 deprecentur,
486 996 633 1078 plerique
667 996 805 1061 Fabricii
841 997 1075 1074 coniecturam,
1106 1000 1258 1082 petitores

54 1100 239 1179 scribentis,
263 1102 455 1183 probarunt,
480 1102 619 1169 Orellius
642 1103 674 1167 in
698 1107 850 1168 contexta
873 1104 1020 1168 oratione
1044 1105 1162 1187 posuit,
1191 1124 1257 1170 non

54 1212 155 1273 recte.
201 1208 298 1273 Nulla
332 1216 382 1273 est
413 1210 500 1274 enim
531 1210 584 1274 hic
613 1211 770 1292 temporis
802 1211 976 1289 distinctio,
1012 1211 1071 1276 sed
1106 1211 1256 1277 universe

54 1334 133 1380 suas
166 1335 281 1397 preces
317 1320 350 1380 et
385 1316 568 1382 Tuberonis
602 1319 786 1382 accusantis
825 1317 1107 1400 importunitatem
1147 1321 1257 1383 orator

55 1426 237 1505 comparat,
261 1426 295 1486 et
318 1422 359 1487 de
383 1443 420 1488 se
443 1428 476 1488 et
498 1422 612 1488 amicis
634 1427 793 1505 tanquam
816 1443 902 1489 nunc
921 1426 1028 1506 ipsum
1046 1424 1257 1507 precantibus

55 1527 200 1609 loquitur
223 1532 343 1610 aperte
366 1531 493 1595 statim:
523 1538 551 1595 et
573 1551 630 1595 nes
651 1532 786 1595 iacentes
809 1530 853 1595 ed
870 1530 968 1614 pedes
990 1531 1166 1615 applicem
1189 1552 1259 1595 voce

50 1634 244 1720 prohibebis.
289 1635 428 1702 Prorsus
451 1637 548 1720 igitur
570 1637 752 1720 perlectum
775 1642 906 1720 tempus
927 1637 1070 1702 alienum
1094 1641 1153 1702 est.
1193 1638 1258 1703 Sed

55 1741 163 1806 aliena
186 1745 237 1806 est
260 1743 358 1807 etiam
383 1742 445 1807 loci
466 1746 589 1809 mentio
608 1746 642 1809 in
658 1747 721 1809 hac
738 1744 880 1828 generali
898 1746 1070 1820 sententia,
1095 1744 1258 1827 adquam

55 1848 135 1912 nihil
158 1849 309 1930 pertinet,
334 1868 400 1931 quo
417 1849 488 1914 loco
505 1855 693 1933 precentur3
716 1870 777 1915 nec
793 1850 860 1916 ulla
878 1853 927 1915 est
945 1851 1106 1915 contraria
1123 1850 1256 1915 alterius

55 1954 117 2020 loci
140 1953 328 2037 appellatio.
375 1955 475 2038 ldque
499 1957 693 2039 perspicitur
715 1959 819 2040 magis
848 1977 888 2021 ex
911 1956 1059 2022 subiecta
1082 1957 1255 2034 sententia,

57 2080 123 2143 qua
147 2060 374 2143 indignitatem
398 2063 454 2141 rei,
478 2063 531 2127 hic
554 2064 704 2128 universe
721 2064 945 2147 significatam,
969 2067 1068 2146 auget
1088 2070 1258 2146 assumpto

55 2166 110 2232 illo
133 2167 175 2232 de
198 2167 279 2245 loco,
313 2168 454 2251 primum
479 2170 535 2234 ubi
557 2174 745 2253 precentur:
770 2169 818 2251 Si,
840 2191 936 2255 quum
959 2169 1016 2232 boc
1037 2169 1123 2233 doni
1136 2169 1257 2252 faeere·

56 2295 126 2338 ireres
150 2278 229 2351 cet.;
253 2276 381 2352 deinde,
406 2277 461 2341 ubi
485 2276 538 2340 ille
562 2276 768 2341 adversetur:
800 2277 923 2357 Quem
946 2276 1003 2340 boc
1026 2276 1151 2358 durius,
1175 2276 1258 2361 qood

56 2400 113 2444 nos
135 2380 222 2445 demi
239 2385 387 2466 petimus,
411 2383 447 2447 id
470 2404 491 2447 a
514 2391 542 2448 te
565 2384 600 2446 in
621 2382 693 2464 foro
716 2385 897 2467 oppupnori
939 2386 999 2447 cet.
1024 2383 1137 2464 ltaque
1161 2402 1257 2464 aper·

55 2490 127 2552 lum
151 2492 211 2566 est,
242 2491 351 2571 priore
374 2490 445 2555 looo
468 2489 547 2554 illud
570 2490 656 2554 domi
678 2509 718 2554 ex
741 2490 803 2554 hoc
827 2489 978 2554 inferiore
1002 2488 1150 2554 additum
1174 2508 1256 2567 esse,

55 2595 87 2658 in
111 2615 213 2676 quam
236 2599 455 2662 coniecturam
479 2596 566 2661 idem
590 2596 643 2660 ille
666 2596 834 2661 Fabricius
857 2596 1025 2674 inciderat,
1057 2615 1122 2677 quo
1145 2594 1258 2661 addito

54 2704 126 2766 tota
148 2690 303 2768 orationis
326 2705 510 2786 progressio
533 2704 730 2786 pervertitur
760 2706 793 2767 et
821 2702 927 2784 prima
955 2700 1117 2767 sententia
1146 2701 1257 2783 inepta

55 2807 101 2871 lit.
150 2808 236 2873 Tum
270 2810 332 2875 hoc
367 2811 470 2875 altero
504 2809 575 2874 loco
610 2829 754 2891 praesens
783 2813 913 2892 tempus
943 2807 1016 2891 (pro
1044 2827 1109 2889 quo
1137 2809 1256 2872 iterum

49 2915 203 2996 petiimus
222 2915 437 2998 substituunt)
455 2916 533 2982 nihil
551 2916 652 2980 habet
668 2917 872 2992 offensionis;
895 2916 1047 2980 universe
1065 2916 1151 2978 enim
1170 2914 1256 2993 dicit,

55 3020 97 3084 de
121 3023 168 3086 rei
197 3040 325 3104 genere,
361 3043 427 3089 non
457 3023 498 3087 de
527 3027 674 3105 tempore
702 3030 851 3105 quaerens
886 3022 932 3104 (et
961 3021 1081 3104 saepius
1110 3022 1257 3104 repetitae

55 3132 152 3192 erant
174 3127 237 3192 illae
259 3129 403 3212 precesl:
428 3129 495 3194 Nes
518 3129 725 3213 deprecamur
748 3129 852 3210 doen&
876 3136 909 3193 tu
932 3131 967 3192 in
988 3128 1097 3210 forum
1116 3130 1206 3212 repis
1229 3137 1257 3193 et

55 3233 102 3297 ibi
124 3254 297 3320 oppupnas.

147 3341 183 3405 ln
202 3361 229 3407 c.
248 3343 278 3419 6,
306 3343 344 3406 17
370 3343 471 3407 miror
494 3344 527 3407 in
551 3343 617 3407 Eri.
641 3343 751 3407 codice
774 3343 898 3407 haerere
923 3342 1063 3424 vulgatae
1087 3343 1256 3426 scripturae
1271 3363 1313 3409 ies.

55 3448 228 3513 mendum:
264 3449 313 3514 Ae
336 3449 416 3513 mibi
438 3449 574 3535 quidem,
603 3451 631 3513 si
648 3451 817 3533 proprium
842 3457 870 3513 et
893 3470 1001 3512 oerum
1024 3471 1135 3513 nentes·
1157 3452 1257 3515 riustri

54 3555 137 3619 mali
159 3564 333 3640 queretur,
362 3557 478 3639 fatalis
505 3555 651 3641 quedem
674 3557 842 3620 cotarellos
864 3556 1012 3620 incidisse
1035 3557 1160 3620 videtur
1183 3560 1255 3634 cet,

54 3662 114 3727 ubi
139 3682 179 3726 ex
202 3663 281 3741 Col,
309 3664 431 3741 Haun,
462 3662 588 3728 ‘'lex.
613 3662 699 3726 edidi
722 3663 887 3747 praecitur.
938 3662 1034 3727 Nulla
1064 3665 1149 3727 eninr
1179 3684 1256 3728 con·

54 3770 190 3833 iunctivi
213 3772 297 3835 ratio
320 3771 429 3835 afferri
458 3773 577 3852 potest,
612 3788 678 3834 non
707 3769 810 3851 magis
838 3769 889 3832 hic
919 3789 1017 3850 quam
1042 3771 1074 3834 in
1098 3771 1256 3835 similibus

54 3875 210 3957 loquendi
244 3877 433 3960 generibus,
473 3878 501 3941 si
534 3898 642 3941 oerum
681 3878 867 3962 querimus,
907 3877 937 3939 si
970 3897 1077 3940 verera-
1112 3878 1255 3959 dicimus,

56 3982 141 4047 aliis.

147 4089 182 4154 C.
202 4090 232 4167 7,
257 4091 300 4154 23
322 4090 485 4156 tollendus
504 4090 564 4154 fuit
581 4090 775 4165 necessarie,
800 4091 949 4154 Lambini
974 4091 1133 4172 exemplo,
1158 4091 1255 4155 soloe·

57 4197 179 4261 cismus
202 4196 343 4279 vulgatae
367 4197 551 4281 scripturae:
590 4197 683 4278 Quid,
712 4199 741 4260 si
770 4199 875 4261 essetis
903 4197 1037 4280 (recepti
1068 4198 1100 4260 in
1124 4200 1255 4279 provin·

57 4301 179 4384 ciam)?
216 4302 377 4368 Gesorine
412 4325 481 4368 eom
515 4303 671 4368 tradituri
704 4304 869 4385 fuissetis?
903 4304 1140 4370 Condicionalis
1170 4305 1255 4368 eninr

58 4410 250 4492 significatio
285 4412 370 4476 inest
404 4412 437 4475 in
471 4410 541 4477 solo
575 4411 745 4487 tradituri,
787 4413 1007 4493 quaeriturque
1046 4411 1108 4475 hoc
1143 4411 1255 4475 modo:

58 4516 208 4582 fuistisne
231 4537 270 4583 eo
293 4518 414 4596 animo,
439 4522 475 4582 ut
499 4537 572 4582 eam
590 4518 772 4595 traderetis,
796 4518 823 4581 si
840 4517 961 4599 recepti
979 4517 1114 4582 essetis?
1145 4518 1256 4582 Status

1010 4623 1042 4675 ll
