2956 5190
691 197 757 261 324

124 387 196 467 bus,
215 388 304 470 quod
320 393 495 471 patronum
508 390 632 456 habere
643 391 798 470 debebat,
816 393 872 474 qui
883 390 1125 474 defendendam
1138 391 1311 475 genmdiuu

124 512 197 559 esse
219 493 376 577 doceret).
385 491 411 578 ¹)
456 496 592 562 Codices
615 501 770 580 quattuor
792 497 961 564 meliores:
991 505 1052 562 aut
1079 497 1312 583 imputemur

123 601 197 665 huic
231 600 464 684 defendendam
496 602 684 686 facultatem
718 604 816 684 dabit,
851 605 905 669 alii
939 603 1153 688 defendendi.
1210 605 1313 671 Senem

124 711 230 790 patet3
265 708 367 773 verba
389 709 497 774 minus
520 712 605 775 bene
627 710 767 776 Orellius
790 711 941 790 restituit,
970 718 1008 789 et,
1046 730 1125 794 quae
1149 730 1248 777 causa
1267 712 1315 778 nn

124 814 351 897 interpolandi,
386 816 521 881 licenter
554 817 588 880 in
617 816 661 880 cd
690 820 818 882 mutato
853 824 885 882 et
919 818 1117 900 pronomine
1154 838 1222 884 non
1252 824 1315 902 apto

123 917 277 1004 posito.²)
322 923 390 987 Nec
413 923 543 989 dativus
572 923 688 988 abesse
718 926 838 1006 potest.
884 924 1020 989 Videtur
1051 924 1156 1007 igitur
1189 925 1315 991 scribae

125 1028 218 1092 dum:
243 1036 300 1092 aut
321 1029 520 1113 impudentia
543 1032 572 1093 ei
594 1032 646 1094 sui
668 1029 862 1112 deferrdeadi
882 1030 1072 1113 facultatem
1096 1031 1203 1099 date.
1236 1033 1315 1097 laris
1360 1026 1363 1065 ⁶

125 1137 158 1199 et
180 1133 333 1217 frequens
357 1155 447 1201 error
469 1136 639 1220 archetypi
662 1134 704 1219 (et
726 1156 786 1219 pro
809 1135 851 1218 erl
874 1137 990 1202 turbas
1014 1137 1187 1204 excitavit.

213 1240 249 1305 C.
273 1241 326 1319 21,
361 1243 405 1306 52
436 1242 596 1307 edebatur
624 1263 645 1307 a
671 1243 907 1325 superioribus:
948 1241 1036 1307 Tune
1067 1265 1193 1311 aarum
1221 1266 1257 1310 ea
1276 1267 1318 1308 ar·

123 1348 228 1410 mario
250 1355 303 1411 tuo
320 1369 468 1432 promere
491 1370 571 1413 caea
596 1349 649 1413 ee?
669 1357 743 1413 tame
772 1349 922 1414 Venerem
944 1349 1036 1413 illam
1059 1357 1156 1415 taam
1173 1353 1318 1436 spoliatri-

124 1473 189 1517 cem
216 1454 354 1538 spoliare
382 1455 601 1520 ommmmtr's?
646 1456 789 1521 Celerem
822 1477 918 1542 qaam
945 1457 1057 1539 ecirec,
1104 1466 1262 1543 quantum
1285 1458 1320 1521 cd

122 1558 252 1642 fecimus
275 1582 392 1626 aarum
414 1562 471 1626 boc
494 1571 698 1648 quereretur,
723 1563 767 1627 ad
789 1584 893 1627 necem
916 1563 1022 1647 lopati,
1040 1563 1101 1642 ,ad
1128 1563 1171 1628 L.
1197 1564 1320 1645 broelli,

123 1670 315 1733 sanctissimi
336 1669 473 1734 homimis
492 1677 584 1755 atque
600 1671 807 1756 imeperm‘mi,
830 1669 932 1734 labem
948 1670 1075 1735 sceleris
1095 1672 1321 1756 sempiternae,

124 1774 197 1839 heic
218 1774 361 1858 facinori
383 1785 469 1841 tamo
492 1784 549 1841 tae
572 1798 658 1842 mens
681 1776 824 1842 liberalis
845 1777 970 1841 conscia
987 1811 1028 1822 -
1047 1797 1117 1842 esse
1128 1798 1203 1841 ,reon
1219 1777 1321 1842 debet.

123 1881 306 1947 Verborum
330 1884 478 1948 ordinem
501 1883 640 1948 Orellius
664 1884 849 1948 immutavit
872 1903 913 1948 ex
935 1883 1068 1966 optimis
1089 1883 1274 1962 codicibus,
1293 1887 1322 1948 ul

124 1993 226 2055 esset:
261 1991 399 2074 spoliare
422 1992 616 2054 oracmcmr's
637 1991 858 2074 spoliatricem,
888 1989 922 2054 in
950 2009 1015 2072 quo
1038 1994 1157 2055 tamen
1180 1990 1323 2074 languide

124 2100 307 2162 extremum
331 2098 527 2163 vocabulum
550 2097 698 2162 adhaeret
728 2100 761 2160 et
789 2096 885 2161 nimis
912 2096 1121 2162 indefinitum
1152 2102 1217 2164 est.
1268 2097 1324 2164 Sed

124 2204 329 2285 apertissime
351 2205 547 2270 mendosum
576 2207 627 2269 est
655 2210 799 2280 ceteram,
835 2203 925 2286 quod
953 2223 1054 2285 quam
1083 2206 1154 2270 vim
1183 2206 1322 2278 haberet

122 2312 242 2375 mirum
266 2312 412 2393 prolecto
437 2315 495 2388 est,
530 2330 637 2392 neque
667 2329 867 2392 quemquam
891 2310 1049 2392 quaesisse
1071 2330 1186 2395 neque
1209 2332 1245 2376 se
1267 2330 1322 2377 nou

123 2416 303 2500 intelligere
333 2418 517 2500 professum
547 2437 629 2482 esse.
682 2417 767 2481 Nam
798 2436 900 2498 quurn
932 2420 1043 2482 orator
1074 2417 1321 2502 interrogatione

124 2543 239 2606 urgere
263 2524 410 2589 Clodiam
434 2525 637 2601 instituisset,
667 2543 741 2588 eam
765 2522 992 2604 imperfectam
1016 2523 1174 2605 relinquit
1198 2543 1320 2606 prorsus

124 2632 283 2708 absurde3
319 2632 431 2714 quidni
466 2632 554 2696 enirn
588 2631 702 2697 Clodia
740 2650 857 2694 aurum
893 2622 932 2694 eir
968 2630 1111 2694 armario
1143 2632 1320 2713 promeret?

69 2753 108 2792 ⁴01
123 2737 257 2815 Deinde,
286 2743 446 2823 tanquam
475 2738 599 2821 aliquid
622 2742 714 2803 extra
738 2742 925 2814 armectens,
956 2756 1091 2819 prorsus
1115 2736 1234 2802 sedate
1256 2744 1319 2801 cete

124 2866 196 2908 rum
228 2845 319 2911 dicit:
355 2851 388 2911 et
419 2850 531 2912 tamen
562 2848 624 2911 hac
655 2845 819 2909 sententia
848 2844 955 2925 ipsum
979 2844 1025 2908 rei
1050 2847 1163 2926 caput,
1200 2843 1319 2909 sceleris

123 2953 259 3031 notatio,
295 2956 488 3018 continetur.
545 2953 659 3034 ltaque
694 2953 740 3015 sic
774 2950 930 3032 loquitur:
971 2949 1164 3028 ,Quomodo
1199 2958 1235 3015 tu
1267 2950 1319 3014 hoc

124 3057 226 3141 (quod
247 3080 307 3143 per
330 3082 365 3125 se
392 3061 517 3124 nullam
547 3059 649 3123 habet
680 3055 981 3140 reprehensionem)
1016 3056 1125 3121 lacere
1159 3076 1242 3121 ausa
1271 3057 1318 3121 es?

124 3166 287 3244 Ceterum,
312 3188 413 3250 quum
431 3167 530 3231 scires
548 3166 654 3230 scelus
673 3185 755 3242 esse,
776 3164 884 3229 facere
901 3184 967 3228 non
985 3163 1158 3228 debuisti!⁴
1199 3163 1316 3246 Optime

124 3273 220 3356 igitur
243 3275 396 3339 subvenit
419 3275 521 3339 codex
545 3271 836 3355 praestantissimus
860 3270 972 3335 Sancti
995 3270 1144 3347 Victoris,
1178 3271 1233 3355 qui
1264 3269 1315 3334 uti·

123 3401 201 3445 narn
214 3383 333 3463 saepius
347 3384 675 3455 commemoraretur3
695 3377 754 3442 sed
778 3378 847 3442 eius
871 3379 1067 3459 scripturam
1086 3385 1270 3451 ceteromm,
1289 3378 1316 3440 in

123 3487 298 3553 Parisiensi
323 3489 457 3570 eiusque
481 3487 660 3569 propagine
689 3484 852 3548 levissime
881 3487 1079 3565 corruptam,
1117 3503 1176 3549 cur
1209 3482 1315 3550 Guliel-

123 3614 197 3658 mus
226 3595 373 3676 probarit
401 3599 434 3660 et
465 3593 629 3678 quomodo
659 3591 816 3674 probarit,
853 3591 940 3673 quod
975 3594 1110 3673 propter
1145 3591 1337 3657 socordiam*

152 3910 173 3978 ¹)
193 3911 382 3980 [Defensorem
403 3920 514 3969 nactum
534 3921 575 3968 est
594 3915 621 3967 in
640 3913 781 3979 Philologo
800 3910 836 3963 lll
856 3926 881 3978 p.
902 3908 963 3973 603,
982 3909 1029 3977 qui
1048 3925 1115 3963 usus
1134 3915 1177 3964 cst
1195 3910 1254 3964 loco
1270 3923 1315 3962 non

195 4003 287 4056 minus
306 4005 446 4069 mendoso,
466 4005 514 4074 Ep.
534 4005 568 4057 ad
588 4004 663 4057 Fam.
683 4003 715 4063 ll,
734 4000 777 4065 23,
797 3999 827 4063 3;
847 3998 881 4051 de
900 3997 1039 4051 codicibus
1058 4013 1114 4051 non
1134 3995 1281 4067 cogitarit]

153 4088 175 4154 ²)
194 4094 246 4144 Hic
265 4091 363 4145 dicitur
382 4110 453 4157 reus,
482 4111 568 4162 quum
592 4111 608 4146 a
632 4097 748 4161 patrono
774 4090 987 4152 demonstratur,
1015 4102 1070 4140 non
1090 4087 1259 4147 nominatur,
1282 4087 1317 4137 ln'r

196 4179 289 4233 addito
308 4182 419 4236 nomine
438 4183 536 4251 aliquis
555 4201 570 4237 e
589 4180 782 4252 praesentibus
803 4181 827 4231 ie
839 4177 993 4230 necessario
1011 4177 1132 4245 ponitur,
1152 4178 1200 4231 ubi
1213 4177 1318 4232 refertur

195 4285 347 4337 pronomen
366 4271 401 4323 ad
426 4288 571 4340 personam
598 4271 624 4325 in
650 4270 746 4324 eadem
771 4266 907 4321 sententia
931 4267 1111 4328 nominatam,
1140 4271 1171 4320 ut
1195 4266 1248 4320 hoc
1268 4265 1319 4319 loco

195 4359 334 4426 precessit
353 4358 425 4413 Caelii
446 4377 554 4415 nomen.
