2956 5190
521 226 694 340 Ι445

60 477 144 557 puto
185 471 474 555 (quemadmodum
515 488 542 534 c.
573 471 629 548 21,
669 470 711 533 48
752 471 785 534 in
824 470 975 535 omnibus
1010 471 1104 535 codd.
1139 491 1259 536 nomen

60 578 242 664 Spoletinus
276 598 316 642 ex
350 576 571 659 superioribus
605 577 779 658 repetitum
820 580 870 641 est
908 579 992 641 inter
1031 585 1193 642 acassaret
1227 587 1259 642 et

59 684 157 762 dixit,
181 685 313 749 exclusa
336 683 517 765 negatione,
542 701 641 764 quum
666 682 710 746 ihi
734 683 890 747 omissum
914 692 999 748 esset
1022 702 1146 761 errore;
1171 705 1198 749 c.
1216 686 1260 749 20

59 795 186 867 autem,
211 788 300 871 546,
324 788 518 853 insecundo
541 792 574 853 et
596 789 692 853 tertia
717 789 862 854 codicum
887 789 1011 855 familia
1034 811 1074 855 ex
1097 793 1162 856 his:
1186 794 1259 856 reli·

23 966 28 971 ,
57 899 167 983 piane,
192 898 346 983 acquitate.
393 895 429 959 Is
443 878 550 979 ‘iqitar
573 896 724 959 effectum
749 899 812 960 est:
847 896 1010 980 reliqioais
1038 900 1137 983 ipitar
1164 901 1258 985 aqui-

58 1001 151 1085 tate),
193 1003 332 1085 indeque
373 1006 485 1067 natam
527 1002 662 1066 alteram
689 1002 986 1084 ’interpolationem
1022 1005 1128 1069 credo.
1185 1005 1259 1070 Fuit

59 1110 163 1193 igitur
187 1110 325 1174 fortasse
349 1129 368 1173 a
393 1109 546 1174 Cicerone
570 1109 614 1172 sic
638 1108 809 1191 scriptum:
840 1110 875 1171 ia
897 1111 1003 1174 ruistis
1025 1114 1141 1176 nostris
1163 1113 1258 1176 lacri-

31 1217 193 1303 misque.
239 1216 348 1294 Quum
381 1219 467 1279 esset
493 1216 528 1277 ia
557 1216 661 1278 ramis
688 1216 870 1299 nostrisque,
895 1217 1094 1298 geminatum
1124 1221 1258 1300 propter

56 1324 256 1406 particulam
292 1341 472 1405 pronomen
507 1325 557 1385 est
591 1324 623 1385 et
657 1321 896 1385 substantivum
932 1319 1143 1405 adiectum.¹)
1189 1324 1255 1388 Nisi
1270 1347 1296 1387 n

58 1428 114 1492 cui
146 1430 249 1510 magis
281 1429 397 1511 placet,
428 1429 543 1492 luisse:
577 1429 612 1490 ia
642 1429 747 1491 natata
771 1430 885 1492 nastris
907 1431 1076 1515 cedrisque
1099 1431 1257 1504 lacrimi33

57 1534 121 1600 sed
154 1535 304 1599 lacrimas
334 1535 476 1599 iudicum
509 1534 755 1598 commemorari
787 1535 949 1600 Ciceronis
980 1555 1091 1601 casum
1116 1557 1257 1601 moeren-
1325 1551 1332 1564 ‘

57 1640 154 1715 tium,
179 1642 314 1707 nimium
338 1641 475 1706 videtur.

72 1777 82 1793 ·
154 1749 308 1813 Extrema
332 1748 472 1830 denique
495 1750 641 1813 oratione
658 1747 698 1830 (c.
715 1749 768 1826 28,
793 1747 848 1829 63)
872 1748 994 1813 editum
1020 1752 1084 1812 est:
1108 1749 1151 1812 Ia
1167 1772 1256 1833 proe-

57 1861 148 1935 tura,
177 1856 211 1918 ia
234 1856 397 1919 coticulam
415 1854 602 1939 praefectam
624 1854 756 1937 fabrum
779 1855 898 1937 detulit,
928 1856 1015 1937 quod
1039 1856 1256 1938 interpretan-

57 1965 126 2039 tur,
151 1960 313 2026 Caesarem
337 1962 477 2026 Balbum
501 1962 535 2025 in
557 1960 722 2025 beneficiis
745 1960 788 2024 ad
812 1961 963 2025 aerarium
987 1961 1150 2026 detulisse.
1191 1963 1256 2026 Sed

57 2071 170 2150 negat,
195 2070 227 2131 et
250 2067 329 2143 iure,
353 2067 526 2144 Manutius
552 2068 725 2144 Caesarem,
750 2069 804 2149 qui
828 2067 973 2132 nondum
997 2069 1163 2149 provincia
1182 2089 1255 2133 con-

57 2172 162 2239 sulari
185 2173 376 2238 decessisset
394 2177 426 2237 et
450 2175 547 2238 etiam
564 2192 650 2238 nunc
666 2173 805 2238 Balbum
828 2157 1017 2256 praeiectum
1041 2173 1172 2238 labrum
1196 2177 1256 2239 ha·

58 2280 155 2345 beret
179 2279 259 2362 (64),
284 2300 359 2344 eum
383 2282 448 2344 iam
472 2280 599 2344 deferre
622 2281 777 2362 patuisse.
823 2280 880 2343 Est
903 2279 967 2344 alia
989 2280 1094 2346 maior
1117 2280 1256 2345 difficul·
1350 2284 1357 2299 ‘

60 2390 123 2451 tas.
159 2386 232 2466 Qua
256 2388 341 2451 enim
365 2386 490 2452 ratione
514 2388 547 2450 ia
558 2393 717 2470 practura,
741 2387 776 2449 ia
791 2387 953 2450 coasalata
974 2387 1109 2451 detulit?
1143 2387 1255 2470 Neque

58 2495 182 2575 praetor
204 2512 311 2575 neque
334 2492 445 2557 consul
469 2493 659 2574 praefectum
688 2493 817 2556 fabrum
842 2492 957 2557 habuit
980 2496 1037 2557 aut
1060 2493 1184 2571 detulit,
1219 2498 1257 2558 ut
1355 2518 1358 2523 ·

59 2599 116 2682 qui
139 2600 265 2664 nullum
289 2600 465 2664 exercitum
489 2602 631 2681 regeret;
666 2599 698 2662 in
729 2599 929 2680 provinciam
960 2599 1092 2663 demum
1121 2600 1255 2682 pracfec-

57 2710 131 2770 tum
156 2707 258 2771 duxit.
305 2707 475 2771 Neminem
505 2709 615 2793 autem
643 2704 712 2769 iore
740 2709 829 2786 puto,
865 2705 920 2787 qui
947 2708 982 2768 ia
1003 2707 1255 2790 maturaverit
1317 2792 1320 2797 Ι
1398 2702 1401 2707 ’

59 2832 150 2877 esse:
175 2832 212 2876 ea
229 2815 406 2896 praetacta,
431 2834 525 2898 qaam
542 2818 761 2896 propraetore
784 2814 874 2894 rexit,
898 2814 933 2875 ta
950 2813 1112 2877 consulatu
1129 2816 1253 2877 autem:

59 2940 99 2982 ex
122 2920 283 2984 consulari
299 2921 478 3003 proma-cia.
525 2917 730 3000 Quanquam,
765 2918 825 2982 nisi
855 2918 1061 2995 admoneam,
1095 2920 1161 2983 sint
1189 2920 1254 2983 for-

59 3028 160 3103 tasse,
180 3020 250 3107 ‘qui
280 3046 334 3090 me
365 3026 512 3102 doceant,
548 3028 720 3107 praetorem
757 3025 818 3088 dici
853 3026 949 3089 etiam
986 3044 1071 3102 eum,
1106 3025 1161 3107 qui
1195 3044 1255 3107 pro

59 3135 201 3214 praetore
235 3134 285 3209 sit,
321 3135 498 3215 praeturam
534 3132 680 3195 similiter
714 3131 834 3196 scilicet
868 3131 970 3214 accipi
1001 3135 1182 3196 statuentes
1214 3132 1255 3196 de

59 3239 270 3320 propraetoris
293 3238 582 3315 administratione,
619 3237 659 3301 de
689 3238 858 3301 consulatu
881 3240 991 3301 autem
1014 3257 1080 3302 non
1103 3237 1254 3320 cogitent.

59 3344 127 3409 Sed
150 3344 237 3410 etin
266 3349 410 3427 praetura
442 3346 537 3409 etin
568 3344 737 3409 consulatu
766 3343 875 3409 Caesar
903 3343 1093 3425 praetectum
1124 3344 1254 3408 fabrum

59 3450 122 3515 sibi
146 3451 273 3534 delegit,
297 3472 398 3534 quum
421 3454 496 3535 post
518 3451 744 3533 magistratum
769 3451 811 3515 ad
835 3451 1012 3515 exercitum
1035 3451 1254 3533 essetiturus

59 3556 132 3622 Hoc
156 3552 215 3635 est,
240 3558 327 3640 quod
349 3557 485 3622 Ursinus
510 3556 654 3622 ecodice
669 3577 739 3642 suo,
762 3557 871 3634 idest,
896 3577 913 3620 e
932 3557 1117 3621 coniectura
1132 3555 1254 3619 Panta-

58 3664 160 3747 gathi,
184 3664 280 3729 scribi
304 3664 387 3730 vult:
417 3663 647 3749 praestaturam
675 3663 806 3746 fabrum
830 3663 949 3727 detulit.
997 3661 1134 3744 Deferrc
1158 3662 1256 3725 alicui

58 3772 255 3857 lapmiaaam,
283 3773 491 3856 praeconium,
527 3772 648 3835 accami
675 3771 785 3851 lamam,
815 3769 1043 3853 prefecturam
1072 3767 1128 3851 (ad
1156 3767 1254 3832 Attio.

57 3879 111 3957 vl,
137 3876 170 3961 1)
193 3879 323 3961 proprie
347 3872 507 3960 dicitur.²)

88 4089 111 4157 ¹)
128 4092 169 4147 De
187 4108 210 4146 c.
229 4090 272 4156 27,
292 4091 327 4144 60
345 4090 400 4144 dixi
418 4096 500 4155 antea
517 4107 543 4158 p.
563 4088 588 4143 8.
624 4089 655 4142 ln
674 4085 691 4153 ᾖ
710 4087 741 4140 61
766 4103 851 4156 prave
874 4087 998 4142 additum
1021 4087 1142 4155 aliquam
1164 4084 1256 4154 (quasi

131 4197 187 4236 una
205 4182 298 4250 aliqua
316 4180 452 4234 sententia
470 4177 638 4233 moderanda
660 4181 740 4239 esset,
768 4192 800 4229 ac
823 4192 879 4230 non
903 4177 1031 4231 universa
1056 4174 1200 4238 sententia,
1228 4174 1256 4226 id

131 4276 186 4335 est,
213 4274 272 4324 tota
299 4269 333 4323 de
360 4269 442 4322 rebus
468 4267 585 4337 puhlicis
607 4264 742 4319 sentiendi
765 4264 846 4331 ratio)
872 4271 945 4320 recte
968 4264 1099 4319 omittunt
1121 4262 1177 4326 Pu,
1206 4278 1256 4316 nec

130 4358 283 4414 Bemenses
301 4357 378 4412 codd.
398 4356 598 4425 discrepabunt,
618 4372 668 4409 nec
687 4353 878 4423 discrepabant
897 4355 923 4409 S.
942 4353 1010 4407 vict.
1030 4357 1058 4405 et
1076 4351 1134 4406 Pal.
1154 4351 1178 4405 9.

87 4444 110 4515 ²)
128 4447 218 4502 Etiam
237 4446 370 4511 consules
398 4445 446 4514 qui
469 4461 518 4514 pro
542 4444 699 4499 consulibus
722 4448 821 4508 essent,
849 4443 1000 4512 appellatos
1023 4440 1171 4505 interdum,
1199 4440 1256 4494 iue-

130 4541 204 4602 runt,
232 4535 279 4606 qui
303 4538 462 4598 statuerent,
489 4533 645 4588 Perizonius
669 4533 697 4587 in
721 4532 924 4586 Animadversa
947 4531 1017 4585 Hist.
1036 4547 1058 4585 c.
1077 4530 1126 4584 Vll
1148 4547 1175 4599 p.
1193 4529 1255 4594 309,
