<?xml version="1.0" encoding="UTF-8"?>
<!DOCTYPE html PUBLIC "-//W3C//DTD XHTML 1.0 Transitional//EN"
    "http://www.w3.org/TR/xhtml1/DTD/xhtml1-transitional.dtd">
<html xmlns="http://www.w3.org/1999/xhtml" xml:lang="en" lang="en">
 <head>
  <title>
</title>
<meta http-equiv="Content-Type" content="text/html;charset=utf-8" />
  <meta name='ocr-system' content='tesseract 3.04.00' />
  <meta name='ocr-capabilities' content='ocr_page ocr_carea ocr_par ocr_line ocrx_word'/>
</head>
<body>
  <div class='ocr_page' id='page_1' title='image "./ionicolaimadvig02madvgoog/ionicolaimadvig02madvgoog_0444.png"; bbox 0 0 2948 5206; ppageno 0'>
   <div class='ocr_carea' id='block_1_1' title="bbox 701 312 766 377">
    <p class='ocr_par' dir='ltr' id='par_1_1' title="bbox 701 312 766 377">
     <span class='ocr_line' id='line_1_1' title="bbox 701 312 766 377; baseline -0.031 0"><span class='ocrx_word' id='word_1_1' title='bbox 701 312 766 377; x_wconf 82' lang='lat'><strong><em>421</em></strong></span> 
     </span>
    </p>
   </div>
   <div class='ocr_carea' id='block_1_2' title="bbox 87 503 1374 3893">
    <p class='ocr_par' dir='ltr' id='par_1_2' title="bbox 132 503 1335 1122">
     <span class='ocr_line' id='line_1_2' title="bbox 132 503 1335 591; baseline -0.001 -20"><span class='ocrx_word' id='word_1_2' title='bbox 132 506 257 581; x_wconf 64' lang='lat' dir='ltr'><strong><em>loom</em></strong></span> <span class='ocrx_word' id='word_1_3' title='bbox 280 505 336 570; x_wconf 83' lang='lat' dir='ltr'><strong><em>sed</em></strong></span> <span class='ocrx_word' id='word_1_4' title='bbox 356 526 421 571; x_wconf 80' lang='lat' dir='ltr'><strong><em>non</em></strong></span> <span class='ocrx_word' id='word_1_5' title='bbox 442 508 490 571; x_wconf 89' lang='lat' dir='ltr'><strong><em>ito</em></strong></span> <span class='ocrx_word' id='word_1_6' title='bbox 513 507 669 589; x_wconf 70' lang='lat' dir='ltr'><strong><em>eutition,</em></strong></span> <span class='ocrx_word' id='word_1_7' title='bbox 693 507 722 570; x_wconf 89' lang='lat' dir='ltr'><strong><em>si</em></strong></span> <span class='ocrx_word' id='word_1_8' title='bbox 744 504 878 591; x_wconf 79' lang='lat' dir='ltr'><strong><em>denique</em></strong></span> <span class='ocrx_word' id='word_1_9' title='bbox 901 506 1025 591; x_wconf 79' lang='lat' dir='ltr'><strong><em>aliquid</em></strong></span> <span class='ocrx_word' id='word_1_10' title='bbox 1043 503 1156 591; x_wconf 76' lang='lat' dir='ltr'><strong><em>[qeeod]</em></strong></span> <span class='ocrx_word' id='word_1_11' title='bbox 1178 525 1242 570; x_wconf 79' lang='lat' dir='ltr'><strong><em>non</em></strong></span> <span class='ocrx_word' id='word_1_12' title='bbox 1264 526 1335 570; x_wconf 80' lang='lat' dir='ltr'><strong><em>coee-</em></strong></span> 
     </span>
     <span class='ocr_line' id='line_1_3' title="bbox 133 611 1334 699; baseline 0.001 -24"><span class='ocrx_word' id='word_1_13' title='bbox 133 620 181 676; x_wconf 84' lang='lat' dir='ltr'><strong><em>tro</em></strong></span> <span class='ocrx_word' id='word_1_14' title='bbox 218 632 259 675; x_wconf 86' lang='lat' dir='ltr'><strong><em>oc</em></strong></span> <span class='ocrx_word' id='word_1_15' title='bbox 292 612 413 695; x_wconf 71' lang='lat' dir='ltr'><strong><em>iicerd,</em></strong></span> <span class='ocrx_word' id='word_1_16' title='bbox 445 613 570 695; x_wconf 81' lang='lat' dir='ltr'><strong><em>foetum</em></strong></span> <span class='ocrx_word' id='word_1_17' title='bbox 601 611 773 690; x_wconf 78' lang='lat' dir='ltr'><strong><em>diceretur,</em></strong></span> <span class='ocrx_word' id='word_1_18' title='bbox 808 611 863 676; x_wconf 85' lang='lat' dir='ltr'><strong><em>sed</em></strong></span> <span class='ocrx_word' id='word_1_19' title='bbox 897 619 1007 676; x_wconf 82' lang='lat' dir='ltr'><strong><em>contro</em></strong></span> <span class='ocrx_word' id='word_1_20' title='bbox 1041 619 1133 699; x_wconf 78' lang='lat' dir='ltr'><strong><em>otqoe</em></strong></span> <span class='ocrx_word' id='word_1_21' title='bbox 1168 619 1334 695; x_wconf 78' lang='lat' dir='ltr'><strong><em>oporteret,</em></strong></span> 
     </span>
     <span class='ocr_line' id='line_1_4' title="bbox 135 717 1335 804; baseline 0.001 -23"><span class='ocrx_word' id='word_1_22' title='bbox 135 725 240 781; x_wconf 78' lang='lat' dir='ltr'><strong><em>tomen</em></strong></span> <span class='ocrx_word' id='word_1_23' title='bbox 262 725 340 782; x_wconf 86' lang='lat' dir='ltr'><strong><em>esset</em></strong></span> <span class='ocrx_word' id='word_1_24' title='bbox 361 720 464 783; x_wconf 80' lang='lat' dir='ltr'><strong><em>omnis</em></strong></span> <span class='ocrx_word' id='word_1_25' title='bbox 486 719 640 783; x_wconf 80' lang='lat' dir='ltr'><strong><em>eiusmodi</em></strong></span> <span class='ocrx_word' id='word_1_26' title='bbox 661 718 861 804; x_wconf 80' lang='lat' dir='ltr'><strong><em>reprehensio</em></strong></span> <span class='ocrx_word' id='word_1_27' title='bbox 885 739 906 782; x_wconf 89' lang='lat' dir='ltr'><strong><em>o</em></strong></span> <span class='ocrx_word' id='word_1_28' title='bbox 928 717 1024 800; x_wconf 82' lang='lat' dir='ltr'><strong><em>oobis,</em></strong></span> <span class='ocrx_word' id='word_1_29' title='bbox 1052 718 1182 800; x_wconf 79' lang='lat' dir='ltr'><strong><em>indices,</em></strong></span> <span class='ocrx_word' id='word_1_30' title='bbox 1206 718 1335 803; x_wconf 76' lang='lat' dir='ltr'><strong><em>repedi-</em></strong></span> 
     </span>
     <span class='ocr_line' id='line_1_5' title="bbox 139 822 1335 908; baseline 0.003 -22"><span class='ocrx_word' id='word_1_31' title='bbox 139 822 223 887; x_wconf 78' lang='lat' dir='ltr'><strong><em>oado</em></strong></span> <span class='ocrx_word' id='word_1_32' title='bbox 245 843 360 890; x_wconf 89' lang='lat' dir='ltr'><strong><em>omnes</em></strong></span> <span class='ocrx_word' id='word_1_33' title='bbox 384 825 478 890; x_wconf 86' lang='lat' dir='ltr'><strong><em>codd.</em></strong></span> <span class='ocrx_word' id='word_1_34' title='bbox 502 845 599 891; x_wconf 88' lang='lat' dir='ltr'><strong><em>voces</em></strong></span> <span class='ocrx_word' id='word_1_35' title='bbox 619 830 751 891; x_wconf 84' lang='lat' dir='ltr'><strong><em>notatas</em></strong></span> <span class='ocrx_word' id='word_1_36' title='bbox 771 829 900 902; x_wconf 88' lang='lat' dir='ltr'><strong><em>tenent;</em></strong></span> <span class='ocrx_word' id='word_1_37' title='bbox 924 828 958 890; x_wconf 93' lang='lat' dir='ltr'><strong><em>et</em></strong></span> <span class='ocrx_word' id='word_1_38' title='bbox 972 826 1076 890; x_wconf 87' lang='lat' dir='ltr'><strong><em>altera</em></strong></span> <span class='ocrx_word' id='word_1_39' title='bbox 1099 825 1230 908; x_wconf 90' lang='lat' dir='ltr'><strong><em>quidem</em></strong></span> <span class='ocrx_word' id='word_1_40' title='bbox 1247 825 1335 890; x_wconf 89' lang='lat' dir='ltr'><strong><em>unde</em></strong></span> 
     </span>
     <span class='ocr_line' id='line_1_6' title="bbox 140 929 1335 1017; baseline 0.002 -24"><span class='ocrx_word' id='word_1_41' title='bbox 140 932 206 993; x_wconf 86' lang='lat' dir='ltr'><strong><em>orta</em></strong></span> <span class='ocrx_word' id='word_1_42' title='bbox 230 930 272 995; x_wconf 90' lang='lat' dir='ltr'><strong><em>sit</em></strong></span> <span class='ocrx_word' id='word_1_43' title='bbox 294 929 384 1013; x_wconf 88' lang='lat' dir='ltr'><strong><em>(post</em></strong></span> <span class='ocrx_word' id='word_1_44' title='bbox 407 929 554 1017; x_wconf 79' lang='lat' dir='ltr'><strong><em>aliquid),</em></strong></span> <span class='ocrx_word' id='word_1_45' title='bbox 589 936 697 1015; x_wconf 82' lang='lat' dir='ltr'><strong><em>patet3</em></strong></span> <span class='ocrx_word' id='word_1_46' title='bbox 731 952 791 1015; x_wconf 90' lang='lat' dir='ltr'><strong><em>pro</em></strong></span> <span class='ocrx_word' id='word_1_47' title='bbox 822 933 877 1017; x_wconf 82' lang='lat' dir='ltr'><strong><em>qui</em></strong></span> <span class='ocrx_word' id='word_1_48' title='bbox 907 933 1002 997; x_wconf 85' lang='lat' dir='ltr'><strong><em>etiem</em></strong></span> <span class='ocrx_word' id='word_1_49' title='bbox 1033 933 1142 997; x_wconf 91' lang='lat' dir='ltr'><strong><em>nescio</em></strong></span> <span class='ocrx_word' id='word_1_50' title='bbox 1171 951 1214 997; x_wconf 90' lang='lat' dir='ltr'><strong><em>an</em></strong></span> <span class='ocrx_word' id='word_1_51' title='bbox 1237 931 1335 997; x_wconf 88' lang='lat' dir='ltr'><strong><em>&#39;scribi</em></strong></span> 
     </span>
     <span class='ocr_line' id='line_1_7' title="bbox 143 1034 637 1122; baseline 0.01 -24"><span class='ocrx_word' id='word_1_52' title='bbox 143 1034 272 1102; x_wconf 84' lang='lat' dir='ltr'><strong><em>debeat:</em></strong></span> <span class='ocrx_word' id='word_1_53' title='bbox 295 1039 374 1122; x_wconf 73' lang='lat' dir='ltr'><strong><em>quein</em></strong></span> <span class='ocrx_word' id='word_1_54' title='bbox 396 1040 502 1121; x_wconf 68' lang='lat' dir='ltr'><strong><em>dium,</em></strong></span> <span class='ocrx_word' id='word_1_55' title='bbox 525 1040 554 1103; x_wconf 87' lang='lat' dir='ltr'><strong><em>si</em></strong></span> <span class='ocrx_word' id='word_1_56' title='bbox 576 1042 637 1103; x_wconf 88' lang='lat' dir='ltr'><strong><em>cet.</em></strong></span> 
     </span>
    </p>

    <p class='ocr_par' dir='ltr' id='par_1_3' title="bbox 150 1143 1339 1654">
     <span class='ocr_line' id='line_1_8' title="bbox 226 1143 1335 1230; baseline 0 -21"><span class='ocrx_word' id='word_1_57' title='bbox 226 1143 261 1209; x_wconf 88' lang='lat' dir='ltr'><strong><em>C.</em></strong></span> <span class='ocrx_word' id='word_1_58' title='bbox 283 1145 316 1223; x_wconf 88' lang='lat'><strong><em>4,</em></strong></span> <span class='ocrx_word' id='word_1_59' title='bbox 341 1145 361 1209; x_wconf 88' lang='grc'>9</span> <span class='ocrx_word' id='word_1_60' title='bbox 385 1145 507 1210; x_wconf 82' lang='lat' dir='ltr'><strong>editur:</strong></span> <span class='ocrx_word' id='word_1_61' title='bbox 532 1144 587 1209; x_wconf 79' lang='lat' dir='ltr'><strong><em>An</em></strong></span> <span class='ocrx_word' id='word_1_62' title='bbox 608 1145 795 1230; x_wconf 69' lang='lat' dir='ltr'><strong><em>inuentum?</em></strong></span> <span class='ocrx_word' id='word_1_63' title='bbox 815 1165 911 1229; x_wconf 83' lang='lat' dir='ltr'><strong><em>quum</em></strong></span> <span class='ocrx_word' id='word_1_64' title='bbox 934 1146 1029 1209; x_wconf 86' lang='lat' dir='ltr'><strong><em>etiom</em></strong></span> <span class='ocrx_word' id='word_1_65' title='bbox 1051 1146 1118 1228; x_wconf 82' lang='lat' dir='ltr'><strong><em>ipse</em></strong></span> <span class='ocrx_word' id='word_1_66' title='bbox 1140 1165 1232 1209; x_wconf 69' lang='lat' dir='ltr'><strong><em>conos</em></strong></span> <span class='ocrx_word' id='word_1_67' title='bbox 1248 1166 1335 1209; x_wconf 80' lang='lat' dir='ltr'><strong><em>eoen-</em></strong></span> 
     </span>
     <span class='ocr_line' id='line_1_9' title="bbox 150 1251 1339 1334; baseline 0 -19"><span class='ocrx_word' id='word_1_68' title='bbox 150 1254 248 1334; x_wconf 70' lang='lat' dir='ltr'><strong><em>lteqee</em></strong></span> <span class='ocrx_word' id='word_1_69' title='bbox 269 1272 377 1315; x_wconf 77' lang='lat' dir='ltr'><strong><em>rerum</em></strong></span> <span class='ocrx_word' id='word_1_70' title='bbox 399 1272 463 1316; x_wconf 78' lang='lat' dir='ltr'><strong><em>non</em></strong></span> <span class='ocrx_word' id='word_1_71' title='bbox 491 1251 595 1334; x_wconf 82' lang='lat' dir='ltr'><strong><em>doces,</em></strong></span> <span class='ocrx_word' id='word_1_72' title='bbox 629 1252 684 1317; x_wconf 86' lang='lat' dir='ltr'><strong><em>sed</em></strong></span> <span class='ocrx_word' id='word_1_73' title='bbox 717 1253 842 1315; x_wconf 79' lang='lat' dir='ltr'><strong><em>comites</em></strong></span> <span class='ocrx_word' id='word_1_74' title='bbox 870 1253 936 1316; x_wconf 89' lang='lat' dir='ltr'><strong><em>eius</em></strong></span> <span class='ocrx_word' id='word_1_75' title='bbox 964 1252 1167 1316; x_wconf 77' lang='lat' dir='ltr'><strong><em>cooesiliorom</em></strong></span> <span class='ocrx_word' id='word_1_76' title='bbox 1191 1251 1339 1334; x_wconf 78' lang='lat' dir='ltr'><strong><em>fueoint?</em></strong></span> 
     </span>
     <span class='ocr_line' id='line_1_10' title="bbox 150 1351 1335 1441; baseline 0 -19"><span class='ocrx_word' id='word_1_77' title='bbox 150 1351 416 1438; x_wconf 72' lang='lat' dir='ltr'><strong><em>Exspecnhamus</em></strong></span> <span class='ocrx_word' id='word_1_78' title='bbox 439 1358 589 1437; x_wconf 90' lang='lat' dir='ltr'><strong><em>eandem,</em></strong></span> <span class='ocrx_word' id='word_1_79' title='bbox 614 1379 687 1440; x_wconf 85' lang='lat' dir='ltr'><strong><em>quae</em></strong></span> <span class='ocrx_word' id='word_1_80' title='bbox 711 1358 858 1441; x_wconf 85' lang='lat' dir='ltr'>proxime</span> <span class='ocrx_word' id='word_1_81' title='bbox 881 1359 1058 1440; x_wconf 80' lang='lat' dir='ltr'><strong><em>praecessit,</em></strong></span> <span class='ocrx_word' id='word_1_82' title='bbox 1082 1357 1223 1425; x_wconf 82' lang='lat' dir='ltr'><strong><em>formam</em></strong></span> <span class='ocrx_word' id='word_1_83' title='bbox 1245 1357 1298 1423; x_wconf 85' lang='lat' dir='ltr'><strong><em>rei</em></strong></span> <span class='ocrx_word' id='word_1_84' title='bbox 1319 1392 1335 1405; x_wconf 95' lang='lat'>-</span> 
     </span>
     <span class='ocr_line' id='line_1_11' title="bbox 153 1461 1337 1550; baseline 0.004 -27"><span class='ocrx_word' id='word_1_85' title='bbox 153 1461 268 1528; x_wconf 82' lang='lat' dir='ltr'><strong><em>tationis</em></strong></span> <span class='ocrx_word' id='word_1_86' title='bbox 295 1484 355 1547; x_wconf 90' lang='lat' dir='ltr'><strong><em>per</em></strong></span> <span class='ocrx_word' id='word_1_87' title='bbox 382 1484 564 1547; x_wconf 86' lang='lat' dir='ltr'><strong>pronomen</strong></span> <span class='ocrx_word' id='word_1_88' title='bbox 594 1465 766 1530; x_wconf 83' lang='lat' dir='ltr'><strong><em>relativum</em></strong></span> <span class='ocrx_word' id='word_1_89' title='bbox 790 1483 928 1529; x_wconf 85' lang='lat' dir='ltr'><strong><em>annexae</em></strong></span> <span class='ocrx_word' id='word_1_90' title='bbox 951 1463 1092 1547; x_wconf 81' lang='lat' dir='ltr'><strong><em>(Ususne</em></strong></span> <span class='ocrx_word' id='word_1_91' title='bbox 1119 1466 1250 1529; x_wconf 78' lang='lat' dir='ltr'><strong><em>rernm?</em></strong></span> <span class='ocrx_word' id='word_1_92' title='bbox 1281 1466 1337 1550; x_wconf 83' lang='lat' dir='ltr'><strong><em>qui</em></strong></span> 
     </span>
     <span class='ocr_line' id='line_1_12' title="bbox 153 1569 1335 1654; baseline 0.002 -21"><span class='ocrx_word' id='word_1_93' title='bbox 153 1569 281 1645; x_wconf 67' lang='lat' dir='ltr'><strong><em>punitio</em></strong></span> <span class='ocrx_word' id='word_1_94' title='bbox 302 1577 424 1654; x_wconf 84' lang='lat' dir='ltr'><strong><em>tempos</em></strong></span> <span class='ocrx_word' id='word_1_95' title='bbox 446 1579 619 1636; x_wconf 63' lang='lat' dir='ltr'><strong><em>euremum</em></strong></span> <span class='ocrx_word' id='word_1_96' title='bbox 647 1575 708 1636; x_wconf 90' lang='lat' dir='ltr'><strong><em>cet.</em></strong></span> <span class='ocrx_word' id='word_1_97' title='bbox 738 1575 770 1636; x_wconf 87' lang='lat' dir='ltr'><strong><em>et</em></strong></span> <span class='ocrx_word' id='word_1_98' title='bbox 798 1572 849 1636; x_wconf 88' lang='lat' dir='ltr'><strong><em>bis</em></strong></span> <span class='ocrx_word' id='word_1_99' title='bbox 876 1569 1061 1653; x_wconf 84' lang='lat' dir='ltr'><strong><em>praeterea).</em></strong></span> <span class='ocrx_word' id='word_1_100' title='bbox 1112 1572 1194 1636; x_wconf 87' lang='lat' dir='ltr'><strong><em>Eam</em></strong></span> <span class='ocrx_word' id='word_1_101' title='bbox 1223 1574 1335 1636; x_wconf 91' lang='lat' dir='ltr'><strong><em>autem</em></strong></span> 
     </span>
    </p>

    <p class='ocr_par' dir='ltr' id='par_1_4' title="bbox 87 1660 1336 2296">
     <span class='ocr_line' id='line_1_13' title="bbox 157 1670 1336 1763; baseline 0.01 -33.327"><span class='ocrx_word' id='word_1_102' title='bbox 157 1670 196 1735; x_wconf 89' lang='lat' dir='ltr'><strong><em>hic</em></strong></span> <span class='ocrx_word' id='word_1_103' title='bbox 216 1695 341 1760; x_wconf 85' lang='lat' dir='ltr'><strong><em>qnoque</em></strong></span> <span class='ocrx_word' id='word_1_104' title='bbox 364 1678 505 1760; x_wconf 76' lang='lat' dir='ltr'><strong>positam</strong></span> <span class='ocrx_word' id='word_1_105' title='bbox 529 1678 640 1758; x_wconf 87' lang='lat' dir='ltr'><strong><em>fuisse,</em></strong></span> <span class='ocrx_word' id='word_1_106' title='bbox 665 1679 817 1756; x_wconf 80' lang='lat' dir='ltr'><strong>ostendit,</strong></span> <span class='ocrx_word' id='word_1_107' title='bbox 841 1678 929 1760; x_wconf 90' lang='lat' dir='ltr'><strong><em>quod</em></strong></span> <span class='ocrx_word' id='word_1_108' title='bbox 953 1680 1114 1760; x_wconf 87' lang='lat' dir='ltr'><strong><em>sequitur:</em></strong></span> <span class='ocrx_word' id='word_1_109' title='bbox 1137 1680 1256 1763; x_wconf 78' lang='lat' dir='ltr'><strong><em>inquo</em></strong></span> <span class='ocrx_word' id='word_1_110' title='bbox 1271 1698 1336 1742; x_wconf 78' lang='lat' dir='ltr'><strong><em>ono</em></strong></span> 
     </span>
     <span class='ocr_line' id='line_1_14' title="bbox 159 1776 1334 1866; baseline 0.003 -21"><span class='ocrx_word' id='word_1_111' title='bbox 159 1776 191 1839; x_wconf 74' lang='lat' dir='ltr'><strong><em>ilo</em></strong></span> <span class='ocrx_word' id='word_1_112' title='bbox 210 1802 327 1847; x_wconf 68' lang='lat' dir='ltr'><strong><em>musmo</em></strong></span> <span class='ocrx_word' id='word_1_113' title='bbox 348 1784 484 1866; x_wconf 79' lang='lat' dir='ltr'><strong><em>fortuna</em></strong></span> <span class='ocrx_word' id='word_1_114' title='bbox 511 1806 581 1849; x_wconf 82' lang='lat' dir='ltr'><strong><em>cum</em></strong></span> <span class='ocrx_word' id='word_1_115' title='bbox 608 1806 733 1851; x_wconf 82' lang='lat' dir='ltr'><strong><em>summo</em></strong></span> <span class='ocrx_word' id='word_1_116' title='bbox 762 1788 877 1850; x_wconf 69' lang='lat' dir='ltr'><strong><em>oirtm</em></strong></span> <span class='ocrx_word' id='word_1_117' title='bbox 907 1787 1037 1849; x_wconf 82' lang='lat' dir='ltr'><strong><em>certooit</em></strong></span> <span class='ocrx_word' id='word_1_118' title='bbox 1069 1788 1145 1860; x_wconf 88' lang='lat' dir='ltr'><strong><em>cet.;</em></strong></span> <span class='ocrx_word' id='word_1_119' title='bbox 1181 1785 1215 1849; x_wconf 92' lang='lat' dir='ltr'><strong><em>id</em></strong></span> <span class='ocrx_word' id='word_1_120' title='bbox 1246 1784 1334 1849; x_wconf 89' lang='lat' dir='ltr'><strong><em>enim</em></strong></span> 
     </span>
     <span class='ocr_line' id='line_1_15' title="bbox 158 1891 1334 1976; baseline 0.004 -27"><span class='ocrx_word' id='word_1_121' title='bbox 158 1899 227 1951; x_wconf 85' lang='lat' dir='ltr'><strong><em>nunc</em></strong></span> <span class='ocrx_word' id='word_1_122' title='bbox 247 1910 345 1971; x_wconf 86' lang='lat' dir='ltr'><strong><em>prave</em></strong></span> <span class='ocrx_word' id='word_1_123' title='bbox 368 1891 525 1970; x_wconf 74' lang='lat' dir='ltr'><strong><em>adhaeret,</em></strong></span> <span class='ocrx_word' id='word_1_124' title='bbox 560 1892 727 1974; x_wconf 88' lang='lat' dir='ltr'><strong><em>superiore</em></strong></span> <span class='ocrx_word' id='word_1_125' title='bbox 755 1892 905 1957; x_wconf 81' lang='lat' dir='ltr'><strong><em>membro</em></strong></span> <span class='ocrx_word' id='word_1_126' title='bbox 934 1893 1028 1956; x_wconf 88' lang='lat' dir='ltr'><strong><em>aliter</em></strong></span> <span class='ocrx_word' id='word_1_127' title='bbox 1056 1911 1114 1973; x_wconf 88' lang='lat' dir='ltr'><strong><em>per</em></strong></span> <span class='ocrx_word' id='word_1_128' title='bbox 1137 1911 1233 1976; x_wconf 82' lang='lat' dir='ltr'><strong><em>quom</em></strong></span> <span class='ocrx_word' id='word_1_129' title='bbox 1256 1910 1334 1956; x_wconf 90' lang='lat' dir='ltr'><strong><em>con·</em></strong></span> 
     </span>
     <span class='ocr_line' id='line_1_16' title="bbox 158 1984 1333 2085; baseline 0.001 -25"><span class='ocrx_word' id='word_1_130' title='bbox 158 1984 330 2061; x_wconf 76' lang='lat' dir='ltr'><strong><em>iunctionem</em></strong></span> <span class='ocrx_word' id='word_1_131' title='bbox 371 1998 585 2085; x_wconf 80' lang='lat' dir='ltr'><strong><em>conformato.</em></strong></span> <span class='ocrx_word' id='word_1_132' title='bbox 648 1999 771 2064; x_wconf 86' lang='lat' dir='ltr'><strong><em>Deinde</em></strong></span> <span class='ocrx_word' id='word_1_133' title='bbox 812 1999 939 2064; x_wconf 92' lang='lat' dir='ltr'><strong><em>codices</em></strong></span> <span class='ocrx_word' id='word_1_134' title='bbox 974 1998 1061 2062; x_wconf 91' lang='lat' dir='ltr'><strong><em>idem</em></strong></span> <span class='ocrx_word' id='word_1_135' title='bbox 1096 1998 1333 2076; x_wconf 84' lang='lat' dir='ltr'><strong><em>demonstrant,</em></strong></span> 
     </span>
     <span class='ocr_line' id='line_1_17' title="bbox 159 2100 1335 2190; baseline -0.004 -18"><span class='ocrx_word' id='word_1_136' title='bbox 159 2100 338 2172; x_wconf 68' lang='lat' dir='ltr'><strong><em>alltl&#39;lissime</em></strong></span> <span class='ocrx_word' id='word_1_137' title='bbox 362 2104 398 2183; x_wconf 90' lang='lat' dir='ltr'><strong><em>P,</em></strong></span> <span class='ocrx_word' id='word_1_138' title='bbox 428 2106 461 2169; x_wconf 91' lang='lat' dir='ltr'><strong><em>in</em></strong></span> <span class='ocrx_word' id='word_1_139' title='bbox 490 2125 555 2188; x_wconf 87' lang='lat' dir='ltr'><strong><em>quo</em></strong></span> <span class='ocrx_word' id='word_1_140' title='bbox 584 2110 649 2170; x_wconf 91' lang='lat' dir='ltr'><strong><em>est:</em></strong></span> <span class='ocrx_word' id='word_1_141' title='bbox 685 2105 855 2190; x_wconf 68' lang='lat' dir='ltr'><strong><em>odoenium</em></strong></span> <span class='ocrx_word' id='word_1_142' title='bbox 882 2105 995 2190; x_wconf 76' lang='lat' dir='ltr'><strong><em>ieeqoid</em></strong></span> <span class='ocrx_word' id='word_1_143' title='bbox 1018 2106 1113 2168; x_wconf 89' lang='lat' dir='ltr'><strong><em>etiom</em></strong></span> <span class='ocrx_word' id='word_1_144' title='bbox 1138 2139 1177 2148; x_wconf 96' lang='lat'><strong>—</strong></span> <span class='ocrx_word' id='word_1_145' title='bbox 1200 2104 1335 2186; x_wconf 73' lang='lat' dir='ltr'><strong><em>fueruit</em></strong></span> 
     </span>
     <span class='ocr_line' id='line_1_18' title="bbox 158 2192 1333 2296; baseline 0.003 -24"><span class='ocrx_word' id='word_1_146' title='bbox 158 2192 222 2273; x_wconf 70' lang='grc' dir='ltr'><strong><em>(ΑΒ</em></strong></span> <span class='ocrx_word' id='word_1_147' title='bbox 243 2208 283 2272; x_wconf 82' lang='lat' dir='ltr'><strong><em>od</em></strong></span> <span class='ocrx_word' id='word_1_148' title='bbox 302 2211 467 2294; x_wconf 63' lang='lat' dir='ltr'><strong><em>incenium</em></strong></span> <span class='ocrx_word' id='word_1_149' title='bbox 489 2213 592 2296; x_wconf 80' lang='lat' dir='ltr'><strong><em>inquit</em></strong></span> <span class='ocrx_word' id='word_1_150' title='bbox 615 2213 709 2277; x_wconf 86' lang='lat' dir='ltr'><strong><em>etiam</em></strong></span> <span class='ocrx_word' id='word_1_151' title='bbox 733 2247 775 2256; x_wconf 97' lang='lat'><em>-</em></span> <span class='ocrx_word' id='word_1_152' title='bbox 796 2210 958 2294; x_wconf 74' lang='lat' dir='ltr'><strong><em>feeerontl;</em></strong></span> <span class='ocrx_word' id='word_1_153' title='bbox 987 2231 1048 2275; x_wconf 92' lang='lat' dir='ltr'><strong><em>nec</em></strong></span> <span class='ocrx_word' id='word_1_154' title='bbox 1070 2210 1269 2276; x_wconf 83' lang='lat' dir='ltr'>dissimiliter</span> <span class='ocrx_word' id='word_1_155' title='bbox 1291 2211 1333 2275; x_wconf 85' lang='lat' dir='ltr'><strong><em>E:</em></strong></span> 
     </span>
    </p>

    <p class='ocr_par' dir='ltr' id='par_1_5' title="bbox 87 2301 1333 2411">
     <span class='ocr_line' id='line_1_19' title="bbox 87 2301 1333 2411; baseline 0.002 -33"><span class='ocrx_word' id='word_1_156' title='bbox 87 2336 92 2411; x_wconf 58' lang='lat' dir='ltr'><strong><em>s</em></strong></span> <span class='ocrx_word' id='word_1_157' title='bbox 157 2301 189 2363; x_wconf 64' lang='lat' dir='ltr'><strong><em>ld</em></strong></span> <span class='ocrx_word' id='word_1_158' title='bbox 217 2313 374 2398; x_wconf 64' lang='lat' dir='ltr'><strong><em>incenium</em></strong></span> <span class='ocrx_word' id='word_1_159' title='bbox 400 2318 514 2402; x_wconf 78' lang='lat' dir='ltr'><strong><em>inquid</em></strong></span> <span class='ocrx_word' id='word_1_160' title='bbox 548 2353 592 2364; x_wconf 89' lang='lat'>-</span> <span class='ocrx_word' id='word_1_161' title='bbox 624 2319 772 2401; x_wconf 71' lang='lat' dir='ltr'><strong><em>fuerunt,</em></strong></span> <span class='ocrx_word' id='word_1_162' title='bbox 807 2318 889 2383; x_wconf 86' lang='lat' dir='ltr'><strong>Oxx.</strong></span> <span class='ocrx_word' id='word_1_163' title='bbox 925 2337 1054 2401; x_wconf 86' lang='lat' dir='ltr'><strong><em>quoque</em></strong></span> <span class='ocrx_word' id='word_1_164' title='bbox 1090 2321 1245 2399; x_wconf 83' lang='lat' dir='ltr'><strong><em>quattuor</em></strong></span> <span class='ocrx_word' id='word_1_165' title='bbox 1278 2315 1333 2399; x_wconf 86' lang='lat' dir='ltr'><strong><em>(ex</em></strong></span> 
     </span>
    </p>

    <p class='ocr_par' dir='ltr' id='par_1_6' title="bbox 87 2409 1374 3039">
     <span class='ocr_line' id='line_1_20' title="bbox 87 2409 1374 2519; baseline 0.004 -35"><span class='ocrx_word' id='word_1_166' title='bbox 87 2474 89 2483; x_wconf 93' lang='lat'><em>.</em></span> <span class='ocrx_word' id='word_1_167' title='bbox 153 2409 289 2519; x_wconf 71' lang='lat' dir='ltr'><strong><em>lllnque)</em></strong></span> <span class='ocrx_word' id='word_1_168' title='bbox 312 2425 390 2508; x_wconf 80' lang='lat' dir='ltr'><strong><em>qeein</em></strong></span> <span class='ocrx_word' id='word_1_169' title='bbox 412 2444 473 2506; x_wconf 89' lang='lat' dir='ltr'><strong><em>pro</em></strong></span> <span class='ocrx_word' id='word_1_170' title='bbox 496 2444 601 2509; x_wconf 57' lang='lat' dir='ltr'><strong><em>quon</em></strong></span> <span class='ocrx_word' id='word_1_171' title='bbox 626 2425 691 2489; x_wconf 91' lang='lat' dir='ltr'><strong><em>duo</em></strong></span> <span class='ocrx_word' id='word_1_172' title='bbox 712 2425 845 2506; x_wconf 79' lang='lat' dir='ltr'><strong><em>fuerunt</em></strong></span> <span class='ocrx_word' id='word_1_173' title='bbox 866 2425 1002 2490; x_wconf 88' lang='lat' dir='ltr'><strong><em>habent.</em></strong></span> <span class='ocrx_word' id='word_1_174' title='bbox 1045 2424 1259 2488; x_wconf 89' lang='lat' dir='ltr'><strong><em>Scribendum</em></strong></span> <span class='ocrx_word' id='word_1_175' title='bbox 1283 2427 1334 2489; x_wconf 90' lang='lat' dir='ltr'><strong><em>est</em></strong></span> <span class='ocrx_word' id='word_1_176' title='bbox 1347 2438 1374 2479; x_wconf 75' lang='lat'><strong><em>¹⁹</em></strong></span> 
     </span>
     <span class='ocr_line' id='line_1_21' title="bbox 151 2511 1334 2615; baseline 0.003 -25"><span class='ocrx_word' id='word_1_177' title='bbox 151 2511 248 2592; x_wconf 60' lang='lat' dir='ltr'><strong><em>illut:</em></strong></span> <span class='ocrx_word' id='word_1_178' title='bbox 280 2529 335 2593; x_wconf 80' lang='lat' dir='ltr'><strong><em>An</em></strong></span> <span class='ocrx_word' id='word_1_179' title='bbox 362 2532 549 2614; x_wconf 64' lang='lat' dir='ltr'><strong><em>incenium?</em></strong></span> <span class='ocrx_word' id='word_1_180' title='bbox 584 2531 664 2610; x_wconf 75' lang='lat' dir='ltr'><strong><em>Qeeoi</em></strong></span> <span class='ocrx_word' id='word_1_181' title='bbox 692 2533 787 2594; x_wconf 82' lang='lat' dir='ltr'><strong><em>etiam</em></strong></span> <span class='ocrx_word' id='word_1_182' title='bbox 816 2532 877 2615; x_wconf 70' lang='lat' dir='ltr'><strong><em>insi</em></strong></span> <span class='ocrx_word' id='word_1_183' title='bbox 905 2552 997 2595; x_wconf 85' lang='lat' dir='ltr'><strong><em>casus</em></strong></span> <span class='ocrx_word' id='word_1_184' title='bbox 1020 2522 1202 2615; x_wconf 65' lang='lat' dir='ltr'><strong><em>eoeotusq&#39;ue</em></strong></span> <span class='ocrx_word' id='word_1_185' title='bbox 1225 2551 1334 2594; x_wconf 84' lang='lat' dir='ltr'><strong><em>rerum</em></strong></span> 
     </span>
     <span class='ocr_line' id='line_1_22' title="bbox 149 2632 1331 2718; baseline 0.003 -21"><span class='ocrx_word' id='word_1_186' title='bbox 149 2632 198 2685; x_wconf 57' lang='grc' dir='ltr'><strong><em>Μὴ</em></strong></span> <span class='ocrx_word' id='word_1_187' title='bbox 222 2633 322 2717; x_wconf 84' lang='lat' dir='ltr'><strong><em>duces,</em></strong></span> <span class='ocrx_word' id='word_1_188' title='bbox 345 2637 401 2700; x_wconf 84' lang='lat' dir='ltr'><strong><em>sed</em></strong></span> <span class='ocrx_word' id='word_1_189' title='bbox 423 2639 548 2701; x_wconf 76' lang='lat' dir='ltr'><strong><em>comites</em></strong></span> <span class='ocrx_word' id='word_1_190' title='bbox 570 2638 772 2701; x_wconf 78' lang='lat' dir='ltr'><strong><em>consiliorum</em></strong></span> <span class='ocrx_word' id='word_1_191' title='bbox 793 2636 936 2718; x_wconf 64' lang='lat' dir='ltr'><strong><em>sonuit.</em></strong></span> <span class='ocrx_word' id='word_1_192' title='bbox 981 2636 1061 2700; x_wconf 74' lang='lat' dir='ltr'><strong><em>Eius</em></strong></span> <span class='ocrx_word' id='word_1_193' title='bbox 1084 2636 1248 2701; x_wconf 86' lang='lat' dir='ltr'><strong><em>adiectum</em></strong></span> <span class='ocrx_word' id='word_1_194' title='bbox 1272 2640 1331 2714; x_wconf 88' lang='lat' dir='ltr'><strong><em>est,</em></strong></span> 
     </span>
     <span class='ocr_line' id='line_1_23' title="bbox 145 2734 1334 2826; baseline 0.003 -22"><span class='ocrx_word' id='word_1_195' title='bbox 145 2734 304 2806; x_wconf 70' lang='lat' dir='ltr'><strong><em>sententiae</em></strong></span> <span class='ocrx_word' id='word_1_196' title='bbox 338 2743 430 2807; x_wconf 91' lang='lat' dir='ltr'><strong><em>initio</em></strong></span> <span class='ocrx_word' id='word_1_197' title='bbox 465 2745 628 2825; x_wconf 84' lang='lat' dir='ltr'><strong><em>corrupto.</em></strong></span> <span class='ocrx_word' id='word_1_198' title='bbox 680 2743 751 2826; x_wconf 75' lang='lat' dir='ltr'><strong><em>Ipsi</em></strong></span> <span class='ocrx_word' id='word_1_199' title='bbox 784 2744 900 2807; x_wconf 88' lang='lat' dir='ltr'><strong><em>melius</em></strong></span> <span class='ocrx_word' id='word_1_200' title='bbox 935 2744 1039 2808; x_wconf 89' lang='lat' dir='ltr'><strong><em>altera</em></strong></span> <span class='ocrx_word' id='word_1_201' title='bbox 1074 2743 1197 2808; x_wconf 88' lang='lat' dir='ltr'><strong><em>familia</em></strong></span> <span class='ocrx_word' id='word_1_202' title='bbox 1231 2744 1334 2807; x_wconf 84' lang='lat' dir='ltr'><strong><em>habet</em></strong></span> 
     </span>
     <span class='ocr_line' id='line_1_24' title="bbox 143 2842 1333 2932; baseline 0.007 -25"><span class='ocrx_word' id='word_1_203' title='bbox 143 2842 235 2911; x_wconf 76' lang='lat' dir='ltr'><strong><em>luam</em></strong></span> <span class='ocrx_word' id='word_1_204' title='bbox 257 2850 332 2932; x_wconf 63' lang='lat' dir='ltr'><strong><em>epse,</em></strong></span> <span class='ocrx_word' id='word_1_205' title='bbox 357 2849 446 2931; x_wconf 91' lang='lat' dir='ltr'><strong><em>quod</em></strong></span> <span class='ocrx_word' id='word_1_206' title='bbox 469 2857 519 2915; x_wconf 88' lang='lat' dir='ltr'><strong><em>est</em></strong></span> <span class='ocrx_word' id='word_1_207' title='bbox 542 2849 576 2913; x_wconf 92' lang='lat' dir='ltr'><strong><em>in</em></strong></span> <span class='ocrx_word' id='word_1_208' title='bbox 598 2849 692 2928; x_wconf 88' lang='lat' dir='ltr'><strong><em>PAB,</em></strong></span> <span class='ocrx_word' id='word_1_209' title='bbox 717 2850 833 2927; x_wconf 59' lang='lat' dir='ltr'><strong><em>Herm</em></strong></span> <span class='ocrx_word' id='word_1_210' title='bbox 854 2870 920 2916; x_wconf 91' lang='lat' dir='ltr'><strong><em>non</em></strong></span> <span class='ocrx_word' id='word_1_211' title='bbox 944 2850 984 2914; x_wconf 90' lang='lat' dir='ltr'><strong><em>de</em></strong></span> <span class='ocrx_word' id='word_1_212' title='bbox 1009 2869 1087 2914; x_wconf 87' lang='lat' dir='ltr'><strong><em>casu</em></strong></span> <span class='ocrx_word' id='word_1_213' title='bbox 1111 2852 1261 2914; x_wconf 87' lang='lat' dir='ltr'><strong><em>universe</em></strong></span> <span class='ocrx_word' id='word_1_214' title='bbox 1284 2850 1333 2915; x_wconf 94' lang='lat' dir='ltr'><strong><em>lo·</em></strong></span> 
     </span>
     <span class='ocr_line' id='line_1_25' title="bbox 140 2942 855 3039; baseline 0.001 -20"><span class='ocrx_word' id='word_1_215' title='bbox 140 2942 253 3034; x_wconf 61' lang='lat' dir='ltr'><strong><em>(nitur,</em></strong></span> <span class='ocrx_word' id='word_1_216' title='bbox 277 2956 335 3020; x_wconf 90' lang='lat' dir='ltr'><strong><em>sed</em></strong></span> <span class='ocrx_word' id='word_1_217' title='bbox 359 2956 400 3020; x_wconf 88' lang='lat' dir='ltr'><strong><em>de</em></strong></span> <span class='ocrx_word' id='word_1_218' title='bbox 423 2957 557 3039; x_wconf 81' lang='lat' dir='ltr'><strong><em>singulis</em></strong></span> <span class='ocrx_word' id='word_1_219' title='bbox 582 2956 712 3021; x_wconf 87' lang='lat' dir='ltr'><strong><em>casibus</em></strong></span> <span class='ocrx_word' id='word_1_220' title='bbox 735 2975 855 3020; x_wconf 86' lang='lat' dir='ltr'><strong><em>rerum.</em></strong></span> 
     </span>
    </p>

    <p class='ocr_par' dir='ltr' id='par_1_7' title="bbox 129 3061 1350 3893">
     <span class='ocr_line' id='line_1_26' title="bbox 223 3061 1332 3146; baseline 0.001 -20"><span class='ocrx_word' id='word_1_221' title='bbox 223 3061 345 3127; x_wconf 83' lang='lat' dir='ltr'><strong><em>Eodem</em></strong></span> <span class='ocrx_word' id='word_1_222' title='bbox 370 3082 441 3146; x_wconf 89' lang='lat' dir='ltr'><strong><em>cap.</em></strong></span> <span class='ocrx_word' id='word_1_223' title='bbox 466 3061 484 3144; x_wconf 64' lang='grc' dir='ltr'><strong>ἕ</strong></span> <span class='ocrx_word' id='word_1_224' title='bbox 510 3063 552 3128; x_wconf 88' lang='grc'><strong><em>10</em></strong></span> <span class='ocrx_word' id='word_1_225' title='bbox 575 3063 681 3127; x_wconf 88' lang='lat' dir='ltr'><strong><em>editur</em></strong></span> <span class='ocrx_word' id='word_1_226' title='bbox 705 3063 810 3145; x_wconf 80' lang='lat' dir='ltr'><strong><em>vulgo,</em></strong></span> <span class='ocrx_word' id='word_1_227' title='bbox 840 3064 1004 3128; x_wconf 87' lang='lat' dir='ltr'><strong><em>codicibus</em></strong></span> <span class='ocrx_word' id='word_1_228' title='bbox 1028 3083 1094 3128; x_wconf 91' lang='lat' dir='ltr'><strong><em>non</em></strong></span> <span class='ocrx_word' id='word_1_229' title='bbox 1117 3063 1332 3144; x_wconf 87' lang='lat' dir='ltr'><strong><em>discrepanti-</em></strong></span> 
     </span>
     <span class='ocr_line' id='line_1_27' title="bbox 137 3140 1333 3254; baseline 0.006 -27"><span class='ocrx_word' id='word_1_230' title='bbox 137 3140 211 3227; x_wconf 56' lang='lat' dir='ltr'><strong><em>hus:</em></strong></span> <span class='ocrx_word' id='word_1_231' title='bbox 252 3169 313 3233; x_wconf 80' lang='lat' dir='ltr'><strong><em>Coi</em></strong></span> <span class='ocrx_word' id='word_1_232' title='bbox 345 3177 473 3234; x_wconf 83' lang='lat' dir='ltr'><strong><em>senatus</em></strong></span> <span class='ocrx_word' id='word_1_233' title='bbox 501 3172 697 3254; x_wconf 62' lang='lat' dir='ltr'><strong><em>populosque</em></strong></span> <span class='ocrx_word' id='word_1_234' title='bbox 732 3169 895 3234; x_wconf 81' lang='lat' dir='ltr'><strong><em>Romanus</em></strong></span> <span class='ocrx_word' id='word_1_235' title='bbox 929 3171 1132 3253; x_wconf 67' lang='lat' dir='ltr'><strong><em>ovantissime</em></strong></span> <span class='ocrx_word' id='word_1_236' title='bbox 1166 3170 1333 3253; x_wconf 73' lang='lat' dir='ltr'><strong><em>‹liquitotis</em></strong></span> 
     </span>
     <span class='ocr_line' id='line_1_28' title="bbox 129 3268 1331 3361; baseline 0.002 -24"><span class='ocrx_word' id='word_1_237' title='bbox 129 3268 267 3339; x_wconf 65' lang='lat' dir='ltr'><strong><em>P&#39;OEmio</em></strong></span> <span class='ocrx_word' id='word_1_238' title='bbox 297 3276 394 3358; x_wconf 77' lang='lat' dir='ltr'><strong><em>cletis,</em></strong></span> <span class='ocrx_word' id='word_1_239' title='bbox 429 3297 492 3340; x_wconf 81' lang='lat' dir='ltr'><strong><em>non</em></strong></span> <span class='ocrx_word' id='word_1_240' title='bbox 516 3278 694 3360; x_wconf 76' lang='lat' dir='ltr'><strong><em>postulanti</em></strong></span> <span class='ocrx_word' id='word_1_241' title='bbox 724 3279 868 3361; x_wconf 79' lang='lat' dir='ltr'><strong><em>imperio,</em></strong></span> <span class='ocrx_word' id='word_1_242' title='bbox 904 3297 1011 3339; x_wconf 74' lang='lat' dir='ltr'><strong><em>certem</em></strong></span> <span class='ocrx_word' id='word_1_243' title='bbox 1039 3278 1133 3339; x_wconf 81' lang='lat' dir='ltr'><strong><em>etium</em></strong></span> <span class='ocrx_word' id='word_1_244' title='bbox 1162 3278 1331 3341; x_wconf 76' lang='lat' dir='ltr'><strong><em>recusanti.</em></strong></span> 
     </span>
     <span class='ocr_line' id='line_1_29' title="bbox 135 3353 1350 3466; baseline 0.001 -21"><span class='ocrx_word' id='word_1_245' title='bbox 135 3353 200 3436; x_wconf 58' lang='lat' dir='ltr'><strong><em>*lec</em></strong></span> <span class='ocrx_word' id='word_1_246' title='bbox 233 3385 345 3446; x_wconf 82' lang='lat' dir='ltr'><strong><em>tamen</em></strong></span> <span class='ocrx_word' id='word_1_247' title='bbox 378 3383 425 3446; x_wconf 90' lang='lat' dir='ltr'><strong><em>ita</em></strong></span> <span class='ocrx_word' id='word_1_248' title='bbox 458 3383 570 3448; x_wconf 87' lang='lat' dir='ltr'><strong><em>Cicero</em></strong></span> <span class='ocrx_word' id='word_1_249' title='bbox 605 3385 748 3449; x_wconf 86' lang='lat' dir='ltr'><strong><em>scribere</em></strong></span> <span class='ocrx_word' id='word_1_250' title='bbox 781 3385 897 3465; x_wconf 91' lang='lat' dir='ltr'><strong><em>potuit.</em></strong></span> <span class='ocrx_word' id='word_1_251' title='bbox 943 3383 1028 3447; x_wconf 87' lang='lat' dir='ltr'><strong><em>Nam</em></strong></span> <span class='ocrx_word' id='word_1_252' title='bbox 1059 3403 1166 3464; x_wconf 88' lang='lat' dir='ltr'><strong><em>neque</em></strong></span> <span class='ocrx_word' id='word_1_253' title='bbox 1192 3384 1350 3466; x_wconf 72' lang='lat' dir='ltr'><strong><em>prescio·</em></strong></span> 
     </span>
     <span class='ocr_line' id='line_1_30' title="bbox 134 3484 1331 3574; baseline 0.003 -23"><span class='ocrx_word' id='word_1_254' title='bbox 134 3484 337 3563; x_wconf 67' lang='lat' dir='ltr'><strong><em>“unisono</em></strong></span> <span class='ocrx_word' id='word_1_255' title='bbox 359 3489 527 3573; x_wconf 69' lang='lat' dir='ltr'><strong><em>dionitotis</em></strong></span> <span class='ocrx_word' id='word_1_256' title='bbox 549 3495 626 3555; x_wconf 91' lang='lat' dir='ltr'><strong><em>sunt</em></strong></span> <span class='ocrx_word' id='word_1_257' title='bbox 650 3493 795 3574; x_wconf 77' lang='lat' dir='ltr'><strong><em>inspecio,</em></strong></span> <span class='ocrx_word' id='word_1_258' title='bbox 820 3494 862 3567; x_wconf 90' lang='lat' dir='ltr'><strong><em>et,</em></strong></span> <span class='ocrx_word' id='word_1_259' title='bbox 887 3491 914 3554; x_wconf 92' lang='lat' dir='ltr'><strong><em>si</em></strong></span> <span class='ocrx_word' id='word_1_260' title='bbox 934 3493 1052 3566; x_wconf 84' lang='lat' dir='ltr'><strong><em>essent,</em></strong></span> <span class='ocrx_word' id='word_1_261' title='bbox 1077 3510 1142 3554; x_wconf 92' lang='lat' dir='ltr'><strong><em>non</em></strong></span> <span class='ocrx_word' id='word_1_262' title='bbox 1158 3494 1269 3553; x_wconf 84' lang='lat' dir='ltr'><strong><em>tamen</em></strong></span> <span class='ocrx_word' id='word_1_263' title='bbox 1285 3491 1331 3554; x_wconf 92' lang='lat' dir='ltr'><strong><em>ita</em></strong></span> 
     </span>
     <span class='ocr_line' id='line_1_31' title="bbox 135 3569 1331 3679; baseline 0.006 -25"><span class='ocrx_word' id='word_1_264' title='bbox 135 3569 247 3657; x_wconf 67' lang='lat' dir='ltr'><strong><em>Cicero</em></strong></span> <span class='ocrx_word' id='word_1_265' title='bbox 269 3593 395 3659; x_wconf 91' lang='lat' dir='ltr'><strong><em>locutus</em></strong></span> <span class='ocrx_word' id='word_1_266' title='bbox 424 3600 520 3675; x_wconf 89' lang='lat' dir='ltr'><strong><em>esset,</em></strong></span> <span class='ocrx_word' id='word_1_267' title='bbox 555 3601 713 3679; x_wconf 82' lang='lat' dir='ltr'><strong><em>tanquam</em></strong></span> <span class='ocrx_word' id='word_1_268' title='bbox 748 3599 845 3662; x_wconf 85' lang='lat' dir='ltr'><strong><em>aliam</em></strong></span> <span class='ocrx_word' id='word_1_269' title='bbox 875 3617 944 3660; x_wconf 89' lang='lat' dir='ltr'><strong><em>rem</em></strong></span> <span class='ocrx_word' id='word_1_270' title='bbox 973 3596 1095 3672; x_wconf 84' lang='lat' dir='ltr'><strong><em>datam,</em></strong></span> <span class='ocrx_word' id='word_1_271' title='bbox 1132 3597 1230 3660; x_wconf 85' lang='lat' dir='ltr'><strong><em>aliam</em></strong></span> <span class='ocrx_word' id='word_1_272' title='bbox 1264 3616 1331 3661; x_wconf 91' lang='lat' dir='ltr'><strong><em>non</em></strong></span> 
     </span>
     <span class='ocr_line' id='line_1_32' title="bbox 135 3694 1330 3794; baseline 0.005 -34"><span class='ocrx_word' id='word_1_273' title='bbox 135 3694 332 3794; x_wconf 69' lang='lat' dir='ltr'><strong><em>ll⁰stulatam</em></strong></span> <span class='ocrx_word' id='word_1_274' title='bbox 356 3703 561 3784; x_wconf 81' lang='lat' dir='ltr'><strong><em>significaret,</em></strong></span> <span class='ocrx_word' id='word_1_275' title='bbox 586 3705 674 3785; x_wconf 91' lang='lat' dir='ltr'><strong><em>quod</em></strong></span> <span class='ocrx_word' id='word_1_276' title='bbox 696 3705 733 3769; x_wconf 86' lang='lat' dir='ltr'><strong><em>fit</em></strong></span> <span class='ocrx_word' id='word_1_277' title='bbox 748 3705 811 3768; x_wconf 89' lang='lat' dir='ltr'><strong><em>alio</em></strong></span> <span class='ocrx_word' id='word_1_278' title='bbox 827 3705 1032 3768; x_wconf 85' lang='lat' dir='ltr'><strong><em>substantivo</em></strong></span> <span class='ocrx_word' id='word_1_279' title='bbox 1048 3704 1204 3779; x_wconf 88' lang='lat' dir='ltr'><strong><em>subiecto,</em></strong></span> <span class='ocrx_word' id='word_1_280' title='bbox 1229 3722 1330 3783; x_wconf 88' lang='lat' dir='ltr'><strong><em>quum</em></strong></span> 
     </span>
     <span class='ocr_line' id='line_1_33' title="bbox 137 3787 1330 3893; baseline 0.003 -24"><span class='ocrx_word' id='word_1_281' title='bbox 137 3787 170 3853; x_wconf 56' lang='lat'><strong><em>¹³¹</em></strong></span> <span class='ocrx_word' id='word_1_282' title='bbox 193 3799 306 3884; x_wconf 85' lang='lat' dir='ltr'><strong><em>ipsum,</em></strong></span> <span class='ocrx_word' id='word_1_283' title='bbox 330 3809 418 3890; x_wconf 89' lang='lat' dir='ltr'><strong><em>quod</em></strong></span> <span class='ocrx_word' id='word_1_284' title='bbox 441 3809 617 3892; x_wconf 90' lang='lat' dir='ltr'><strong><em>Pompeius</em></strong></span> <span class='ocrx_word' id='word_1_285' title='bbox 640 3831 705 3876; x_wconf 90' lang='lat' dir='ltr'><strong><em>non</em></strong></span> <span class='ocrx_word' id='word_1_286' title='bbox 729 3812 936 3893; x_wconf 82' lang='lat' dir='ltr'><strong><em>postulasset,</em></strong></span> <span class='ocrx_word' id='word_1_287' title='bbox 961 3811 1074 3874; x_wconf 89' lang='lat' dir='ltr'><strong><em>datum</em></strong></span> <span class='ocrx_word' id='word_1_288' title='bbox 1099 3810 1161 3873; x_wconf 91' lang='lat' dir='ltr'><strong><em>dici</em></strong></span> <span class='ocrx_word' id='word_1_289' title='bbox 1185 3809 1330 3873; x_wconf 85' lang='lat' dir='ltr'><strong><em>deberet.</em></strong></span> 
     </span>
    </p>
   </div>
   <div class='ocr_carea' id='block_1_3' title="bbox 140 3890 1330 4533">
    <p class='ocr_par' dir='ltr' id='par_1_8' title="bbox 140 3890 1330 4533">
     <span class='ocr_line' id='line_1_34' title="bbox 140 3890 1330 4000; baseline 0.003 -24"><span class='ocrx_word' id='word_1_290' title='bbox 140 3890 208 3969; x_wconf 57' lang='lat' dir='ltr'><strong><em>*lec</em></strong></span> <span class='ocrx_word' id='word_1_291' title='bbox 235 3917 369 3994; x_wconf 76' lang='lat' dir='ltr'><strong><em>premio</em></strong></span> <span class='ocrx_word' id='word_1_292' title='bbox 403 3915 569 4000; x_wconf 71' lang='lat' dir='ltr'><strong><em>otiositatis</em></strong></span> <span class='ocrx_word' id='word_1_293' title='bbox 603 3915 831 3998; x_wconf 88' lang='lat' dir='ltr'><strong><em>(consulatum,</em></strong></span> <span class='ocrx_word' id='word_1_294' title='bbox 867 3916 1064 3999; x_wconf 79' lang='lat' dir='ltr'><strong><em>tnumphoS,</em></strong></span> <span class='ocrx_word' id='word_1_295' title='bbox 1099 3914 1228 3996; x_wconf 84' lang='lat' dir='ltr'><strong><em>similia)</em></strong></span> <span class='ocrx_word' id='word_1_296' title='bbox 1263 3915 1330 3979; x_wconf 87' lang='lat' dir='ltr'><strong><em>ulla</em></strong></span> 
     </span>
     <span class='ocr_line' id='line_1_35' title="bbox 142 3997 1329 4098; baseline 0.002 -15"><span class='ocrx_word' id='word_1_297' title='bbox 142 3997 307 4097; x_wconf 82' lang='lat' dir='ltr'><strong><em>Pompeius</em></strong></span> <span class='ocrx_word' id='word_1_298' title='bbox 345 4027 565 4088; x_wconf 66' lang='lat' dir='ltr'><strong><em>recusaverat.</em></strong></span> <span class='ocrx_word' id='word_1_299' title='bbox 628 4025 763 4089; x_wconf 84' lang='lat' dir='ltr'><strong><em>Accedit</em></strong></span> <span class='ocrx_word' id='word_1_300' title='bbox 802 4024 927 4088; x_wconf 82' lang='lat' dir='ltr'><strong><em>foedum</em></strong></span> <span class='ocrx_word' id='word_1_301' title='bbox 968 4023 1157 4088; x_wconf 84' lang='lat' dir='ltr'><strong><em>elocutionis</em></strong></span> <span class='ocrx_word' id='word_1_302' title='bbox 1199 4023 1329 4098; x_wconf 81' lang='lat' dir='ltr'><strong><em>vitium3</em></strong></span> 
     </span>
     <span class='ocr_line' id='line_1_36' title="bbox 147 4125 1329 4214; baseline -0.001 -21"><span class='ocrx_word' id='word_1_303' title='bbox 147 4125 285 4193; x_wconf 66' lang='lat' dir='ltr'><strong><em>apertum</em></strong></span> <span class='ocrx_word' id='word_1_304' title='bbox 307 4131 356 4193; x_wconf 90' lang='lat' dir='ltr'><strong><em>cst</em></strong></span> <span class='ocrx_word' id='word_1_305' title='bbox 379 4130 465 4194; x_wconf 89' lang='lat' dir='ltr'><strong><em>enim</em></strong></span> <span class='ocrx_word' id='word_1_306' title='bbox 490 4130 550 4194; x_wconf 89' lang='lat' dir='ltr'><strong><em>dici</em></strong></span> <span class='ocrx_word' id='word_1_307' title='bbox 576 4130 743 4195; x_wconf 88' lang='lat' dir='ltr'><strong><em>debuisse:</em></strong></span> <span class='ocrx_word' id='word_1_308' title='bbox 769 4152 830 4194; x_wconf 77' lang='lat' dir='ltr'><strong><em>econ</em></strong></span> <span class='ocrx_word' id='word_1_309' title='bbox 844 4130 935 4194; x_wconf 74' lang='lat' dir='ltr'><strong><em>inodo</em></strong></span> <span class='ocrx_word' id='word_1_310' title='bbox 952 4152 1013 4194; x_wconf 82' lang='lat' dir='ltr'><strong><em>non</em></strong></span> <span class='ocrx_word' id='word_1_311' title='bbox 1022 4130 1208 4214; x_wconf 80' lang='lat' dir='ltr'><strong><em>postulanti.</em></strong></span> <span class='ocrx_word' id='word_1_312' title='bbox 1244 4129 1329 4192; x_wconf 91' lang='lat' dir='ltr'><strong><em>Nihil</em></strong></span> 
     </span>
     <span class='ocr_line' id='line_1_37' title="bbox 151 4212 1329 4317; baseline 0.016 -37"><span class='ocrx_word' id='word_1_313' title='bbox 151 4212 211 4286; x_wconf 89' lang='lat' dir='ltr'><strong><em>huc</em></strong></span> <span class='ocrx_word' id='word_1_314' title='bbox 234 4235 387 4309; x_wconf 83' lang='lat' dir='ltr'><strong><em>pertinent</em></strong></span> <span class='ocrx_word' id='word_1_315' title='bbox 417 4235 653 4317; x_wconf 87' lang='lat' dir='ltr'><strong><em>disputationes</em></strong></span> <span class='ocrx_word' id='word_1_316' title='bbox 689 4237 729 4301; x_wconf 92' lang='lat' dir='ltr'><strong><em>de</em></strong></span> <span class='ocrx_word' id='word_1_317' title='bbox 763 4237 883 4302; x_wconf 89' lang='lat' dir='ltr'><strong><em>omisso</em></strong></span> <span class='ocrx_word' id='word_1_318' title='bbox 919 4259 980 4300; x_wconf 81' lang='lat' dir='ltr'><strong><em>non</em></strong></span> <span class='ocrx_word' id='word_1_319' title='bbox 1014 4238 1046 4300; x_wconf 91' lang='lat' dir='ltr'><strong><em>in</em></strong></span> <span class='ocrx_word' id='word_1_320' title='bbox 1080 4238 1143 4300; x_wconf 91' lang='lat' dir='ltr'><strong><em>hac</em></strong></span> <span class='ocrx_word' id='word_1_321' title='bbox 1178 4235 1329 4300; x_wconf 82' lang='lat' dir='ltr'><strong><em>formula.</em></strong></span> 
     </span>
     <span class='ocr_line' id='line_1_38' title="bbox 153 4318 1329 4426; baseline 0.003 -23"><span class='ocrx_word' id='word_1_322' title='bbox 153 4318 307 4404; x_wconf 68' lang='lat' dir='ltr'><strong><em>verissime</em></strong></span> <span class='ocrx_word' id='word_1_323' title='bbox 334 4341 500 4406; x_wconf 87' lang='lat' dir='ltr'><strong><em>Manutius</em></strong></span> <span class='ocrx_word' id='word_1_324' title='bbox 529 4342 685 4407; x_wconf 83' lang='lat' dir='ltr'><strong><em>intellexit</em></strong></span> <span class='ocrx_word' id='word_1_325' title='bbox 715 4344 923 4407; x_wconf 76' lang='lat' dir='ltr'><strong><em>scribendum</em></strong></span> <span class='ocrx_word' id='word_1_326' title='bbox 955 4364 1040 4407; x_wconf 89' lang='lat' dir='ltr'><strong><em>esse:</em></strong></span> <span class='ocrx_word' id='word_1_327' title='bbox 1070 4344 1211 4426; x_wconf 76' lang='lat' dir='ltr'><strong><em>proemio</em></strong></span> <span class='ocrx_word' id='word_1_328' title='bbox 1242 4341 1329 4406; x_wconf 85' lang='lat' dir='ltr'><strong><em>dedit</em></strong></span> 
     </span>
     <span class='ocr_line' id='line_1_39' title="bbox 154 4437 1330 4533; baseline 0.003 -24"><span class='ocrx_word' id='word_1_329' title='bbox 154 4448 210 4495; x_wconf 69' lang='lat' dir='ltr'><strong><em>mm</em></strong></span> <span class='ocrx_word' id='word_1_330' title='bbox 227 4447 397 4530; x_wconf 70' lang='lat' dir='ltr'><strong><em>neelami,</em></strong></span> <span class='ocrx_word' id='word_1_331' title='bbox 420 4437 557 4533; x_wconf 66' lang='lat' dir='ltr'><strong><em>tonsoria</em></strong></span> <span class='ocrx_word' id='word_1_332' title='bbox 583 4471 652 4512; x_wconf 83' lang='lat' dir='ltr'><strong><em>cero</em></strong></span> <span class='ocrx_word' id='word_1_333' title='bbox 676 4452 769 4513; x_wconf 84' lang='lat' dir='ltr'><strong><em>etium</em></strong></span> <span class='ocrx_word' id='word_1_334' title='bbox 793 4452 961 4514; x_wconf 76' lang='lat' dir='ltr'><strong><em>recsesouti.</em></strong></span> <span class='ocrx_word' id='word_1_335' title='bbox 997 4449 1045 4513; x_wconf 85' lang='lat' dir='ltr'><strong><em>Ex</em></strong></span> <span class='ocrx_word' id='word_1_336' title='bbox 1069 4468 1228 4514; x_wconf 85' lang='lat' dir='ltr'><strong><em>concursu</em></strong></span> <span class='ocrx_word' id='word_1_337' title='bbox 1252 4468 1330 4530; x_wconf 88' lang='lat' dir='ltr'><strong><em>par-</em></strong></span> 
     </span>
    </p>
   </div>
   <div class='ocr_carea' id='block_1_4' title="bbox 0 0 1478 5206">
    <p class='ocr_par' dir='ltr' id='par_1_9' title="bbox 0 0 1478 5206">
     <span class='ocr_line' id='line_1_40' title="bbox 0 0 1478 5206; baseline 0 0"><span class='ocrx_word' id='word_1_338' title='bbox 0 0 1478 5206; x_wconf 95' lang='lat' dir='ltr'><strong><em> </em></strong></span> 
     </span>
    </p>
   </div>
  </div>
 </body>
</html>
