2948 5206
704 348 766 414 757

135 564 239 607 omne
269 563 380 607 nomen
408 544 514 606 tollere
542 562 643 625 prave
676 537 795 608 dicitur
820 565 880 626 pro
909 566 957 623 e0,
993 547 1081 628 quod
1109 555 1158 611 est
1185 547 1334 628 funditus

135 671 247 714 nomen
285 651 406 727 tollere,
453 669 553 731 quum
600 669 701 713 unum
747 671 866 715 nomen
911 653 1017 717 nullas
1063 657 1173 734 partes
1211 655 1334 721 habeat

134 756 328 840 (rectissime
351 757 438 820 enim
462 756 626 820 diceretur
652 776 741 821 omne
765 756 919 821 Latinum
947 779 1058 822 nomen
1087 758 1215 840 tollere),
1245 760 1334 842 quod

134 864 265 946 gravius
288 867 347 941 est,
372 863 532 928 sententia
547 867 618 927 tota
633 883 736 945 prava
752 869 819 939 est;
843 884 949 947 neque
965 865 1051 929 enirn
1068 866 1227 930 Antonius
1243 867 1334 947 regni

134 991 256 1035 nomen
278 971 463 1047 sustulerat,
487 970 575 1051 quod
599 970 667 1034 tolli
690 990 772 1053 opus
794 991 860 1036 non
877 975 956 1049 erat,
980 972 1039 1036 sed
1055 972 1235 1048 dictaturae,
1259 992 1333 1054 quae

133 1097 240 1159 nuper
264 1077 379 1151 suerat,
403 1096 509 1158 neque
533 1081 667 1159 propter
689 1079 827 1158 proximi
851 1078 1017 1143 dictatoris
1041 1082 1165 1142 metum
1188 1079 1221 1142 id
1247 1079 1332 1142 fece-

133 1188 186 1249 rat
204 1182 273 1266 (qui
292 1186 420 1265 poterat
444 1183 529 1246 enim
553 1187 702 1246 mortuus
725 1183 871 1264 metuit),
895 1185 953 1249 sed
977 1190 1110 1267 propter
1134 1205 1182 1259 ea,
1208 1206 1280 1267 quae
1300 1186 1333 1248 in

133 1297 302 1374 posterum
326 1290 431 1352 timeri
457 1292 617 1371 poterant.
653 1289 689 1352 ln
713 1290 893 1372 vulgarium
918 1291 1066 1355 codicum
1089 1293 1250 1374 scriptura
1267 1311 1332 1356 non

133 1400 243 1462 minus
265 1417 366 1479 prave
395 1396 500 1460 omnis
529 1396 572 1460 ab
600 1395 743 1460 Antonio
771 1397 861 1478 regni
890 1402 997 1462 metus
1027 1398 1176 1463 sublatus
1206 1398 1331 1478 dicitur,

133 1525 236 1587 quum
261 1505 301 1568 de
325 1523 425 1584 regno
447 1503 474 1565 is
498 1502 577 1565 nihil
601 1502 737 1579 tulisset,
768 1506 800 1566 et
828 1504 978 1568 sublatus
1002 1508 1135 1586 propter
1159 1504 1332 1582 Caesarem,

134 1613 190 1694 qui
214 1630 271 1675 rex
294 1610 363 1674 fieri
388 1610 452 1672 iam
477 1628 543 1672 non
565 1612 705 1690 poterat.
752 1608 883 1692 (Odisse
907 1631 1041 1693 regnum
1066 1615 1200 1693 propter
1223 1611 1332 1676 Caesa-

133 1738 203 1782 rem
227 1717 390 1780 Antonius
413 1713 567 1798 poterat.)
612 1716 769 1798 Apparet,
788 1717 991 1782 'Ciceronem
1019 1715 1080 1780 hoc
1105 1717 1233 1793 dixisse,
1263 1718 1332 1781 An-

133 1826 259 1889 tonium
288 1823 362 1887 odio
393 1822 482 1904 regni
515 1841 553 1885 eo
585 1842 792 1904 progressum
818 1843 905 1897 esse,
940 1830 975 1886 ut
1010 1824 1042 1887 id
1079 1823 1178 1887 etiam
1213 1842 1333 1887 nornen

133 1927 342 2011 (dictaturae),
378 1929 439 1992 sub
463 1948 528 2009 quo
550 1948 686 2009 regnum
711 1929 812 1993 latere
836 1935 956 2011 posset,
989 1929 1141 2011 quodque
1171 1931 1200 1993 ei
1224 1932 1332 2011 proxi·

133 2058 226 2103 mum
250 2040 345 2112 esset,
370 2035 513 2111 tolleret;
548 2034 659 2115 itaque
688 2037 849 2099 sententia
879 2037 1064 2100 huiusmodi
1093 2036 1161 2099 fere
1191 2035 1263 2099 fuit:
1298 2044 1333 2099 ut

126 2151 261 2228 prepter
295 2144 361 2205 eius
396 2139 511 2223 (regni)
546 2149 661 2205 metum
695 2144 789 2206 etiam
822 2144 1001 2225 proximum
1030 2142 1194 2206 dictatoris
1221 2163 1332 2206 nornen

132 2252 265 2326 tolleres,
289 2248 340 2312 vel
365 2249 495 2312 brevius
519 2250 753 2329 comprehensa
777 2253 810 2313 et
826 2251 968 2314 acutius:
993 2257 1026 2313 ut
1043 2251 1137 2312 etiam
1149 2250 1333 2332 proximum

133 2356 298 2420 dictatoris
321 2363 434 2418 metum
458 2356 589 2430 tolleres,
613 2356 675 2419 hoc
699 2361 758 2432 est,
782 2360 818 2420 ut
842 2376 974 2420 caveres
998 2357 1108 2432 etiam,
1132 2375 1174 2418 ne
1194 2355 1332 2423 dictator

133 2465 281 2546 posthac,
310 2463 378 2544 regi
406 2463 583 2544 proximus,
612 2462 733 2527 nedum
763 2483 898 2545 regnum
928 2463 1051 2545 ipsum,
1081 2462 1183 2527 metui
1211 2465 1331 2544 posset.

133 2570 199 2635 Sed
222 2568 340 2651 quihus
364 2568 471 2632 verbis
495 2569 611 2633 Cicero
641 2589 719 2634 usus
750 2570 801 2647 sit,
838 2573 994 2651 exputare
1022 2589 1167 2651 neque03
1202 2572 1332 2633 tantum

133 2677 239 2749 video,
250 2678 433 2758 proximum
446 2695 511 2740 nou
524 2695 596 2740 esse
609 2677 651 2739 ad
664 2675 828 2740 dictatoris
840 2696 960 2740 nomen
972 2675 1296 2740 accommodandum.
1305 2671 1331 2756 ¹)

223 2783 309 2847 Satis
332 2782 506 2846 verborum
531 2783 572 2846 de
596 2783 719 2864 exiguis
743 2783 841 2847 rebus
865 2785 988 2862 factum
1010 2785 1090 2864 puto
1113 2782 1156 2846 ad
1177 2782 1220 2857 id,
1245 2782 1331 2863 quod

133 2890 231 2966 volui,
256 2889 530 2968 consequendum.
1041 2880 1047 2889 '

224 3049 292 3113 Scr.
316 3048 425 3112 Haun.
451 3068 480 3112 a.
505 3051 536 3112 d.
561 3050 611 3113 lll.
637 3049 707 3113 Kal.
731 3049 825 3113 Mart.
850 3069 880 3113 a.
904 3048 1151 3114 MDCCCLVlll.

162 3293 184 3362 ¹)
203 3293 302 3363 [Aliter
320 3297 354 3349 de
373 3297 400 3351 h.
419 3297 436 3350 l.
456 3296 572 3350 iudicavi
592 3296 660 3349 Adv.
680 3295 743 3349 Grit.
764 3296 801 3349 Ill
820 3313 846 3365 p.
867 3293 939 3362 153]
