2948 5206
706 338 748 402 79

166 531 195 594 ad
210 529 313 594 AEneid.
337 529 352 593 1
375 550 406 595 v.
430 531 493 594 601
520 525 623 610 (605),
660 536 810 618 denique,
845 537 881 598 ut
909 536 979 617 ipse
1003 535 1156 599 Osannus
1180 537 1325 614 coniecit,

85 712 87 727 Ι
164 636 331 700 aPrisciano
359 633 429 703 VIII
452 661 484 722 p.
510 644 575 707 792
596 647 634 711 P.
659 644 728 726 (ubi
756 642 852 723 vulgo
881 645 931 705 est
954 641 1095 725 Alpheus
1118 641 1327 727 Philologus),

85 732 88 793 ἶ
162 762 215 807 nan
233 742 312 824 quod
335 763 357 806 a
379 744 494 811 Servio
518 751 562 814 ad
584 752 711 817 AEneid.
735 751 758 827 I,
789 749 854 814 273
884 752 917 812 et
939 748 976 826 V,
1005 749 1049 812 45
1077 749 1192 813 Ateius
1220 749 1326 813 nomi·

85 862 88 867 ·
160 855 229 914 natur
245 850 443 932 simpliciter,
467 855 494 918 is
512 855 627 940 Capito
645 860 872 933 videturesse,
897 856 991 937 longe
1009 855 1173 933 illustrior,
1198 856 1326 919 acuius

158 957 409 1021 uueebneorum
433 968 626 1043 argumento
649 985 715 1030 nou
739 963 927 1038 abhorrent,
963 982 1036 1044 quae
1068 963 1113 1026 ibi
1141 961 1325 1025 traduntur.
1383 958 1388 971 '

157 1061 221 1127 Unus
250 1070 401 1145 superest
423 1068 517 1134 Plinii
548 1072 680 1137 Maioris
715 1071 805 1136 locus
840 1070 873 1132 in
908 1067 1013 1132 indice
1048 1072 1218 1133 auctorum
1253 1067 1326 1131 libri

152 1167 253 1243 XXXII,
277 1173 333 1235 ubi
358 1171 398 1236 L.
415 1174 503 1238 Ateii
525 1180 657 1242 nomine
680 1178 767 1241 hunc
781 1175 986 1257 Philologum
1009 1174 1208 1256 significasse
1224 1173 1328 1237 rideri

149 1278 243 1356 potest.
293 1278 372 1342 Eius
403 1299 445 1344 ue
472 1282 573 1348 libms
601 1285 733 1367 quidem
763 1283 883 1347 multos
911 1267 1120 1363 superfuisse,
1157 1299 1197 1343 ex
1225 1279 1327 1361 ipsius

148 1380 268 1448 Suetonii
292 1385 404 1450 verbis
427 1389 559 1472 intelligi
583 1395 693 1473 potest
716 1389 768 1470 (ex
790 1388 1024 1452 eorumcotariis
1045 1389 1121 1467 eius,
1146 1406 1328 1471 quanquam

141 1491 310 1570 mensurni
332 1483 474 1574 nuent).
522 1497 588 1561 Nec
611 1516 701 1573 sane,
731 1515 805 1579 quae
829 1495 918 1577 apud
941 1495 1172 1575 grammaticos
1197 1496 1328 1557 exstant

143 1593 346 1661 didascalicon
370 1599 564 1681 fragmenta,
600 1624 641 1668 ex
670 1602 875 1686 grammatici
899 1600 1059 1664 eiusmodi
1083 1600 1204 1681 scripto
1228 1600 1327 1662 citata

141 1720 201 1766 esse
222 1709 370 1785 possunt.
416 1706 608 1774 Afferuntur
631 1711 718 1775 enim
742 1709 917 1773 verborum
940 1707 1121 1789 priscorum
1146 1709 1179 1769 et
1201 1705 1328 1787 poetice

138 1808 274 1874 ficturum
299 1810 497 1894 (redhostire,
525 1818 706 1898 inimiciter,
736 1816 894 1895 temerius,
919 1833 1086 1897 perperus,
1109 1810 1327 1896 perperitudo,

132 1915 318 1997 ponderitos,
341 1921 449 1982 statim
472 1942 533 2002 pro
555 1922 714 2003 ordinate)
738 1922 959 1997 auctoritates,
984 1939 1066 2002 quas
1090 1939 1155 1984 non
1179 1938 1219 1982 ex
1242 1917 1327 1981 illius

134 2024 252 2102 generis
274 2023 367 2088 libris
390 2030 586 2107 posteriores
610 2025 849 2112 repetebant.¹)
889 2029 955 2093 Nec
979 2029 1163 2109 quisquam,
1188 2024 1327 2116 quinon

133 2127 227 2194 hebes
242 2132 295 2208 sit,
319 2133 353 2196 in
368 2133 430 2197 illis
448 2133 623 2218 Falstdica
648 2137 835 2201 ardescet.
859 2133 1109 2217 grammaticum
1126 2131 1327 2197 Ciceroniani

132 2237 293 2318 temporis,
328 2239 387 2302 sed
413 2243 528 2324 tragici
555 2246 674 2309 veteris
703 2243 866 2309 scribendi
889 2260 991 2323 genus
1015 2242 1179 2321 agnoscet.
1225 2237 1327 2320 ng·

132 2343 321 2408 maticorum
339 2365 470 2428 quoque
487 2350 593 2414 locum
610 2351 730 2415 Gellius
747 2351 816 2426 XX,
841 2349 861 2413 3
886 2349 983 2431 plane
1006 2347 1052 2411 ita
1075 2347 1154 2410 citat
1169 2349 1326 2426 tanquam

132 2451 245 2514 veteris
273 2456 392 2533 poetae,
428 2473 525 2536 quem
561 2458 710 2539 explicet,
745 2475 812 2520 non
845 2455 1061 2537 grammatici,
1096 2472 1136 2517 ex
1165 2471 1230 2532 quo
1258 2469 1328 2515 rem

133 2556 240 2621 discat.
277 2559 343 2623 Sed
366 2560 408 2623 de
432 2561 586 2627 Cicerone
610 2568 643 2628 et
659 2564 805 2628 Varrone
829 2582 880 2626 res
905 2564 1003 2627 etiam
1022 2559 1174 2642 apertior.
1211 2557 1368 2623 Censetur

134 2661 291 2742 Osarmus,
320 2667 407 2731 Ateii
431 2669 544 2733 florem
569 2672 719 2734 incidisse
743 2671 776 2732 in
800 2670 940 2750 priorem
966 2670 1042 2731 vitae
1065 2666 1228 2730 Cleeronis
1252 2685 1328 2746 par-

134 2774 205 2845 tem,
229 2772 363 2836 ioculari
388 2794 521 2854 prorsus
545 2782 748 2858 argumento,
773 2777 860 2858 quod
880 2778 1012 2839 Asinius
1030 2773 1119 2854 apud
1136 2773 1326 2837 Suetonium

134 2877 259 2942 Ateium
278 2882 423 2962 mimum
446 2883 530 2946 inter
559 2883 727 2948 Romanos
755 2883 912 2964 Philologi
942 2900 1122 2962 cognomen
1152 2879 1328 2942 adscivisse

137 2984 237 3047 tradat
268 2985 370 3068 (quod
399 3007 441 3051 ue
472 2989 572 3053 tradit
604 2991 745 3073 quidem,
781 2990 839 3053 sed
870 2996 999 3052 tamum
1030 3005 1103 3050 eum
1137 2986 1328 3060 adscivisse,

136 3092 190 3154 etsi
220 3091 299 3155 illud
328 3112 444 3158 rerum
476 3094 549 3175 est),
585 3097 697 3161 Cicero
726 3103 836 3161 autem
865 3096 923 3176 Ep.
949 3094 991 3157 ad
1014 3093 1082 3156 Att.
1106 3091 1187 3168 Xlll,
1226 3094 1266 3155 12
1291 3112 1329 3156 eo

136 3199 258 3262 nomine
277 3207 313 3263 ut
330 3202 522 3284 pervulgato
540 3203 605 3268 iam
623 3207 744 3267 utatur.
779 3204 866 3266 Sane
880 3203 992 3266 Cicero
1004 3200 1070 3262 lraee
1082 3203 1329 3275 ιμλολογώηρα

138 3303 221 3381 dictu
257 3308 369 3388 itaque
405 3307 567 3385 Osannus,
603 3312 630 3374 si
668 3310 871 3374 considerate
906 3307 1097 3388 scripsisset,
1133 3308 1329 3371 vocabulum

138 3415 273 3487 φιλόλογος
302 3415 346 3476 ab
380 3414 476 3478 Ateio
510 3417 678 3481 inventum
713 3417 877 3480 videretur
910 3413 1052 3477 credere.
1107 3412 1185 3476 Erat
1216 3415 1329 3477 Ateius

138 3517 262 3583 Antonii
279 3520 460 3601 Gniphonis
483 3521 671 3602 discipulus.
707 3523 886 3604 Gniphonis
904 3524 1013 3583 autem
1032 3523 1113 3583 aetas
1131 3540 1205 3583 cum
1223 3522 1329 3601 priore

139 3624 294 3690 Ciceronis
319 3627 395 3690 vitae
418 3631 512 3708 parte
536 3628 604 3692 fere
629 3629 786 3710 congruit,
811 3630 864 3708 qui
889 3646 988 3708 quum
1007 3627 1161 3690 Cicerone
1179 3633 1328 3707 praetore.

139 3730 167 3794 id
196 3737 255 3810 est,
290 3734 336 3797 40
359 3754 462 3798 annos
491 3739 579 3812 nato,
616 3737 787 3799 etiamtum
820 3735 944 3809 vixerit,
980 3753 1040 3796 nee
1071 3733 1203 3796 omnino
1235 3732 1329 3813 quin·

141 3841 358 3921 quagesimum
383 3836 489 3905 aetatis
514 3861 635 3906 annum
661 3845 836 3906 excesserit
865 3840 967 3922 (Suet.
998 3840 1038 3903 de
1062 3839 1105 3903 ill.
1129 3858 1266 3919 gramm.
1299 3838 1328 3912 i,

141 3945 191 4008 cir.
214 3946 343 4010 Schutz.
367 3946 514 4028 Prolegg.
539 3948 581 4011 ad
605 3949 678 4012 libr.
703 3949 745 4011 ad
768 3945 994 4026 Herennium),
1027 3946 1140 4009 decem
1163 3964 1328 4008 summum

141 4052 225 4115 aunis
248 4052 403 4117 Cicerone
426 4054 530 4119 maior
554 4074 626 4119 esse
650 4056 770 4136 potuit;
802 4053 977 4136 discipulus
1006 4061 1116 4117 autem
1141 4053 1246 4116 minor
1270 4053 1329 4115 ali·

167 4331 188 4397 ¹)
204 4336 274 4389 Raro
297 4337 326 4390 in
349 4337 480 4404 singulari
504 4337 596 4405 aliqua
624 4338 713 4390 forma
742 4338 866 4390 vocabuli
895 4336 1051 4389 testimonio
1079 4335 1227 4388 utebantur
1255 4340 1329 4388 vetu-

205 4425 317 4479 stiorum
336 4426 589 4493 grammaticorum,
617 4425 665 4493 qui
688 4441 750 4477 eam
769 4425 861 4479 dedita
879 4442 963 4494 opera
982 4430 1008 4478 et
1027 4441 1056 4477 re
1075 4423 1188 4492 quesita
1207 4423 1329 4491 posuisse

206 4513 368 4578 riderentur,
398 4515 425 4567 in
449 4531 504 4582 quo
527 4530 626 4583 genere
651 4514 708 4582 ipse
732 4514 827 4567 Ateius
851 4514 1006 4582 Philologus
1029 4512 1102 4581 apud
1126 4512 1279 4566 Charisium
1303 4529 1329 4579 p.

209 4601 256 4654 102
273 4604 381 4657 citatur.
