2948 5206
683 339 746 403 527

113 532 241 612 spinor,
276 552 342 597 non
372 532 576 598 dubitanter:
612 541 640 598 et
661 555 759 618 porco
785 534 909 617 fairrino
932 532 1113 617 piundum
1147 540 1180 596 nt
1203 534 1232 597 si
1255 536 1316 596 cet.

113 634 238 702 Davisii
262 639 324 703 hoc
348 642 399 703 est
427 641 606 717 inventum,
642 643 703 706 nisi
735 642 823 723 quod
854 640 942 726 ctqrrr'
969 640 1087 722 posuit,
1123 638 1316 722 particulam

115 741 191 808 binc
215 764 350 828 prorsus
374 747 526 811 alienam.

207 850 243 916 C.
268 852 321 930 23,
346 853 405 917 58:
438 852 501 919 Sed
524 856 558 916 in
581 855 658 918 urbe
681 855 808 938 sepeliri
832 855 882 917 ten
904 860 996 918 vetut.
1043 853 1096 917 Sic
1119 854 1273 918 decretum
1300 876 1318 916 n

127 957 297 1039 panificum
321 960 457 1043 callepio,
487 981 550 1024 non
573 981 636 1026 esse
660 963 719 1043 ius,
749 963 784 1024 in
807 962 871 1024 loco
889 961 1016 1045 publico
1037 960 1110 1043 fieri
1133 961 1319 1045 sepulcrum.

132 1060 235 1144 Neque
268 1084 327 1130 cur
362 1065 396 1129 in
429 1067 537 1149 priore
571 1069 734 1133 sententia
766 1088 826 1150 per
854 1067 1094 1132 adversativam
1127 1068 1320 1150 particulam

138 1174 297 1250 repetatur,
334 1172 511 1255 quodiam
535 1174 658 1240 dictum
683 1178 763 1253 erat,
796 1179 944 1257 apparet,
980 1194 1086 1256 neque
1110 1194 1174 1256 quo
1198 1177 1321 1256 spectet

142 1272 279 1343 inaltera
307 1281 470 1345 sententia
503 1281 664 1363 particula
695 1283 750 1346 sic.
796 1282 979 1363 Utrumque
1010 1282 1218 1364 perspicuum
1252 1280 1322 1355 erit,

146 1384 269 1449 retractis
294 1386 423 1451 duabus
448 1388 571 1466 litteris,
608 1409 682 1471 quae
712 1393 787 1471 post
819 1388 871 1452 Set
901 1387 1106 1452 exciderunt:
1144 1386 1195 1451 Set
1226 1394 1260 1449 ut
1290 1388 1323 1449 in

149 1487 206 1551 erte
224 1492 348 1574 sepeliri
370 1495 421 1557 ter
443 1502 536 1577 unct,
572 1498 618 1559 sic
647 1494 805 1559 decretum
837 1499 898 1559 cet.
944 1494 1012 1559 Iam
1044 1495 1211 1576 repetitur,
1248 1493 1323 1575 quid

152 1593 225 1658 sitin
245 1598 324 1680 lege,
360 1605 398 1666 ut
428 1601 648 1666 similitudinis
672 1601 905 1682 significatione
928 1601 1084 1665 transitus
1108 1601 1176 1665 fiat.
1222 1600 1325 1664 Paulo

156 1704 258 1766 artein
282 1705 450 1771 codicibus
474 1712 538 1773 cst:
565 1708 650 1788 Quid
667 1715 740 1791 post
763 1707 843 1771 XII
860 1710 893 1771 in
917 1708 992 1771 urbe
1014 1709 1128 1791 sepulti
1150 1715 1223 1772 sulit
1245 1708 1328 1770 olori

157 1806 220 1870 uiri?
246 1810 439 1894 Supplelum
465 1819 530 1878 est:
557 1815 666 1895 Quid?
687 1816 742 1901 qui
760 1822 832 1898 post
855 1814 934 1877 XII
952 1816 986 1877 in
1010 1814 1086 1878 urle
1108 1815 1222 1897 sepulti
1245 1821 1326 1885 netu,

159 1910 316 1980 duritiei?
337 1939 403 1984 non
427 1926 525 1986 recte.
560 1922 613 1986 Sic
637 1924 723 1987 enim
747 1922 957 2004 significatur,
982 1926 1058 1986 ante
1084 1922 1124 1986 de
1141 1920 1327 1985 hominibus

159 2034 211 2084 uase
229 2024 355 2105 dictum,
392 2031 426 2092 et
457 2028 497 2092 de
525 2028 712 2093 hominibus
741 2029 907 2111 quaeritur.
954 2028 1083 2093 Dictum
1114 2031 1225 2093 autem
1258 2029 1325 2091 erat

162 2119 242 2205 dere,
264 2136 295 2195 et
319 2132 360 2197 de
387 2154 426 2199 ca
449 2136 576 2199 Atticus
600 2136 788 2218 interrogat,
814 2136 868 2217 qui
892 2135 1133 2201 accommodari
1157 2134 1199 2199 ad
1223 2135 1327 2215 legem

161 2224 185 2289 ld
200 2236 294 2314 possit
330 2242 419 2322 quod
451 2246 526 2324 post
555 2262 626 2306 eam
658 2243 757 2307 latam
784 2243 906 2307 factum
931 2246 1067 2307 constet.
1113 2241 1226 2322 ltaque
1250 2239 1328 2303 scri·

161 2330 272 2408 bendm
296 2351 385 2412 erat:
412 2348 506 2430 Quid,
530 2349 612 2434 qnod
638 2386 676 2395 —
702 2350 816 2433 sepulti
838 2356 911 2413 surrt
933 2350 1015 2413 clari
1037 2341 1162 2429 niri?¹)'

226 2447 255 2514 C.
277 2453 335 2531 25,
371 2456 429 2519 62ε
472 2455 597 2519 Nostro
631 2456 756 2541 quidem
792 2457 868 2540 lepis
902 2457 1101 2539 interpretes,
1137 2475 1195 2540 quo
1230 2455 1330 2537 cupite

161 2544 273 2621 ftltmur
304 2570 447 2646 sumptus
481 2570 509 2626 et
543 2564 656 2626 tuettttn
687 2583 843 2625 remoue-re
871 2584 891 2625 a
920 2560 1050 2625 deorum
1078 2563 1221 2626 enutriunt
1250 2562 1329 2637 inre,

165 2648 206 2718 ln
223 2663 388 2753 intelte'punt
411 2672 446 2733 in
470 2672 599 2754 primis,
634 2670 848 2753 sepulcrorum
879 2668 1147 2752 mnpnificentium
1180 2688 1243 2731 csse
1273 2668 1330 2729 nri-

164 2769 298 2839 tundam,
346 2778 400 2842 Sic
424 2776 563 2841 Orellius
587 2776 697 2854 edidit,
723 2776 934 2852 inludenter,
966 2776 1052 2857 quod
1084 2780 1133 2840 est
1157 2775 1189 2838 in
1213 2772 1331 2839 codici·

164 2860 217 2948 ¹³⁰⁸,
245 2885 398 2950 mutando
432 2885 609 2949 multorum
638 2888 769 2948 secutus
802 2883 967 2960 iudicium,
1003 2901 1068 2947 non
1097 2886 1185 2946 recte
1209 2885 1331 2944 tumen.

165 2966 212 3039 Sed
238 2986 312 3054 alius
349 2996 399 3056 est
433 2993 522 3073 prior
556 2995 588 3054 et
623 2991 665 3054 ad
695 3010 809 3055 omnes
838 2995 1035 3072 pervagatus
1066 3008 1168 3054 error.
1220 2987 1333 3068 Neque

165 3079 235 3163 illm,
264 3100 298 3159 ut
320 3102 529 3179 putaverunt,
566 3098 678 3163 Cicero
702 3099 754 3161 hic
779 3098 819 3161 de
844 3098 914 3179 loge
938 3097 1048 3178 aliqua
1070 3095 1223 3160 Romana
1246 3094 1333 3157 eius·
1350 3111 1387 3151 so

165 3198 211 3266 ‘lle
227 3196 451 3285 interpretibus
475 3205 627 3287 loquitur.
673 3205 757 3268 Nam
782 3224 841 3268 nec
872 3205 938 3268 ulla
968 3207 1039 3267 erat
1067 3200 1252 3267 huiusmodi
1282 3200 1333 3263 lex

165 3287 214 3360 ¹³¹1!
232 3309 375 3375 universe
399 3313 530 3394 scripta,
555 3332 615 3375 nec
639 3312 717 3394 quid
737 3312 953 3375 iurisconsulti
970 3310 1196 3391 intelligerent,
1221 3308 1333 3372 Cicero

166 3411 312 3495 querebat,
337 3438 398 3483 uec
422 3419 466 3482 illi
490 3419 535 3482 sic
560 3419 768 3500 exponebant
786 3419 894 3500 legum
911 3418 1100 3492 sententias,
1126 3422 1162 3479 ut
1179 3414 1333 3478 docerent

165 3501 290 3597 [inquam
314 3525 461 3608 magistri
486 3531 518 3589 et
541 3545 669 3589 morum
694 3531 904 3600 correctores,
934 3524 1158 3605 sepulcrorum
1184 3520 1333 3602 magnill-

165 3623 274 3692 tentiam
298 3650 371 3696 esse
400 3632 622 3697 minuendam.
671 3631 819 3694 Nostrum
855 3631 949 3715 tepent
983 3649 1082 3712 quum
1116 3629 1202 3705 dicit,
1239 3646 1333 3691 suam

163 3714 289 3816 utelliglt,
320 3760 421 3822 supra
449 3741 590 3822 positam
615 3735 633 3818 ἕ
658 3739 700 3801 22
725 3736 892 3819 (sumptum
919 3737 952 3798 in
975 3737 1050 3798 ullos
1074 3737 1249 3818 luctrnnqne
1272 3735 1333 3795 mi-

161 3840 276 3923 mento),
300 3850 333 3911 et
356 3849 389 3911 in
414 3867 453 3911 ea
477 3867 513 3911 se
536 3845 708 3910 scribenda
730 3845 778 3908 vel
799 3845 940 3907 maxime
959 3844 1092 3906 nimiam
1111 3841 1334 3922 sepulcrorum

155 3950 409 4028 magnificentiam
444 3959 577 4018 notasse
615 3953 702 4016 dicit.
762 3952 873 4032 ltaque
909 3969 974 4013 non
1008 3949 1186 4032 intellipunt
1221 3948 1334 4011 Cicero

150 4120 400 4141 *n—-m—

166 4244 187 4315 ¹)
205 4250 302 4308 Mirum
331 4263 381 4322 est,
410 4274 475 4311 mox
499 4254 515 4322 ἐ
535 4255 568 4308 59
592 4254 699 4308 silentio
724 4252 855 4322 praeteriri
884 4249 1065 4304 necessariam
1095 4264 1206 4316 prorsus
1234 4246 1335 4299 Davisii

203 4345 418 4400 correctionem:
446 4347 696 4411 lanientutioniupue
728 4344 852 4410 funebris
875 4357 925 4408 pro
949 4341 1011 4391 loni·
1035 4339 1149 4404 [utteris.
1191 4335 1250 4388 Non
1274 4335 1336 4387 diei·

203 4437 251 4485 tur
273 4434 374 4489 usitate
398 4437 554 4489 larnentotio
576 4435 683 4500 funeris
711 4432 744 4484 de
772 4447 870 4499 genere
898 4429 982 4493 (recte
1011 4431 1106 4479 contra
1134 4424 1240 4477 dicetur
1269 4427 1338 4476 inter·

202 4526 293 4592 ipram
322 4527 538 4578 lunrentotr'onem
565 4519 696 4589 funeris),
725 4521 811 4573 mullo
840 4519 930 4572 minus¹
959 4517 1110 4569 irriuncndoe
1138 4516 1338 4567 larnentntionis

201 4617 321 4685 funeris.
