2948 5206
635 334 698 399 251

116 524 142 589 ιιι
155 526 312 609 legendum
335 524 456 590 difficili
479 534 535 591 aut
559 527 625 592 iam
649 533 801 612 corrupta
831 535 903 595 orta
931 534 1039 613 putari
1067 533 1201 615 possint,
1231 538 1267 600 ut

115 649 189 697 reram
210 631 287 696 illud
312 651 384 697 esse
407 632 549 698 dubitari
572 641 723 718 nequeat,
748 637 900 720 nullaque
924 638 966 702 sit
984 658 1083 703 causa
1102 639 1266 723 Gottorpi-

115 755 188 803 asem
208 738 399 820 excipiendi,
435 740 486 804 cui
509 760 550 804 ex
581 745 695 807 ceteris
718 743 884 825 proximus
908 749 959 809 est
981 746 1204 828 Lugdunensis
1227 747 1265 821 is,

115 844 180 910 uiZ
206 844 313 910 littera
342 846 431 928 apud
459 846 736 931 Havercampium
768 853 909 915 notatur.
921 846 947 931 ¹)
998 851 1119 917 Verum
1154 873 1193 918 ex
1227 854 1266 919 iis

115 951 247 1026 adcibus,
282 951 338 1034 qui
366 952 409 1016 ab
432 953 487 1018 illo
510 956 615 1035 primo
639 955 727 1019 fonte
751 954 887 1020 derivati
911 961 1013 1035 erant,
1050 977 1188 1041 quorum
1213 960 1266 1025 alii

115 1058 177 1141 agis
197 1057 358 1140 integram
380 1059 465 1125 illius
489 1062 684 1142 scripturam
707 1061 893 1139 servabant,
918 1067 955 1127 ut
974 1062 1209 1155 Gottorpiensis
1233 1071 1266 1130 et
1280 1082 1319 1122 ιιι

116 1169 158 1230 ter
176 1165 401 1247 Lugdunensis
424 1170 457 1230 et
480 1186 519 1230 ex
543 1166 764 1232 Lambinianis
788 1169 943 1246 nonnulli,
976 1169 1029 1234 alii
1052 1173 1160 1236 minus
1183 1173 1266 1237 inte·

115 1291 165 1337 am
190 1277 222 1338 et
250 1273 317 1338 iam
345 1272 399 1337 hie
428 1273 492 1338 illic
521 1275 722 1350 coniecturis,
757 1277 794 1339 ut
821 1275 891 1339 fieri
919 1278 1059 1358 poterat,
1095 1281 1265 1354 mutatam,

115 1398 207 1444 rorum
239 1382 291 1444 est
319 1378 403 1443 alter
430 1380 653 1462 Lugdunensis
682 1380 783 1463 (apud
813 1381 953 1446 Haverc.
981 1383 1041 1446 litt.
1064 1383 1093 1446 Y
1120 1381 1266 1464 notatus)

131 1485 332 1564 Bodleianus,
361 1506 446 1551 unus
470 1487 585 1569 aliquis
608 1488 786 1552 admodum
810 1488 895 1552 male
918 1488 1050 1554 habitus
1074 1490 1159 1554 cirea
1181 1493 1265 1555 tem·

115 1612 155 1658 >ra
174 1595 417 1658 renascentium
438 1593 620 1659 litterarum
643 1596 677 1659 in
699 1614 817 1660 manus
840 1594 1009 1660 hominum
1040 1597 1209 1662 doctorum
1233 1595 1265 1661 in

115 1699 167 1764 alia
186 1701 284 1778 verrit,
309 1720 350 1764 ex
367 1721 431 1784 quo
448 1722 534 1766 nova
550 1701 703 1784 profluxit
720 1701 982 1785 apographorum
1000 1723 1153 1786 propago,
1178 1702 1266 1786 quod

115 1808 211 1872 ueretii
233 1826 377 1886 carmen,
401 1807 528 1891 pridem
551 1811 685 1892 propter
707 1810 932 1874 difficultatem
955 1809 1091 1874 lectitari
1113 1810 1263 1886 desitum,

115 1932 150 1977 ιιι
167 1912 464 1997 propter'antiquae
487 1916 641 1981 orationis
669 1917 874 1980 maiestatem
898 1915 1135 1993 celebrabatur,
1171 1920 1204 1980 et
1231 1916 1264 1980 in

115 2018 347 2103 isapographis
375 2020 476 2085 libere
506 2027 655 2102 grassata
686 2025 735 2085 est
770 2040 809 2085 ea
844 2022 981 2098 licentia,
1017 2042 1082 2103 qua
1116 2022 1263 2087 homines

115 2126 215 2191 annulli
242 2126 335 2191 brevi
365 2129 440 2190 ante
468 2127 718 2209 typographiam
753 2126 919 2191 inventam
954 2130 1012 2192 aut
1038 2128 1263 2210 pervulgatam

115 2230 198 2297 edices
220 2232 394 2298 mendosos
418 2237 450 2298 et
473 2233 643 2298 lacunosos
672 2233 852 2298 temerariis
882 2235 1073 2299 coniecturis
1103 2238 1135 2298 et
1164 2235 1264 2299 inter·

115 2335 288 2415 maenibus
311 2338 432 2403 sarcire
455 2340 641 2404 studebant.
650 2333 676 2420 ²)
711 2341 795 2405 Nota
820 2346 868 2405 est
892 2361 944 2405 res
961 2361 1048 2406 nunc
1065 2361 1083 2405 e
1100 2340 1264 2406 codicibus

115 2439 288 2510 liceronianis
311 2449 345 2509 et
367 2445 583 2528 elegiacorum
612 2450 784 2529 poetarum
813 2448 1012 2512 Latinorum.
1058 2448 1098 2513 Et
1127 2449 1161 2512 hi
1188 2453 1263 2512 sunt

115 2544 274 2628 llicodices,
299 2553 342 2617 ad
366 2573 504 2635 quorum
527 2554 624 2618 fidem
650 2574 769 2635 magna
787 2574 825 2617 en
842 2557 935 2635 parte
953 2562 1143 2619 revocatum
1161 2554 1263 2618 habe·

117 2669 161 2718 nus
176 2676 192 2720 a
208 2659 419 2725 Wakefieldio
437 2660 575 2725 Lucretii
598 2664 735 2738 textum,
761 2664 793 2724 et
816 2681 856 2724 ex
880 2681 1017 2742 quorum
1042 2662 1188 2743 apicibus
1212 2661 1263 2724 ille

121 2764 272 2831 unicoloras
307 2786 383 2831 suas
419 2766 572 2844 ducebat,
609 2788 709 2849 quum
745 2768 893 2831 Lambini
928 2768 1130 2849 aliorumque
1165 2768 1264 2832 inler-

139 3056 314 3135 ¹llpertissime
335 3086 377 3122 res
396 3068 558 3137 perspicitur
576 3087 608 3123 ex
628 3087 708 3123 versu
728 3070 787 3123 libr.
808 3071 827 3134 l,
852 3068 903 3121 658
923 3068 986 3135 [657
1005 3067 1058 3135 Β.],
1083 3069 1129 3137 qui
1154 3070 1181 3122 in
1205 3070 1263 3123 cod.

165 3154 262 3228 Gottorp.
281 3166 308 3213 et
327 3160 411 3227 Lugd.
431 3159 451 3212 Z
470 3158 507 3211 sic
526 3159 667 3212 scribitur:
695 3160 747 3212 Sed
770 3163 835 3228 quia
854 3161 939 3211 rrrulta
957 3159 1010 3211 aidi
1028 3166 1140 3211 carnemt
1159 3166 1265 3212 contra-

165 3248 202 3312 ιιι,
217 3267 265 3311 mu,
285 3250 322 3302 ita
342 3255 372 3302 ut
391 3253 491 3317 pateat,
511 3252 662 3301 extremam
683 3264 777 3301 vocem
797 3249 824 3301 in
837 3248 984 3315 archetypo
998 3247 1049 3315 legi
1063 3263 1118 3300 non
1131 3247 1263 3315 potuisse;

167 3331 211 3388 inde
229 3338 255 3391 in
277 3338 374 3391 ceteris
398 3337 535 3391 codicibus
559 3337 662 3390 laclum
689 3343 729 3390 est
753 3355 844 3400 arruaoe,
873 3340 1025 3389 correctum
1053 3335 1088 3388 ab
1116 3335 1265 3389 editoribus

166 3435 270 3490 masam,
294 3443 349 3495 quo
368 3425 440 3480 facto
459 3426 627 3494 cogebantur
646 3425 673 3479 in
697 3426 750 3478 fine
769 3442 864 3478 versus
883 3423 935 3476 659
954 3421 1018 3490 [658
1036 3421 1079 3489 B.]
1103 3424 1264 3492 particulam

166 3515 292 3574 baddam:
322 3516 349 3568 ιιι
374 3514 560 3568 recentissimo
584 3519 677 3568 autem
703 3515 859 3582 apographo
884 3513 1017 3566 Pooriano
1041 3510 1125 3586 (apud
1149 3506 1265 3573 Wakef.)

167 3601 300 3658 ethead.
324 3609 390 3657 vett.
414 3609 455 3656 est
478 3607 570 3666 inesse,
599 3604 672 3671 quod
696 3603 800 3656 Wakeh
825 3602 853 3655 in
877 3606 954 3655 texlu
980 3600 1078 3668 posuit,
1107 3616 1141 3653 ne
1170 3604 1264 3667 aptum

167 3688 252 3754 quidem
270 3692 385 3747 verbum
406 3691 474 3760 (ipse
494 3692 689 3759 interpretatur
708 3695 846 3744 contraria
866 3688 938 3756 ease).

142 3763 269 3846 lugnano
287 3787 314 3836 et
332 3782 414 3851 stirps
433 3780 603 3848 cognoscitur
623 3797 654 3832 ex
674 3780 719 3832 lib.
739 3781 758 3834 l.
779 3798 803 3833 v.
825 3779 894 3832 1667
914 3776 995 3846 [1068
1014 3776 1058 3844 B.]
1077 3795 1145 3846 sqq,
1172 3775 1218 3830 ubi
1238 3776 1265 3828 in

166 3861 196 3918 bis
209 3871 362 3940 apographis
381 3876 408 3923 et
427 3870 454 3922 in
474 3869 638 3922 editionibus
657 3869 785 3938 antiquis
806 3885 867 3936 quae
887 3885 919 3921 ex
933 3867 1066 3920 similibus
1085 3866 1174 3919 ductae
1192 3869 1264 3927 sunt,

166 3951 242 4012 desunt
258 3965 385 4014 extremae
404 3975 484 4011 voces
503 3957 624 4025 quinque
644 3974 774 4010 versuum
799 3956 926 4025 deinceps
949 3956 1101 4024 positorum
1125 3952 1163 4019 (in
1187 3953 1264 4006 codd.

166 4039 290 4101 ιιιιοιιοιι.
318 4048 418 4111 Alteri,
446 4046 592 4107 Pooriano,
626 4046 855 4117 cantabrigiensi,
888 4045 975 4098 tribus
1003 4044 1088 4098 Musei
1116 4043 1265 4096 Britannici

167 4136 219 4199 apud
235 4137 344 4200 Wakel,
373 4136 433 4189 edd.
452 4135 593 4198 Brixiensi‚
623 4136 730 4199 Veron,
759 4133 883 4199 Veneta),
912 4135 963 4186 nisi
987 4134 1059 4201 quod
1083 4133 1111 4185 in
1130 4131 1264 4199 Catabrig.

167 4222 291 4279 anamim
309 4225 435 4294 quaedam
453 4225 598 4293 supplendi
617 4229 759 4293 apparent,
780 4241 840 4292 quoe
853 4223 1068 4289 Havercampius
1087 4236 1120 4274 ex
1139 4220 1193 4273 alio
1206 4220 1263 4273 cod.

167 4314 237 4366 noea
257 4315 346 4368 habet.
389 4313 447 4366 b'on
472 4318 512 4365 est
536 4319 698 4371 annotatum
727 4315 761 4365 alr
791 4313 831 4377 iis,
860 4312 905 4380 qui
935 4311 1096 4365 varietatem
1124 4308 1265 4376 scriptura>

168 4396 313 4468 collegerunt,
342 4402 404 4470 quis
431 4400 535 4469 primus
563 4401 682 4469 integros
711 4418 805 4455 versus
834 4400 948 4454 ediderit
976 4416 1008 4453 ex
1037 4396 1129 4465 aliquo
1153 4395 1264 4449 alterius

168 4489 248 4547 emeris
264 4492 363 4546 codice.
