2956 5190
743 359 809 424 532

266 554 301 620 C.
328 554 379 631 19,
410 553 454 617 44
482 554 515 617 in
543 553 707 619 codicibus
740 553 898 637 scripturn
928 557 993 618 est:
1029 573 1094 640 quo
1125 553 1206 639 quid
1233 555 1349 620 cuiue

178 660 291 744 (quam
314 661 402 743 leges
426 661 503 725 ferri
526 660 559 725 in
583 660 691 743 privos
720 659 893 743 homines),
928 681 1025 745 quum
1053 661 1137 746 lepis
1164 661 1232 726 hoc
1257 664 1296 726 ric
1315 666 1351 744 at,

177 771 288 834 scitum
312 776 355 833 ert
377 770 497 832 iussum
519 770 555 832 in
577 788 691 832 omues.
737 765 819 846 Quae
847 767 966 832 debeat
995 787 1071 833 esse
1100 768 1271 846 sententia
1297 788 1352 834 coo

178 880 261 953 stat3
284 876 386 940 verba
409 876 579 941 restituere
603 875 744 939 editores
767 875 858 939 varie
874 875 981 939 conati
996 878 1094 953 sunt3
1118 894 1226 957 nuper
1244 875 1355 957 pmbatr

180 988 229 1049 est
251 983 363 1048 Rathii
386 983 586 1048 coniectura:
621 989 656 1045 ut
685 983 726 1046 eit
756 982 867 1046 scitum
898 987 926 1045 ct
956 983 1081 1047 iussum
1113 984 1151 1046 in
1177 1002 1289 1046 omina
1325 983 1357 1047 Er

180 1096 289 1155 tamen
314 1092 348 1154 in
372 1110 410 1155 eo
433 1089 704 1172 reprehendenda
726 1087 805 1153 mihi
828 1087 965 1165 videtur,
990 1089 1084 1171 quod
1108 1087 1220 1153 minus
1242 1094 1313 1170 apta
1329 1090 1359 1153 ad

180 1198 266 1261 hunc
289 1197 396 1261 locum
420 1204 470 1261 est
493 1196 572 1278 legis
590 1196 749 1273 definitio,
773 1195 960 1260 huiusmodi
982 1197 1185 1278 praesertim,
1217 1215 1287 1278 quae
1307 1200 1360 1259 tan

180 1307 251 1367 turn
273 1303 335 1368 hoc
358 1303 465 1385 ipsum
490 1302 664 1380 contineat,
696 1324 762 1368 non
785 1303 862 1367 ferri
884 1304 918 1367 in
941 1301 1052 1385 privos
1076 1303 1250 1377 homines;
1282 1304 1363 1384 magis

181 1411 278 1486 enim,
307 1410 386 1491 quid
409 1413 495 1474 esset
518 1410 579 1492 legi
604 1409 819 1491 propositum,
849 1409 905 1491 qui
927 1411 997 1474 eius
1023 1410 1178 1487 effectus,
1215 1409 1364 1474 dicendun
1412 1484 1414 1491 Ι

182 1518 261 1593 crat,
285 1520 323 1580 ut
345 1515 421 1580 inde
445 1519 564 1581 natura
587 1516 656 1580 eius
679 1517 929 1598 perspiceretur.
976 1516 1065 1580 Tum
1089 1535 1222 1594 vereor,
1252 1522 1286 1580 ut
1306 1516 1366 1579 satis
1412 1504 1414 1521 '

182 1622 391 1687 Ciceroniane
416 1623 543 1687 dicatur
565 1625 685 1687 imaum
708 1625 743 1687 iu
766 1644 880 1687 omnes.
926 1621 1004 1686 Mihi
1034 1642 1076 1686 ex
1107 1623 1262 1687 codicum
1290 1624 1367 1686 resti

182 1728 241 1810 giis
264 1729 326 1792 hoc
349 1730 457 1811 potius
481 1729 565 1793 effici
587 1730 730 1794 videtur:
755 1737 790 1793 ut
804 1750 902 1793 unum
917 1731 958 1793 eit
972 1730 1024 1793 tua
1039 1730 1077 1792 iu
1091 1750 1215 1793 omrres.
1251 1727 1368 1810 [Eodem

183 1835 289 1917 capite
312 1824 419 1917 paulo
434 1838 508 1918 post
524 1833 555 1918 (ἕ
571 1834 628 1918 45)
652 1837 876 1901 additamento
899 1837 1084 1918 depravata
1098 1835 1272 1901 Ciceronis
1286 1837 1370 1900 oratio

183 1945 250 2019 est;
279 1942 386 2006 editur
409 1944 511 2006 enim:
542 1943 581 2007 L.
608 1943 696 2007 Cotto
720 1943 852 2024 dicebat,
875 1942 1109 2007 nihilomnino
1135 1951 1245 2006 adum
1268 1964 1326 2006 ease
1342 1942 1371 2004 dc

182 2047 291 2130 uobie;
319 2057 440 2132 proeter
469 2052 551 2114 enim
579 2071 674 2135 quam
705 2050 788 2136 quod
815 2051 941 2114 canitia
968 2049 1026 2112 itta
1051 2057 1157 2114 casm
1181 2052 1284 2114 amnis
1302 2057 1372 2133 puto

131 2164 169 2205 ¹⁶⁶
183 2155 358 2236 servilibus,
381 2164 541 2239 proterea
563 2178 660 2242 neque
683 2157 802 2221 tributo
826 2157 939 2241 capitia
961 2157 1090 2219 comitia
1113 2164 1197 2220 rato
1220 2177 1283 2221 esse
1303 2176 1374 2240 poca

184 2283 280 2347 ireque
302 2263 371 2326 ullo
388 2264 563 2348 pmuilepii.
599 2264 665 2329 Sed
690 2264 821 2329 comitia
842 2265 912 2349 peri
935 2263 1034 2328 armis
1057 2282 1171 2346 neque
1198 2263 1281 2328 dixit
1301 2263 1374 2345 quis·

184 2389 284 2450 quarn
318 2389 424 2451 neque
460 2371 567 2435 dicere
601 2371 716 2452 potuit.
764 2372 860 2437 Cotta
894 2371 1036 2453 primum
1072 2372 1269 2435 universam
1301 2369 1375 2434 illan

184 2495 254 2540 rem
279 2476 320 2541 de
343 2476 497 2542 Cicerone
522 2477 678 2542 eiiciendo
702 2479 732 2542 vi
756 2481 882 2560 gestam
906 2477 1032 2541 dixerat
1054 2475 1293 2562 (proetcrquom
1309 2475 1377 2562 qood

186 2584 243 2646 illa
267 2590 364 2646 essent
395 2586 496 2646 armis
524 2581 635 2668 perta),
672 2583 789 2648 deinde
823 2584 952 2648 comitia
983 2583 1249 2665 reprehenderat
1280 2586 1377 2648 contra

186 2690 272 2771 leges
296 2689 420 2754 habita.
467 2690 632 2754 Librarius
657 2691 783 2772 aliquis
820 2691 874 2772 qui
904 2691 1008 2755 omnis
1032 2692 1131 2754 huius
1157 2690 1221 2779 loci
1246 2690 1377 2772 disputa·

185 2797 308 2860 tionem
332 2796 372 2860 de
397 2797 534 2862 comitiis
558 2818 629 2862 esse
655 2797 797 2875 videbat,
827 2798 925 2861 etiam
954 2798 997 2861 ad
1021 2816 1208 2878 pronomen
1234 2797 1293 2860 iila
1315 2816 1377 2860 earu

186 2923 299 2967 rocem
325 2903 511 2967 addendam
540 2905 676 2987 putavit.
723 2905 828 2968 Abest
860 2924 900 2969 ea
930 2924 950 2967 a
981 2904 1052 2968 cod.
1076 2903 1186 2967 Oxon.
1208 2922 1241 2975 ψ.
1288 2904 1378 2968 Voca-

186 3010 299 3074 bulum
326 3018 540 3096 proeterquuru
569 3032 648 3075 num
677 3012 790 3076 Cicero
820 3012 882 3075 hoc
913 3031 977 3075 uno
1008 3010 1079 3075 loco
1112 3009 1263 3074 diviserit
1293 3012 1379 3074 inter·

187 3117 293 3197 posito
317 3119 409 3195 euim,
433 3117 529 3181 valde
554 3117 689 3181 dubium
714 3121 777 3194 est;
802 3138 878 3182 nam
901 3122 966 3181 tres
983 3116 1145 3181 Goerenzii
1161 3117 1303 3193 codices
1325 3120 1378 3180 tres

188 3223 266 3286 item
290 3224 408 3288 Moseri
431 3222 525 3306 (Vict.
550 3223 589 3305 Β)
614 3226 694 3287 enim
719 3226 882 3301 omittunt,
913 3223 1000 3305 quod
1022 3243 1090 3287 non
1113 3243 1253 3305 prorsus
1281 3243 1379 3288 neces·

189 3330 311 3394 sarium
336 3335 394 3394 est.
445 3329 557 3412 1842]
625 3357 627 3361 ·
