2948 5206
643 316 685 378 41

75 509 218 589 proximis
252 507 470 591 disiungenda
504 510 695 585 rideantur;
735 510 794 574 sed
828 511 890 575 hoc
925 513 975 574 est
1008 512 1108 592 signis
1142 510 1266 579 ludere.

76 615 182 696 quibus
216 616 341 697 antiqui
376 636 443 681 non
477 616 665 681 utebantur.
724 615 818 698 [Hor.
849 617 908 699 Ep.
941 617 978 693 Π,
1015 619 1044 693 1,
1083 616 1145 681 168
1176 635 1266 698 sqq.:

78 719 224 801 Μίαν,
254 740 293 784 a
314 721 419 785 medio
447 724 598 807 quiores
621 726 761 801 arcessit,
793 723 908 788 hahere
932 723 1067 788 Sudor-is
1088 723 1266 799 minimum,

75 826 121 890 aa
141 826 231 891 taba
253 828 407 892 oomoedio
430 836 517 894 tanto
540 830 620 894 Plus
642 833 757 912 orieris,
793 839 909 917 quanto
938 832 1037 895 oenioe
1059 831 1175 911 minus,
1210 829 1265 894 ubi

76 934 218 1000 nonnulla
248 935 436 1000 Schmidius
468 936 667 1020 adscripsit]
708 938 780 1003 Hoc
803 938 967 1002 intellecto
991 941 1108 1020 aperta
1131 940 1165 1001 et
1187 941 1266 1019 apta

76 1044 173 1106 omnia
195 1047 293 1106 erunt
316 1042 477 1126 facileque
500 1044 675 1109 decurrent
697 1046 886 1110 sententiaa:
922 1043 1032 1108 Tanta
1061 1049 1111 1108 est
1134 1044 1266 1108 Graecu·

76 1149 167 1213 brom
191 1148 349 1229 adulandi
374 1154 407 1214 et
429 1151 604 1216 simulandi
629 1172 693 1228 ars,
722 1156 760 1216 ut
791 1171 864 1216 earn
888 1171 954 1216 non
977 1155 1134 1233 superent
1156 1150 1266 1215 histri·

74 1275 142 1318 ones
164 1255 373 1320 difficillimas
396 1261 508 1338 partes
531 1259 564 1322 in
587 1277 686 1323 scena
709 1262 838 1323 tuentes
863 1261 896 1321 et
918 1259 978 1322 riri
995 1258 1148 1322 mulieres
1166 1276 1267 1340 agen-

72 1366 123 1424 tes.
168 1361 332 1439 Concedo,
368 1364 414 1427 ita
438 1363 498 1428 has
522 1369 633 1446 partes
657 1365 700 1429 ab
724 1366 762 1429 iis
786 1366 908 1448 peragi,
944 1367 980 1428 ut
1003 1384 1090 1428 verae
1114 1363 1266 1428 mulieres

69 1468 234 1533 rideantur
262 1468 396 1549 (acerbe
424 1473 458 1534 in
482 1471 647 1537 laudando
671 1472 853 1537 foeditatem
877 1490 985 1535 scenae
1008 1475 1041 1535 et
1067 1471 1164 1535 nimis
1193 1469 1266 1534 dili·

67 1580 176 1657 genter
199 1595 373 1658 expressas
395 1578 582 1643 huiusmodi
606 1599 659 1643 res
682 1578 805 1660 notat);
833 1582 867 1643 et
894 1582 1007 1643 tamen
1031 1578 1064 1641 in
1087 1578 1150 1640 hac
1173 1579 1267 1640 tanta

66 1681 255 1748 histrionum
289 1687 360 1746 arte
392 1684 443 1747 vel
471 1685 664 1750 nobilissimi
697 1686 871 1750 histriones
900 1686 985 1749 inter
1013 1683 1144 1747 Graecos
1173 1682 1266 1763 (illic)

65 1789 229 1854 mirabiles
252 1809 320 1854 non
344 1794 454 1865 erunt;
490 1795 559 1855 tota
589 1793 677 1859 enirn
699 1793 789 1857 natio
812 1796 932 1855 natura
955 1794 989 1854 et
1011 1791 1045 1855 in
1067 1791 1136 1854 rita
1159 1790 1266 1870 quoti-
1280 1802 1308 1842 ⁶¹

63 1897 161 1961 diana
191 1896 344 1960 comoeda
368 1901 428 1973 est,
463 1902 500 1961 ut
531 1900 592 1980 ipsi
616 1900 757 1963 artifices
785 1898 882 1962 huius
910 1898 1037 1979 generis
1060 1917 1127 1961 non
1151 1895 1265 1960 admo·

62 2004 140 2068 dum
175 2003 335 2067 excellere
370 2003 553 2069 videantur.
605 2006 721 2069 Restat
757 2007 790 2068 in
819 2025 849 2069 v.
871 2006 914 2068 94
949 2024 1001 2068 res
1036 2005 1173 2079 minuta,
1208 2021 1266 2066 er·

62 2109 226 2191 pedienda
249 2114 362 2174 tamen
386 2112 437 2175 vel
461 2112 544 2185 ideo,
580 2116 616 2176 ut
640 2132 725 2177 novo
753 2111 903 2193 exemplo
926 2110 1129 2185 ostendatur,
1165 2128 1265 2191 quam

61 2216 141 2281 nihil
164 2218 269 2298 prosit
292 2218 325 2281 in
348 2218 562 2300 scriptoribus
586 2218 779 2283 enarrandis
808 2218 944 2282 coniusa
973 2217 1126 2299 quaedam
1155 2235 1266 2281 rerum

60 2343 127 2388 non
162 2327 317 2387 accurate
351 2325 589 2389 intellectarum
624 2327 838 2390 coacervatio.
896 2323 1025 2389 Dorida
1059 2324 1146 2388 enim
1180 2322 1267 2386 utilio

59 2430 180 2493 cultam
198 2430 333 2513 palliolo
356 2432 539 2514 intelligunt
568 2436 625 2496 aut
653 2433 805 2497 Doricam
834 2431 1003 2496 mulierem
1035 2433 1092 2494 aut
1122 2433 1265 2517 scortum

59 2537 189 2602 Doricae
213 2537 358 2601 mulieris
382 2557 473 2603 more
496 2539 631 2615 nudum,
657 2541 733 2621 quia
754 2540 902 2603 Lacaenae
927 2543 1120 2614 φαινομηρωες
1135 2537 1265 2600 fuerint.

59 2645 184 2707 Verum
202 2644 291 2708 aliud
315 2653 501 2723 φαινομηρτδα
530 2666 601 2709 esse
624 2665 683 2709 nec
705 2648 817 2710 tunica
841 2653 955 2724 (χιτῶνι)
975 2648 1019 2709 uti
1044 2647 1147 2726 gentis
1165 2662 1265 2718 more,

59 2750 152 2814 aliud
177 2752 312 2815 nudam.
360 2753 425 2816 Sed
448 2755 490 2817 sit
513 2754 575 2817 hoc
599 2773 617 2815 a
641 2757 739 2834 poeta
763 2758 904 2817 tractum
929 2753 971 2815 ab
995 2752 1067 2825 illis,
1097 2753 1152 2831 qui
1176 2750 1265 2814 illum

61 2877 190 2921 morem
215 2858 519 2932 calumniabantur3
555 2859 652 2922 iidem
685 2861 745 2941 ipsi
775 2862 968 2940 interpretes
997 2858 1094 2938 (adeo
1118 2860 1194 2920 sunt
1217 2858 1266 2920 in-

60 2962 266 3044 constantes)
284 2965 464 3047 polliolum,
489 2965 673 3030 Ferrarium
698 2970 730 3030 et
754 2967 950 3030 Salmasium
969 2968 1152 3046 sequentes,
1178 2965 1266 3043 capi-

61 3073 104 3134 tis
129 3075 356 3152 tegumentum
380 3091 452 3135 esse
474 3077 619 3147 narrant,
656 3093 721 3154 quo
749 3093 829 3137 sane
854 3073 1009 3137 Lacaenas
1039 3073 1143 3153 magis
1167 3091 1265 3153 quam

60 3179 146 3241 alias
171 3180 315 3242 caruisse
339 3180 495 3243 traditum
520 3200 585 3243 non
609 3184 668 3243 est.
705 3180 818 3262 ltaque
842 3179 999 3243 nuditatis
1022 3183 1054 3242 et
1077 3178 1152 3242 inde
1170 3180 1266 3242 scorti

60 3287 257 3368 significatio
292 3289 325 3350 in
359 3287 428 3350 solo
458 3285 585 3350 Doridis
620 3288 751 3350 nomine
780 3291 937 3359 remanet,
974 3290 1006 3349 et
1041 3287 1073 3349 in
1109 3305 1158 3361 ea,
1194 3305 1267 3366 quae

62 3393 166 3468 nuda,
198 3397 283 3456 certe
307 3412 373 3457 non
397 3398 486 3457 caste
509 3394 626 3456 vestita
651 3392 758 3468 fuerit,
794 3398 947 3457 narratur
970 3397 1127 3472 tanquam
1152 3391 1267 3474 praeci·

61 3520 180 3581 puum‚
216 3504 315 3581 caput
348 3503 538 3581 tegumento
573 3499 727 3562 caruisse.
778 3499 880 3564 Porro
914 3500 1045 3581 palliolo
1081 3501 1267 3563 meretrices

62 3607 180 3670 solitas
203 3606 302 3670 iuioee
326 3610 426 3687 caput
448 3605 617 3669 obnubere
641 3604 763 3668 dicunt.
798 3606 912 3687 Itaque
935 3606 997 3670 hoc
1020 3606 1090 3670 loco
1114 3607 1267 3669 meretrix

63 3713 265 3794 significatur
296 3733 336 3776 ex
360 3734 408 3788 eo,
438 3713 525 3794 quod
548 3733 611 3773 aon
635 3714 680 3775 ita
704 3713 821 3775 vestita
846 3713 952 3786 luerit,
983 3711 1265 3805 'quemadmodum

64 3821 253 3883 meretrices
277 3820 429 3883 solerent.
465 3819 577 3894 imm0,
603 3819 761 3899 inquiunt,
787 3819 960 3900 impudens
977 3819 1108 3883 Graecus
1124 3822 1266 3889 notatur,

64 3928 99 3989 in
123 3945 221 3989 scena
247 3927 329 3990 facie
352 3931 467 4008 aperta
490 3927 560 3989 sine
589 3925 719 4006 palliolo
751 3945 860 4007 agens.
908 3925 989 4002 Qua>
1018 3946 1129 4007 quaeso
1160 3928 1267 4006 impu·
1358 3931 1361 3938 '

66 4033 179 4098 dentia
196 4033 360 4097 histrionis
378 4032 495 4097 faciem
514 4052 578 4096 non
597 4033 810 4096 occultantis?
835 4034 895 4095 etsi
913 4032 1099 4096 occultabat
1117 4052 1266 4114 persona,

67 4143 104 4201 ut
126 4138 257 4220 palliolo
281 4160 363 4221 opus
387 4159 452 4203 non
476 4143 571 4202 esset.
608 4139 648 4202 Et
672 4141 743 4219 quis
762 4139 812 4202 hic
830 4139 919 4203 locus
940 4140 1103 4202 histrionis
1121 4138 1266 4215 notandi,

68 4248 122 4327 qui
152 4246 300 4309 habitum
334 4248 376 4310 ad
404 4249 525 4329 partes
561 4265 643 4326 quas
673 4245 805 4326 agebat,
842 4245 1129 4322 accommodabat,
1166 4265 1265 4327 quum

67 4351 200 4416 habitus
224 4353 440 4434 descriptione
464 4357 571 4434 poeta,
596 4372 670 4432 quae
694 4371 834 4433 persona
858 4352 1066 4432 intelligenda
1089 4353 1140 4427 sit,
1169 4353 1267 4434 signi-

69 4457 167 4522 ficet?
211 4459 335 4523 Deinde
369 4459 537 4540 palliolum
573 4460 670 4539 capiti
706 4478 810 4540 aegros
849 4463 881 4523 et
921 4458 1034 4522 molles
1074 4460 1268 4539 imposuisse

69 4567 218 4628 norimus
246 4565 343 4646 (ride,
375 4568 401 4629 si
425 4567 507 4630 tanti
531 4569 590 4641 est,
624 4565 736 4628 Heinr.
762 4565 804 4628 ad
828 4566 922 4628 Orid.
946 4565 1016 4628 Art.
1035 4565 1110 4630 Am.
1134 4566 1158 4642 1,
1184 4566 1266 4641 7343
