2956 5190
749 367 814 432 500

185 564 219 625 et
241 560 375 626 Ovidius
398 563 473 627 Am.
498 563 520 629 Ι,
548 563 580 629 4.
611 562 669 627 38;
707 561 822 628 Oscula
839 560 1003 644 precipue
1032 559 1130 623 nulla
1161 557 1281 623 dedisse
1298 560 1357 624 retia

184 666 281 731 Hunc
304 669 439 750 perfecti
463 689 557 733 usum
581 669 776 734 translatum
800 668 925 750 reperio
948 667 993 731 ad
1022 666 1218 731 sententias
1243 685 1301 731 noo
1322 686 1359 731 re·

184 776 302 850 tantas,
338 775 396 839 sed
423 780 579 859 negantes
609 777 696 858 apud
720 774 846 840 Livium
869 773 981 848 XXIV,
1014 774 1071 850 16,
1104 775 1165 837 ll:
1202 771 1360 857 itiaqu-

185 901 289 945 omaes
311 883 382 947 iare
404 882 558 947 libertatis
581 902 762 968 aequassem,
785 881 937 944 neminem
961 886 1039 944 aeta
1062 880 1196 944 strenui
1212 885 1268 943 ast
1283 881 1362 964 iared

184 972 296 1052 militis
322 996 445 1053 nataae
473 989 557 1052 colai
580 987 669 1071 (add.
692 987 791 1065 XXII,
821 986 873 1064 59,
906 984 970 1068 10),
1000 986 1098 1068 apud
1121 984 1298 1051 Horatium
1315 986 1363 1051 Set

184 1093 208 1172 1,
238 1094 268 1170 2,
298 1095 356 1159 28:
392 1094 482 1178 Suet,
517 1097 572 1180 qai
599 1096 699 1159 nolint
729 1095 864 1179 teiiqisse
889 1094 953 1157 aiei
980 1093 1069 1169 illas,
1109 1096 1282 1176 postrcnm
1301 1094 1365 1176 apul

183 1199 323 1264 Plinium
348 1200 432 1266 Hist.
457 1202 531 1267 Nat.
555 1202 595 1279 X,
619 1203 662 1267 30
686 1204 767 1266 extr.
783 1198 859 1282 (qui
882 1200 970 1264 locus
995 1218 1016 1264 a
1039 1199 1276 1283 compluribus
1295 1201 1366 1265 ada·

184 1303 265 1387 tur):
290 1327 384 1391 qaum
406 1309 498 1371 illam
521 1304 705 1390 (ciconiam)
729 1327 818 1371 acmo
835 1307 913 1370 ‘velit
934 1307 1091 1391 adipisse.
1101 1300 1131 1388 ¹)
1167 1306 1280 1372 Livius
1300 1306 1367 1371 deri·

185 1430 249 1494 que
272 1413 305 1476 In
327 1414 472 1496 optando
495 1414 565 1479 sine
587 1416 760 1497 negatione
785 1414 865 1478 dixit
887 1412 986 1488 XXX,
1014 1413 1072 1477 14:
1100 1412 1206 1477 Hane
1228 1420 1257 1477 te
1278 1433 1369 1499 quoqa

101 1545 102 1548 ¹
185 1517 230 1583 ad
252 1525 371 1583 eeteros
393 1527 466 1584 taes
489 1522 622 1584 eamias
644 1523 784 1603 virtutes,
815 1519 999 1599 Masinissa,
1029 1517 1194 1584 adiecisse
1223 1520 1321 1595 celia,
1347 1526 1369 1583 ct

185 1623 279 1689 aliter
302 1625 400 1703 XLII,
435 1628 492 1691 11:
522 1628 660 1711 plurimi
694 1629 827 1692 aaaales
861 1634 889 1691 et
922 1625 1035 1711 quibus
1069 1625 1255 1691 credidisse
1287 1626 1369 1691 aaa

185 1734 324 1813 utroque
346 1731 417 1797 loco
440 1734 620 1815 perfectam
644 1738 677 1799 et
701 1734 886 1800 absolutam
917 1733 1080 1796 actionem
1113 1732 1314 1816 significans,
1337 1733 1371 1797 al

185 1839 265 1915 tero,
289 1839 566 1920 quemadmodum
591 1841 722 1906 dicitur:
745 1848 874 1926 protam
888 1839 1055 1920 adierit,
1078 1840 1112 1902 si
1135 1839 1305 1911 adieceris,
1323 1857 1372 1903 mn

185 1943 326 2022 adiicias,
350 1946 463 2024 altero,
487 1947 766 2029 quemadmodum
790 1948 921 2013 dIcitur:
945 1965 1008 2009 aaa
1024 1945 1157 2030 pipebit
1173 1938 1372 2022 credidisse.²t

133 2066 171 2106 12⁶
185 2050 350 2133 Originem
375 2057 485 2117 autem
509 2054 609 2118 totius
631 2056 728 2120 huius
751 2054 878 2137 generis
902 2052 1062 2135 quaerenti
1085 2051 1173 2117 nihil
1190 2050 1373 2134 probabilia
1413 2056 1415 2095 l

185 2158 334 2235 occurrit,
369 2178 469 2241 quam
498 2180 595 2225 omne
623 2162 814 2244 profluxisse
841 2179 882 2224 ex
909 2158 964 2223 illa
991 2156 1130 2222 vetandi
1155 2160 1192 2221 et
1214 2175 1309 2240 piene
1327 2158 1374 2220 mi·

101 2250 104 2256 ’
185 2265 284 2330 nandi
308 2265 552 2348 significatione,
577 2267 668 2332 cuius
691 2267 918 2348 antiquissima
940 2267 1017 2328 sunt
1036 2263 1214 2346 exempla,
1238 2283 1279 2328 ea
1299 2281 1374 2345 spes

185 2371 281 2436 tabat
303 2372 346 2436 ad
368 2374 416 2437 rei
439 2373 689 2451 absolutionem,
726 2393 799 2455 quae
828 2371 1012 2446 vetabatur,
1047 2389 1115 2435 non
1141 2370 1299 2435 voluntas
1319 2369 1374 2452 ipss

186 2497 245 2560 per
267 2498 312 2543 se.
359 2479 470 2544 Simile
494 2460 545 2545 est
566 2480 663 2563 igitur
685 2480 746 2545 hoc
774 2477 1017 2560 quodammodo
1048 2476 1131 2553 eius,
1170 2477 1265 2559 quod
1292 2494 1374 2559 supra

150 2608 151 2612 ¹
187 2585 228 2649 de
250 2584 408 2650 infinitivo
432 2587 562 2668 passivo
585 2591 660 2669 post
682 2587 769 2651 idem
793 2586 931 2650 verbum
955 2579 1056 2664 (aeae)
1089 2587 1124 2647 et
1148 2588 1229 2666 post
1252 2590 1375 2667 erpaero

186 2691 292 2772 posito
315 2695 508 2756 annotatum
532 2697 591 2757 est.
634 2693 701 2758 Iam
726 2695 826 2775 patet,
851 2711 950 2772 quam
973 2690 1136 2755 incuriose
1162 2689 1375 2754 Walchiusio

187 2797 477 2863 Emendationibus
495 2799 636 2864 Liuianis
652 2820 684 2882 p.
703 2800 747 2863 50
770 2818 848 2863 usus
871 2797 913 2861 sil
934 2816 982 2872 eo,
1006 2795 1095 2878 quod
1120 2796 1270 2861 barbare
1287 2797 1374 2877 scrip

186 2908 254 2968 tum
280 2908 388 2969 exstat
410 2905 442 2969 in
467 2906 547 2970 Livii
570 2906 765 2971 editionibus
789 2905 901 2981 XXIV,
927 2905 983 2968 18:
1012 2904 1067 2987 qai
1090 2911 1167 2985 post
1193 2904 1373 2968 canaam

180 3032 325 3095 papam
348 3033 414 3075 rear
431 3012 594 3096 publicam
617 3012 791 3077 deseruisse
814 3011 973 3096 Italiaque
1002 3011 1168 3074 excessisse
1198 3011 1276 3074 aelle
1304 3008 1372 3072 dire

187 3116 316 3194 baalam
340 3120 373 3182 in
397 3139 461 3201 quo
484 3122 645 3200 praeterea
667 3139 733 3184 non
756 3118 895 3183 attendit
910 3118 952 3182 ad
968 3116 1192 3180 soloecismum
1217 3116 1376 3200 praesentis

185 3225 260 3288 celle
283 3245 342 3306 pro
365 3226 530 3307 praeterito
553 3226 694 3290 valuisse.
730 3225 795 3289 Sed
818 3224 919 3289 verba
942 3224 1027 3287 haec:
1046 3243 1196 3307 papaam
1219 3259 1260 3268 —
1285 3244 1372 3287 esces

185 3332 261 3395 sisse
284 3332 318 3394 in
340 3331 428 3396 nullo
452 3331 562 3397 codice
585 3331 649 3396 fide
662 3332 770 3414 ¹digno
793 3334 925 3413 reperta
947 3332 1038 3393 sunt:
1070 3330 1209 3410 pessimi
1234 3332 1372 3396 lacunam

186 3438 305 3518 partIm
334 3436 395 3501 hoc
423 3437 521 3502 modo
553 3438 774 3519 expleverunt,
809 3439 928 3520 partim
962 3437 1056 3500 aliter
1091 3438 1126 3499 et
1160 3437 1375 3519 grammatica

187 3543 445 3608 convenientius:
467 3543 556 3628 faece
579 3546 742 3608 consiliam
765 3545 910 3609 habuisse
932 3542 1118 3606 dicebamur
1142 3546 1218 3608 aut:
1250 3545 1375 3627 aqitassr

187 3648 226 3711 de
260 3647 360 3712 Italia
395 3650 567 3714 deserenda
602 3649 663 3714 dic.
699 3655 770 3715 aut:
807 3650 939 3713 ltaliam
973 3649 1115 3712 deserere
1151 3650 1288 3715 noluisse
1320 3648 1372 3712 dir.

215 3910 237 3979 ¹)
257 3914 366 3968 Catonis
379 3915 462 3969 verba
475 3916 548 3983 apud
562 3915 628 3968 Gell.
639 3915 700 3969 Vlll
715 3913 783 3983 [vl],
796 3915 821 3980 3,
841 3932 903 3984 qua
917 3916 977 3984 quis
992 3917 1027 3969 ad
1042 3915 1093 3969 hoc
1109 3930 1197 3983 genus
1211 3912 1314 3968 referre
1325 3930 1375 3983 por·

257 4003 300 4067 sit,
328 4004 471 4057 scribenda
490 4004 540 4058 hoc
559 4005 640 4057 modo
659 4009 735 4058 sunt:
765 4007 852 4073 Atque
870 4022 916 4072 cao
935 4007 1040 4074 quidem
1059 4005 1191 4070 arbitror,
1221 4005 1376 4058 Rhodiaca

257 4095 374 4147 noluisse
392 4110 441 4147 nos
464 4096 503 4146 ita
525 4097 688 4163 depaqaare,
717 4097 759 4148 ati
781 4097 965 4163 depuanatam
988 4101 1033 4159 est,
1062 4110 1145 4161 neque
1168 4110 1260 4161 reaem
1288 4095 1375 4147 em

257 4185 359 4243 vinei:
381 4185 436 4236 sed
455 4201 508 4237 noa
526 4182 631 4261 (vnlgm
657 4186 758 4237 Persea
776 4186 877 4250 vicisse,
898 4182 961 4248 nan)
985 4184 1149 4236 Rhodienses
1169 4185 1199 4236 id
1218 4186 1297 4238 arado
1315 4183 1378 4237 eolu-

257 4288 308 4338 ere,
327 4273 373 4324 sed
391 4274 488 4326 multas
502 4275 618 4340 populos
637 4290 669 4326 ac
688 4275 809 4326 ›ratmaes
828 4275 897 4326 idem
916 4274 1065 4326 eolrrisse
1084 4272 1216 4325 arbitror.

215 4356 238 4423 ²)
256 4355 339 4425 [Nihil
359 4360 410 4413 nisi
429 4361 543 4415 actionis
560 4361 691 4430 perfectio
709 4360 877 4429 significatur
889 4361 985 4424 XXIII,
1005 4359 1047 4423 15,
1068 4359 1114 4412 10:
1134 4360 1189 4412 sibi
1206 4362 1378 4428 massaricias

259 4488 264 4500 .
285 4489 291 4501 .
312 4489 317 4502 .
337 4451 441 4504 maluit.
478 4450 597 4518 Longius
616 4467 773 4519 progressus
797 4449 854 4503 Lir.
874 4450 981 4512 XXXII,
1006 4447 1049 4512 21,
1072 4446 1107 4500 32
1127 4447 1210 4502 dixit:
1236 4451 1378 4518 pepercisse

258 4539 360 4601 voluat,
389 4539 422 4592 de
450 4555 505 4608 qao
533 4538 598 4592 olim
628 4537 671 4592 hic
699 4538 903 4597 dubitaveram;
936 4544 1032 4607 postea
1060 4536 1263 4591 dubitationem
1291 4534 1378 4606 pressi.

258 4628 401 4695 scrupulus
421 4632 512 4682 tamen
532 4624 637 4696 haeret]
