2956 5190
629 271 690 335 591

10 537 13 549 ,
55 484 126 548 que
149 466 191 529 sit
214 485 283 551 que,
314 471 420 547 neque
444 464 526 549 quod
548 464 738 543 scribemus,
773 469 809 529 ut
832 465 987 548 plerique,
1023 486 1257 551 nequequam,

55 575 98 637 ut
121 572 302 637 Gronovius
325 571 466 648 volebat,
502 590 618 652 pamm
647 591 727 636 sane
756 574 841 654 apte,
877 572 935 637 sed
966 573 1064 637 aliam
1088 576 1257 654 exspecta-

55 678 169 744 bimus
199 678 400 760 reliquorum
430 677 605 742 verborum
634 678 905 755 emendationem,
940 679 1066 744 interea
1094 680 1156 744 hoc
1187 679 1257 744 loco

55 804 120 867 pro
143 783 330 849 testimonio
353 803 419 848 non
442 787 582 848 utemur.
592 779 618 865 ¹)
663 784 728 849 Sed
757 804 889 867 prorsus
921 789 1044 849 certum
1069 789 1186 867 putant
1209 786 1257 850 al·

55 893 166 956 terum
191 890 273 955 Livii
297 890 415 966 locum,
439 889 473 953 in
495 889 578 955 libro
598 890 685 968 Ι111111
708 910 735 954 1.
759 890 812 967 41,
837 892 982 973 quinon
1005 893 1120 956 melius
1144 891 1255 971 habet,

56 997 122 1063 nisi
146 997 233 1079 quod
258 997 443 1063 emendatio
470 1016 537 1061 non
566 996 667 1061 dubia
690 1000 750 1062 est.
796 997 968 1062 Scribitur:
1003 1018 1194 1083 quanquam,
1230 1006 1258 1063 et

56 1125 156 1190 meam
177 1104 315 1187 feliciter
337 1124 404 1168 rem
428 1102 592 1188 publicam
624 1103 913 1168 administraverim
946 1112 974 1168 et
1004 1105 1086 1189 quod
1108 1104 1170 1168 duo
1191 1105 1256 1186 sul·

56 1211 150 1274 mina
172 1210 298 1274 domurn
320 1231 422 1274 rnearn
439 1230 502 1293 per
523 1209 579 1273 bos
609 1209 677 1274 dies
697 1211 902 1293 perculerint,
936 1231 1000 1274 non
1027 1212 1177 1296 iynorare
1204 1231 1257 1275 aas
1270 1232 1311 1274 aas

57 1316 210 1382 arbitror.
256 1317 405 1382 Postulat
434 1315 617 1381 necessario
648 1317 802 1380 orationis
834 1317 1015 1398 aequalitas,
1050 1321 1088 1382 ut
1118 1320 1257 1398 utraque

56 1423 221 1488 sententia
245 1422 287 1506 (et
310 1444 405 1508 qnam
430 1457 472 1467 —
500 1428 528 1486 et
555 1419 649 1507 quod)
681 1422 820 1487 eandem
852 1422 992 1487 formam
1023 1423 1161 1500 habeat3
1196 1443 1257 1489 1111

57 1529 93 1593 id
115 1533 242 1595 tanturn
267 1529 353 1595 cives
382 1530 539 1605 sciebant,
575 1528 641 1592 dno
671 1527 807 1593 fulmina
835 1529 968 1594 domum
997 1529 1115 1594 AEruilii
1138 1549 1256 1612 percu-

57 1634 144 1712 lisse,
169 1636 227 1700 sed
250 1655 322 1718 quae
347 1638 380 1701 et
403 1654 502 1716 quarn
525 1636 637 1717 gravia
660 1635 883 1716 perculissent.
929 1636 1031 1721 Recte
1054 1636 1151 1718 igitur
1174 1635 1255 1700 Gro-

57 1741 184 1820 novius,
220 1743 308 1824 quod
339 1743 371 1806 in
402 1741 497 1805 unico
528 1741 638 1805 codice
669 1741 825 1823 scripturn
856 1746 915 1818 111,
950 1743 977 1806 si
1008 1742 1106 1807 modo
1135 1742 1181 1806 ita
1211 1742 1256 1805 ibi

57 1848 216 1930 scripturn
240 1852 299 1925 est,
323 1847 405 1933 quod
428 1847 567 1911 mutarit
588 1848 623 1910 in
646 1868 724 1932 quae.
760 1848 801 1912 Et
824 1848 1017 1930 quantulum
1041 1849 1112 1913 haec
1132 1848 1256 1912 distant

57 1955 92 2018 in
116 1948 332 2035 codicibus²ll
368 1953 466 2036 Apud
489 1951 653 2018 Caesarem
678 1953 714 2016 B.
738 1954 774 2019 C.
798 1955 810 2017 l
834 1974 861 2018 c.
886 1955 929 2018 23
953 1954 1075 2038 (pauca
1098 1954 1186 2038 apud
1206 1973 1257 2018 eos

60 2060 209 2145 loquitur,
241 2060 323 2145 quod
352 2060 413 2124 1111
445 2080 466 2122 a
488 2067 584 2143 parte
612 2079 717 2123 eorum
744 2063 854 2145 qratia
876 2063 979 2126 relata
1001 2081 1065 2125 nen
1087 2059 1140 2141 sit)
1163 2063 1256 2142 patet

58 2166 141 2251 quod
164 2167 297 2249 adiungi
320 2167 364 2231 nd
381 2187 498 2250 pauca,
534 2169 570 2230 ut
593 2166 794 2244 ostendatur,
830 2168 870 2233 de
902 2188 967 2251 qua
997 2187 1033 2232 re
1064 2186 1170 2248 pauca
1200 2166 1256 2230 illa

58 2273 244 2350 dictasint,
279 2292 345 2337 non
372 2272 415 2336 ad
438 2273 591 2357 loquitur3
624 2290 731 2354 neque
764 2275 850 2337 enirn
881 2275 992 2341 Caesar
1022 2273 1116 2338 facile
1147 2273 1255 2337 dicere

59 2383 202 2461 poterat:
238 2381 386 2465 loquitur,
416 2379 557 2463 qratiam
585 2377 646 2442 sibi
673 2399 736 2443 non
757 2380 903 2444 relatam.
949 2379 1061 2444 Habet
1082 2379 1180 2461 igitur
1201 2378 1254 2443 hic

59 2504 190 2567 quoque
221 2485 311 2550 locus
334 2485 519 2567 exemplum
543 2485 712 2549 sententiae
744 2486 885 2568 legitime
908 2506 928 2550 a
957 2485 1039 2571 quod
1061 2484 1253 2567 incipientis,

57 2591 118 2656 sed
141 2592 239 2674 paula
262 2591 384 2656 rariore
408 2591 514 2656 forma
537 2591 692 2656 subnexae
716 2591 759 2655 ad
775 2593 941 2657 notionem
959 2592 1102 2674 aliquam
1120 2591 1253 2656 distinc-

56 2699 123 2762 tius
158 2698 394 2779 explicandam,
429 2698 593 2779 quomodo
624 2697 696 2762 libr.
721 2699 734 2761 l
760 2698 798 2763 B.
828 2698 865 2762 G.
890 2717 917 2763 1.
943 2698 984 2763 19
1016 2699 1126 2763 Caesar
1157 2697 1253 2762 dixit:

57 2825 154 2889 quum
176 2805 357 2869 certissima
379 2825 430 2869 res
453 2804 643 2886 accederent,
666 2804 748 2888 quod
765 2825 827 2888 per
847 2804 926 2886 fines
943 2803 1158 2889 Sequanorum
1176 2803 1253 2868 Hel·

57 2911 153 2974 aetr'os
174 2909 376 2993 traduxisset,
411 2911 493 2996 quod
520 2910 642 2975 obsides
667 2912 750 2975 inter
777 2931 827 2975 eos
849 2910 973 2975 dandos
996 2917 1145 2988 curasset,
1179 2913 1252 2989 cet,

58 3020 92 3079 ct
115 3016 229 3081 eodem
254 3016 336 3081 libro
361 3037 387 3081 1.
411 3018 470 3081 43:
508 3016 617 3081 Ceasar
644 3038 705 3081 sua
732 3024 917 3103 senatusque
943 3018 979 3080 in
1007 3038 1077 3081 earn
1105 3015 1253 3100 beneficia

58 3125 319 3206 commemorarit,
344 3123 427 3209 quod
448 3144 507 3187 rea
530 3125 707 3208 appellatus
730 3131 806 3189 esset
828 3145 849 3187 a
870 3131 992 3205 senatu,
1016 3123 1098 3209 quad
1122 3125 1252 3200 amicus,

58 3228 141 3313 quod
168 3249 305 3293 munera
329 3230 526 3313 amplissima
549 3231 656 3295 missa.
702 3231 806 3296 Recta
829 3230 914 3307 hoec3
949 3229 1029 3295 illud
1057 3228 1164 3294 dicere
1186 3248 1253 3293 non

57 3335 178 3417 potuit:
216 3335 325 3400 Caesar
354 3340 614 3421 commemorauit,
649 3338 732 3423 quod
759 3359 815 3403 rea
838 3338 1016 3422 appellatus
1039 3342 1122 3400 esset.
1152 3332 1251 3416 [Cir.

57 3440 123 3506 Cic.
155 3441 196 3506 de
225 3442 330 3506 Divin.
354 3443 391 3520 ll,
423 3442 481 3520 31,
513 3444 582 3527 67]
636 3445 786 3510 ‘Eandem
821 3443 1044 3526 explicationis
1077 3462 1138 3525 per
1171 3441 1253 3526 qued

86 3723 107 3791 ¹)
126 3724 184 3779 Non
203 3725 262 3781 sine
285 3742 367 3780 causa
390 3725 419 3780 in
443 3743 475 3780 eo
498 3743 609 3797 quoque
627 3727 779 3782 Gronovius
798 3733 825 3783 et
843 3727 986 3782 (lauterius
1005 3727 1151 3790 haser-unt,
1179 3725 1252 3794 quod

129 3814 265 3868 omittitur
282 3817 441 3880 triburiam
460 3817 650 3886 nequeenim,
669 3817 743 3886 quod
756 3815 848 3871 Livius
866 3815 989 3870 Duilium
1008 3815 1150 3869 tribunum
1169 3813 1253 3867 fuisse

129 3902 243 3967 dixerat,
262 3903 322 3958 ideo
341 3904 408 3958 illud
427 3909 500 3959 recte
519 3904 547 3959 in
560 3904 642 3960 Duilli
659 3906 782 3961 aratione
793 3906 961 3960 audiendum
976 3903 1147 3973 relinquitur,
1165 3919 1250 3972 quum

129 3991 196 4044 nihil
215 3992 249 4045 ab
268 4009 301 4046 eo
320 3993 353 4046 de
372 3993 514 4048 tribunatu
537 3999 629 4048 ectum
653 4009 712 4048 esse
729 4000 813 4049 antea
831 3995 934 4049 dictum
952 3994 996 4048 sit
1033 3990 1085 4058 [De
1107 3994 1165 4045 stne
1188 4006 1252 4044 curn

105 4079 270 4149 'participio
288 4081 453 4137 sententiam
472 4082 577 4136 mutari
596 4083 742 4153 locumque
760 4083 829 4137 Lirii
848 4083 982 4152 corrigere
1001 4081 1104 4136 tentari
1119 4080 1178 4133 Em.
1193 4079 1252 4134 Lir.

129 4186 155 4237 p.
169 4168 220 4222 100
238 4186 297 4239 sqq.
326 4170 461 4241 Quicquid
480 4178 530 4237 est,
548 4175 664 4226 scituros
682 4175 753 4242 quad
771 4177 866 4227 eontra
885 4172 991 4226 codices
1008 4185 1137 4241 perverse
1154 4167 1252 4223 scribe

128 4255 229 4323 butun]

86 4342 108 4410 ²)
126 4343 168 4413 [ln
188 4347 279 4402 codice
297 4348 433 4403 omittitur
450 4366 523 4418 quan
547 4352 619 4420 quad
643 4350 775 4420 Grynaeus
793 4347 918 4416 addidit]
955 4349 995 4403 De
1013 4347 1081 4402 Livii
1100 4346 1162 4400 libri
1180 4346 1252 4400 XLll

128 4433 204 4488 133
228 4435 376 4492 satisfaciet
397 4438 644 4493 Drakenborchius.
686 4439 775 4505 Miror,
804 4437 887 4493 etiam
910 4437 1095 4508 Kreyssigium
1120 4435 1251 4490 mendum

128 4523 276 4593 reliquisse.
384 4573 388 4582 .
