2956 5190
709 328 773 394 746

135 525 250 609 populi
273 543 389 606 poenas
412 523 459 588 rei
482 522 623 605 publicae
645 523 846 605 pependerit,
872 523 984 588 multo
1006 524 1120 588 minus
1136 524 1171 588 in
1186 524 1247 588 aliis
1262 545 1309 592 en

137 632 243 714 legem
267 630 409 696 obstare.
457 630 505 694 Ex
528 650 577 707 eo,
603 629 691 711 quod
714 629 882 695 Gracchus
906 632 1006 694 iussu
1030 631 1145 712 populi
1167 630 1313 699 interiectu

137 742 234 815 esset,
258 757 339 802 sane
362 757 428 802 non
452 736 665 813 efficiebatur,
691 736 731 800 de
755 736 826 800 aliis
849 738 982 801 iniussa
999 737 1118 819 populi
1142 741 1315 819 poenassun'

137 841 282 928 posse.¹)

226 952 278 1030 IV,
310 952 351 1015 13
380 950 508 1027 retinui,
544 949 633 1031 quod
661 953 768 1028 antea,
804 951 950 1032 probata
983 949 1134 1014 Ernestii
1163 951 1318 1026 coniectat,

137 1060 321 1125 edideram:
356 1078 395 1122 ae
431 1091 471 1101 -—
508 1056 633 1142 aliquid
665 1058 804 1121 severius
837 1058 992 1121 statuisse
1030 1057 1218 1121 videamini.
1263 1058 1321 1123 Nan

138 1187 239 1249 quum
263 1166 295 1229 in
320 1165 391 1230 aliis
415 1163 580 1228 codicibus
605 1161 721 1245 (bioca)
743 1165 786 1228 sit
807 1165 906 1228 nimis
931 1164 1070 1249 aliquid
1092 1185 1207 1241 secere,
1228 1164 1322 1229 inab

137 1271 241 1356 (rtea
263 1272 487 1354 plurimisque
507 1267 681 1352 praeterea)
707 1270 804 1334 nimis
832 1270 962 1356 aliquid
993 1272 1154 1346 severitis,
1189 1270 1246 1335 boc
1268 1291 1323 1353 quo

137 1380 236 1444 modo
260 1399 300 1444 ex
322 1377 377 1442 illo
400 1376 491 1441 nasci
514 1378 666 1458 potuerit,
698 1397 763 1442 non
787 1376 950 1460 intelligo:
981 1381 1108 1442 contra
1132 1396 1233 1458 quum
1251 1378 1324 1459 scrip

136 1489 207 1550 tum
232 1487 332 1550 esset:
367 1503 406 1547 ae
436 1517 477 1526 -
507 1484 632 1568 aliquid
661 1485 807 1562 severius,
843 1484 915 1549 lieri
940 1483 1101 1566 potuisse
1125 1483 1230 1559 video,
1260 1483 1325 1548 ulit

137 1592 359 1657 declararetur
382 1590 478 1653 aiacis
500 1609 613 1666 severe,
636 1591 670 1654 in
685 1594 778 1673 parte
793 1594 905 1655 tamen
924 1590 1098 1667 codicum,
1123 1589 1324 1657 additoeinic

136 1700 332 1763 retineretur
354 1691 538 1776 ameriusffl

225 1804 263 1867 In
291 1804 439 1867 oratione
455 1823 519 1886 pre
548 1801 672 1866 Arabia
701 1803 1108 1868 codicisGemblacensis
1139 1804 1263 1869 collatio
1284 1807 1326 1868 eti

135 1914 231 1994 grata
254 1930 326 1975 esse
350 1909 459 1985 debet,
496 1910 649 1990 exiguum
680 1915 791 1974 tamen
820 1910 982 1974 momenti
1007 1910 1093 1975 lecit
1117 1911 1162 1974 ad
1187 1915 1326 1975 contextu

137 2018 277 2082 formam
301 2015 506 2080 mutandam.
543 2015 580 2078 ln
603 2034 669 2080 uno
693 2019 726 2079 et
748 2016 851 2080 altero
873 2016 947 2081 loco
973 2016 1182 2081 coniecturae
1205 2019 1326 2081 subnata

135 2127 214 2189 sunt
235 2124 391 2205 speciosae
414 2141 475 2185 nec
499 2129 609 2185 tamen
633 2142 715 2203 quas
745 2122 778 2186 in
809 2123 882 2204 ipsa
913 2125 1072 2188 oratione
1105 2144 1229 2205 ponere
1249 2125 1326 2189 aude·

136 2250 217 2295 rem.
263 2229 359 2293 Velut
382 2226 400 2308 ἕ
423 2229 445 2291 4
468 2248 528 2309 pro
551 2232 705 2310 suspecto
733 2229 788 2294 illo
815 2229 960 2293 celeriter
990 2231 1185 2294 antecedere
1212 2231 1327 2294 amate

136 2372 179 2382 —
207 2336 335 2420 contiptt
365 2333 475 2398 nescio
508 2353 550 2398 an
581 2335 772 2417 simpliciter
799 2338 890 2418 coepit
920 2336 1144 2402 scribendum
1177 2340 1229 2403 sit
1277 2337 1326 2420 [Sic

135 2445 201 2508 iam
226 2439 526 2522 Stuerenburgius]
572 2439 590 2521 ἕ
614 2442 645 2518 9,
670 2442 726 2506 ubi
750 2442 871 2506 editur:
904 2441 970 2506 His
999 2445 1110 2527 icitur
1139 2446 1257 2510 tabulis
1275 2446 1327 2508 eel-

134 2551 200 2614 lam
235 2551 366 2613 lituram
400 2549 436 2610 ia
469 2548 594 2610 nomiae
628 2547 670 2611 A.
701 2547 821 2612 Mciae‘i
854 2548 983 2626 videtis,
1024 2552 1191 2632 quoniam
1225 2553 1329 2618 codices

134 2656 259 2720 habent
282 2676 402 2727 aoacea,
427 2653 636 2718 scribendum
660 2655 804 2719 videtur:
829 2655 893 2719 His
909 2658 1012 2740 icitur
1028 2657 1156 2722 tabulis
1171 2662 1251 2722 siae
1266 2661 1328 2722 clla

135 2764 235 2826 litura
263 2783 375 2826 acernea
403 2762 444 2823 A.
470 2760 590 2823 Licinii
621 2762 747 2836 videtis:
782 2764 900 2826 rectius
937 2764 1026 2826 enim
1066 2765 1198 2830 iudices
1233 2786 1330 2830 nonen

135 2869 305 2951 perspicue
329 2869 485 2949 scriptum
510 2867 617 2931 vide-re
641 2868 791 2932 dicuntur
814 2889 913 2950 quam
938 2870 1069 2934 nullam
1091 2872 1239 2937 lituram.
1270 2873 1332 2952 §lt

134 2977 168 3038 in
191 2975 241 3039 his
266 2976 388 3039 verbis:
424 2975 531 3038 multis
560 3009 600 3017 -
629 2977 769 3058 protecto
796 2978 950 3039 ciuitatem
981 2978 1019 3039 in
1045 2977 1185 3043 Groecia
1215 2981 1333 3043 hortea

135 3082 353 3165 impertiebant
377 3082 498 3162 aliquid
522 3081 590 3145 vitii
615 3102 686 3145 esse
711 3087 834 3146 certum
859 3088 909 3146 est
933 3087 965 3146 et
989 3083 1058 3147 iam
1086 3086 1135 3149 ab
1162 3088 1233 3151 aliis
1255 3087 1332 3151 intel·

135 3189 255 3253 lectum
279 3208 380 3269 quum
406 3208 423 3251 e
447 3189 595 3252 codicum
620 3189 761 3270 vestigiis
778 3189 917 3271 (Gembl.
933 3199 1054 3272 procat
1072 3193 1110 3254 in
1128 3196 1333 3276 superscripto

134 3297 185 3358 uel
207 3296 357 3378 prateae,
382 3295 448 3358 Eri.
474 3297 524 3358 uel
546 3297 685 3378 preterito
700 3304 825 3379 procat,
849 3296 1013 3360 Pithoean.
1037 3303 1192 3381 pratuitc
1213 3304 1333 3387 procat).

164 3522 185 3590 ¹)
206 3522 308 3591 [Aliam
337 3525 523 3578 coniecturam
552 3525 586 3578 ad
616 3526 686 3578 hanc
714 3527 913 3594 peragraphum
944 3526 1159 3596 pertinentem,
1189 3530 1332 3584 translatam

205 3619 300 3683 postea
319 3616 346 3668 in
366 3614 435 3667 Adv.
456 3613 520 3667 Crit.
541 3613 592 3667 vol.
613 3615 637 3666 ll
656 3631 682 3682 p.
702 3614 762 3679 208,
781 3615 825 3667 hic
843 3612 943 3681 omisi]

161 3699 185 3767 ²)
203 3704 242 3756 Ex
261 3705 336 3771 praef.
356 3705 398 3756 ed.
418 3703 447 3756 6:
476 3704 519 3767 lV,
546 3703 579 3754 13
603 3711 652 3756 aut
676 3703 737 3755 add.
762 3704 880 3771 Siesbye,
909 3708 970 3757 iure
988 3706 1022 3758 Α.
1043 3706 1204 3761 Eberhard.
1225 3708 1333 3762 Halmiru·

205 3792 264 3844 illa:
293 3810 376 3859 quem
399 3810 479 3845 acum
502 3809 583 3844 suem
607 3829 612 3838 .
634 3833 639 3845 .
660 3833 666 3845 .
690 3795 760 3845 dicit
784 3793 822 3846 ita
846 3792 1020 3859 interpretari
1047 3795 1178 3849 videtur:
1208 3801 1292 3850 ladem
1311 3814 1334 3848 er

204 3888 287 3946 septe,
307 3883 373 3933 dass
393 3922 398 3934 .
419 3923 425 3934 .
446 3901 466 3943 .;
485 3881 533 3934 sed
553 3898 608 3934 non
627 3880 708 3933 credo
727 3881 786 3934 lieri
805 3898 892 3949 posse,
912 3887 942 3934 ut
962 3882 991 3934 in
1009 3883 1064 3935 hac
1085 3886 1226 3940 orationis
1245 3888 1332 3940 forma:

204 3986 287 4035 quum
374 3971 453 4034 discit,
472 3986 555 4036 quam
575 4010 622 4023 ...
643 3973 713 4023 dc'acit
731 3970 806 4038 prius
825 3989 907 4038 quum
927 3976 1037 4040 tempus
1057 3974 1209 4041 significet,
1229 3976 1332 4028 alterum

204 4058 326 4119 modurn,
350 4073 401 4110 nec
424 4057 587 4111 indicativus
606 4059 693 4111 altero
712 4059 771 4112 loco
791 4058 899 4112 delendi
918 4075 998 4127 posse
1017 4061 1146 4125 videtum
1178 4064 1201 4117 si
1222 4064 1284 4117 illud
1300 4063 1332 4115 Ci-

203 4162 265 4199 cero
291 4146 429 4209 voluisset,
457 4146 516 4199 sine
541 4146 624 4199 dubio
648 4148 812 4216 scripsisset:
840 4165 922 4216 quum
943 4189 948 4201 .
969 4190 975 4202 .
996 4190 1002 4202 .
1022 4151 1126 4203 diceret
1151 4170 1175 4205 s.
1196 4156 1331 4206 adduas

203 4235 365 4299 defenderet:
394 4235 442 4288 cfr.
467 4253 516 4304 pro
535 4236 588 4289 Mil.
610 4235 651 4288 12.
689 4237 843 4305 Utrumque
870 4254 953 4304 quern
981 4240 1140 4307 temporale
1170 4242 1207 4294 sit
1233 4256 1331 4295 neem

204 4328 256 4384 est;
285 4328 345 4375 turn
368 4328 461 4376 autem
488 4340 543 4377 non
567 4330 689 4392 apparet,
719 4342 780 4393 quae
803 4325 949 4379 crudelitas
968 4325 1032 4380 insit
1053 4327 1082 4380 in
1103 4330 1182 4384 caede
1202 4331 1236 4384 ll.
1255 4329 1329 4383 Fulvii

203 4410 291 4464 Flacci
310 4411 413 4478 filiique
432 4411 490 4465 eius
509 4412 568 4466 sine
587 4413 644 4465 ulla
662 4413 744 4468 laude
768 4415 1018 4479 commemoranda,
1047 4433 1138 4484 quare
1164 4425 1238 4473 reete
1260 4419 1329 4471 Eber

203 4499 305 4551 hardus
328 4503 388 4551 iure
415 4500 546 4553 excidisse
570 4502 725 4570 suspicatus
750 4509 799 4556 est.
837 4504 969 4557 Restabat
997 4499 1151 4556 ἀσύνδετον
1181 4509 1227 4562 rix
1254 4508 1328 4561 leren-

201 4587 276 4649 dum,
296 4587 369 4654 quod
389 4590 482 4643 addito
501 4598 550 4643 aut
568 4596 631 4660 post
649 4594 720 4644 dixit
738 4593 844 4646 sustuli.
