2948 5206
578 256 691 329 ‚55

93 451 207 517 alienius
228 450 273 516 illi
295 452 368 535 ipsi,
404 452 460 538 qui
491 438 715 535 imprudentes
744 453 941 536 disputando
968 476 1007 522 eo
1036 463 1263 539 pervenerunt,

91 556 321 624 confitebuntur.
367 559 500 625 Nullum
523 563 574 624 est
596 559 694 643 igitur
721 560 853 628 omnino
882 563 1068 628 Maecenatis
1095 564 1265 646 significati

89 663 233 729 indicium.
268 664 369 730 Fstne
393 665 503 744 etiam,
527 686 585 732 cur
607 666 807 750 significatus
830 667 962 733 omnino
979 670 1087 751 putari
1102 676 1264 754 nequeat?

10 812 13 831 .
86 770 131 835 fot
159 789 246 836 vero.
292 771 440 837 Primum
475 773 562 838 enim
596 793 729 856 prorsus
763 774 824 838 loci
858 775 1049 856 compositio
1083 777 1265 845 Horatiana

84 877 297 960 perbubatur,
332 877 491 944 adhunc
523 881 715 963 pusillorum
743 880 913 946 hominum
941 884 1062 946 coetum
1092 887 1125 948 et
1153 904 1264 950 exem·

81 983 194 1066 plomm
218 1003 238 1049 e
260 984 360 1050 turba
382 990 589 1069 arrepturum
611 988 790 1053 Maecenate
807 990 990 1070 aggregato,
1014 989 1146 1055 bomine
1162 988 1289 1057 tantae'

79 1090 249 1172 limfatim
283 1111 382 1173 quem
417 1092 550 1175 quidem
583 1093 740 1160 Horatius
774 1094 815 1172 si,
850 1097 887 1158 ut
920 1093 1126 1160 Weichertus
1160 1100 1264 1179 putat,

77 1196 214 1262 mndum
237 1197 374 1277 amicus,
408 1199 468 1265 sed
496 1219 536 1266 ex
564 1200 665 1265 civilis
688 1200 764 1264 belli
787 1203 820 1265 et
841 1200 1084 1284 proscriptionis
1107 1204 1265 1269 memoria

73 1302 214 1382 infestus,
248 1307 343 1370 tanto
371 1325 470 1388 opere
496 1307 646 1390 gestisset
673 1311 822 1389 tangere,
857 1311 894 1372 ut
921 1307 972 1371 vel
999 1311 1141 1387 mutato,
1177 1308 1265 1392 quod

72 1430 231 1492 nusquam
253 1410 336 1475 alias
360 1412 492 1492 faceret,
509 1411 658 1479 ¹nomine
687 1414 927 1496 aggrederetur,
962 1413 1056 1478 aliter
1079 1418 1112 1479 et
1134 1416 1264 1496 gravius

70 1537 239 1600 aggressus
262 1522 366 1596 esset;
389 1517 548 1584 demissas
571 1521 698 1586 tunicas
721 1520 841 1585 licebat
856 1520 990 1603 impune
1008 1527 1264 1587 commemorare

67 1628 190 1707 aperte.
236 1624 359 1689 Verum
381 1628 432 1689 est
459 1624 549 1691 aliud
576 1631 746 1709 praeterea,
783 1628 870 1710 quod
898 1631 1002 1693 totam
1030 1646 1100 1691 rem
1127 1631 1262 1694 evertat.

65 1731 181 1810 Quum¹
203 1732 292 1796 enim
320 1731 414 1795 multi
442 1733 628 1812 sensissent,
664 1734 833 1801 scurrilem
861 1737 895 1798 et
921 1733 964 1799 ab
991 1733 1119 1798 Horatii
1147 1734 1263 1798 Maece-

63 1838 217 1920 natisque
239 1837 465 1904 coniunctione
488 1839 720 1907 alienissimam
744 1860 815 1905 esse
838 1840 927 1905 illam
949 1839 1012 1904 sub
1034 1839 1110 1905 ficto
1133 1840 1264 1905 nomine

63 1943 254 2008 Maecenatis
276 1943 468 2024 irrisionem,
499 1945 715 2025 Weichertus,
750 1951 787 2011 ut
809 1946 885 2023 dixi,
919 1947 1006 2011 hanc
1029 1945 1163 2011 satiram
1186 1949 1264 2010 ante

63 2050 222 2133 scriptam
246 2070 319 2116 esse
349 2051 428 2130 urlt,
463 2072 563 2135 quam
591 2052 748 2120 Horatius
776 2053 945 2119 Maecenati
969 2053 1262 2119 commendaretur.

62 2156 99 2221 ln
124 2176 192 2238 quo
213 2157 324 2237 miror,
347 2158 453 2223 virum
477 2159 609 2225 doctum
633 2180 699 2225 non
723 2160 891 2243 cogitasse,
915 2159 1143 2225 scurrilitatem
1166 2158 1263 2223 utam

62 2262 167 2329 nihilo
190 2263 299 2329 minus
326 2284 471 2344 manere,
507 2267 662 2349 quoniam
691 2268 824 2350 quidem
852 2267 1007 2332 Horatius
1036 2269 1151 2348 postea
1177 2266 1263 2330 hanc

63 2369 203 2435 satiram
224 2391 292 2437 non
308 2376 471 2437 mutatam
489 2372 533 2438 ad
550 2373 658 2457 ipsum
678 2375 890 2440 Maecenatem
909 2393 984 2438 cum
1005 2373 1120 2438 ceteris
1140 2371 1304 2437 miserita

50 2477 161 2559 ‚eique
182 2477 393 2561 inscripserit.
402 2475 428 2560 ¹)
463 2480 548 2562 Ergo
570 2480 656 2546 hanc
672 2484 776 2547 totam
793 2481 980 2547 Maecenatis
997 2478 1264 2562 significationem
1348 2569 1353 2580 Ι

92 2739 117 2807 ¹)
136 2743 238 2798 Satiras
256 2745 372 2810 Horatii,
399 2751 514 2814 excepta
532 2744 629 2814 prima,
658 2747 754 2800 eodem
774 2747 869 2801 ordine
887 2747 1003 2815 scriptas
1022 2763 1088 2809 esse,
1117 2762 1171 2813 quo
1191 2761 1264 2798 nunc

137 2833 272 2902 legantur,
301 2834 389 2888 multa
411 2840 476 2888 sunt
499 2834 612 2894 indici03
639 2836 688 2889 sed
712 2835 735 2888 si
754 2836 815 2904 quis
834 2853 867 2889 ex
886 2836 999 2905 singulis
1018 2852 1114 2889 eruere
1133 2834 1264 2903 temporis

137 2923 236 2976 indicia
254 2923 380 2987 voluerit,
399 2924 479 2977 valde
497 2930 594 2978 cautus
614 2941 672 2978 esse
691 2925 785 2985 debet;
804 2925 959 2979 Weicherto
979 2924 1085 2989 accidit,
1104 2930 1135 2977 ut
1149 2922 1185 2992 (p.
1200 2921 1263 2989 454)

136 3011 249 3066 eatbam
268 3012 380 3067 tertiam
398 3013 520 3066 effecisse
538 3012 677 3078 scriberet,
696 3019 728 3067 ut
746 3014 883 3078 Horatius,
903 3013 1013 3081 Virgilio
1027 3013 1164 3082 Varioque
1183 3013 1263 3066 inter-

138 3101 310 3166 cedentibus,
339 3102 367 3154 in
393 3100 548 3155 Maecenatis
575 3103 731 3156 conuctum
759 3107 787 3156 et
813 3103 1028 3156 familiaritatem
1056 3102 1262 3156 adscriberetur.

138 3190 221 3258 Atqui
240 3190 296 3244 iam
315 3190 344 3243 in
368 3190 427 3259 ipsa
450 3190 534 3243 satira
558 3190 638 3244 tertia
661 3207 771 3245 summa
794 3191 965 3246 familiaritas
987 3191 1150 3260 perspicitur
1173 3189 1209 3258 (v.
1229 3190 1263 3243 63

138 3284 165 3331 et
188 3276 241 3344 64).
283 3278 312 3332 P.
331 3277 384 3331 453
409 3279 553 3333 Horatium
576 3279 669 3332 scribit
694 3279 722 3332 in
745 3280 830 3334 satira
852 3285 951 3348 quarta
977 3278 1073 3348 (quam
1096 3296 1152 3334 non
1176 3280 1263 3334 mullo

138 3373 198 3436 post
215 3368 366 3422 secundam
384 3367 515 3436 scriptam
533 3385 593 3421 esse
612 3373 701 3437 patet;
730 3386 779 3423 cur
801 3369 925 3437 proxime
947 3374 1009 3437 post
1032 3386 1102 3434 eam,
1130 3369 1207 3423 nulla
1224 3369 1263 3422 in·

139 3456 257 3520 teriecta,
280 3456 382 3526 scripta
400 3461 520 3525 putetur,
548 3474 659 3526 prorsus
682 3458 750 3512 nibil
774 3455 825 3524 est)
853 3474 908 3511 non
928 3458 1014 3526 magis
1032 3475 1116 3526 quam
1134 3463 1216 3512 antea
1234 3458 1262 3511 in

139 3545 257 3599 secunda
275 3545 341 3600 viris
363 3546 436 3616 apud
461 3545 643 3600 Octavianum
666 3547 791 3615 gratiosis
814 3547 979 3616 pepercisse
1007 3565 1033 3615 p.
1052 3552 1146 3601 autem
1164 3546 1216 3598 427
1236 3551 1264 3600 et

139 3631 189 3685 428
207 3651 318 3689 versum
336 3634 415 3688 illum
435 3636 563 3688 Pactam
580 3637 698 3702 Rufillus
717 3637 774 3704 olet,
795 3639 952 3704 Gorgonius
969 3638 1075 3688 hircum
1094 3653 1127 3690 ex
1142 3635 1262 3689 secunda

140 3723 220 3776 satira
237 3723 266 3776 in
285 3728 384 3792 quarta
402 3724 547 3791 repetitum
568 3741 635 3789 esse,
660 3731 691 3778 ut
714 3731 796 3794 poeta
814 3742 843 3777 se
862 3729 1013 3788 excusaret,
1041 3726 1113 3792 quod
1137 3724 1262 3777 homines
1311 3757 1318 3770 ·

141 3810 288 3865 Octaviano
306 3811 454 3865 familiares
473 3812 612 3872 irrisisset,
638 3813 739 3881 itaque,
764 3818 794 3867 ut
813 3814 851 3877 tit,
876 3830 963 3881 quum
982 3812 1009 3866 in
1028 3812 1140 3881 singulis
1159 3811 1260 3879 aliquid

141 3901 283 3969 affingitur,
311 3901 363 3954 sibi
387 3901 555 3955 contradicit.
593 3902 646 3955 Sed
666 3903 738 3956 bella
757 3908 799 3956 est
821 3901 881 3969 ipsa
904 3901 1043 3955 excusatio
1066 3906 1153 3970 poetae
1176 3899 1260 3968 indig-

141 3990 236 4054 nantis,
254 4007 284 4044 se
302 3990 475 4060 reprehendi,
495 3990 703 4058 irrisionemque
722 3990 846 4045 acerbius
866 3991 1026 4059 repetentis:

565 4082 637 4148 quod
655 4083 762 4147 ineptus

242 4170 370 4223 Poetelius
388 4170 505 4235 Rufillus
523 4170 581 4233 olet,
602 4170 759 4235 Gorgonius
777 4170 891 4229 hircum.

143 4256 206 4310 Sunt
232 4259 286 4312 alia
312 4256 511 4311 eiusdemmodi
539 4273 652 4325 operose
685 4255 836 4325 excogitata
869 4261 896 4310 et
929 4253 1091 4323 composita,
1125 4269 1185 4320 qua
1217 4253 1284 4306 vel·

143 4343 231 4400 leviter
252 4351 327 4400 tacta
349 4352 488 4399 corruunt.
526 4345 579 4399 Sed
601 4346 660 4399 hac
687 4345 746 4398 sine
773 4346 829 4400 ulla
858 4345 886 4399 in
910 4344 1095 4397 Weicbertum
1122 4346 1260 4395 conluuie

143 4433 176 4486 lia
196 4434 265 4488 dicta
288 4440 378 4499 sunto,
406 4451 462 4503 qua
488 4435 611 4502 profecto
639 4433 750 4502 indigna
777 4439 819 4488 est
846 4434 905 4487 eius
933 4430 1048 4485 eruditio
1076 4435 1104 4485 et
1130 4429 1260 4485 sedulitas

145 4524 282 4588 querendi.
