2956 5190
751 298 817 362 362

186 493 346 558 relaturus
371 496 442 558 erat
464 492 602 556 verbum
624 491 865 577 stagnabantur.
900 493 1024 559 Deinde
1048 494 1124 577 quis
1144 493 1267 565 eredat
1288 513 1362 561 seua

185 604 273 665 tores
296 600 330 663 in
353 619 392 665 eo
415 599 593 674 laborasse,
618 605 654 663 ut
676 603 918 681 cognoscerent,
954 599 1033 681 quid
1060 599 1225 665 Gabinius
1252 606 1284 666 et
1306 601 1364 668 Fue

186 706 338 789 privatim
361 706 528 781 sentirent,
565 708 597 769 et
627 705 668 769 de
699 725 738 770 ea
769 726 805 770 re
832 707 865 769 in
888 711 1003 770 senatu
1027 705 1262 788 interrogasse,
1292 711 1366 790 quau‘

187 813 220 878 id
236 814 352 878 autad
367 832 437 879 rem
454 812 631 893 pertineret
646 815 783 876 autnon
799 831 913 877 ornnes
930 813 1058 889 scirent,
1075 811 1230 879 Cioeroni
1243 813 1367 879 inimico

186 939 268 984 esse.
315 920 411 995 Tum,
447 921 484 982 ut.
510 918 551 982 de
574 917 749 982 verborum
773 920 805 983 vi
829 937 1025 998 quaeramus,
1048 918 1123 1001 quis
1147 938 1295 1002 unquam
1315 941 1368 985 ue

185 1027 300 1090 tentiae
321 1025 425 1089 diem
448 1023 495 1106 (et
517 1024 615 1089 velim
643 1024 686 1089 ad
715 1025 876 1106 pluralem
906 1044 1080 1104 numerum
1113 1025 1268 1108 attendi),
1300 1046 1369 1110 pra»

185 1133 296 1196 sertim
319 1151 421 1214 quum
445 1131 486 1195 de
509 1151 544 1195 re
567 1131 601 1195 in
624 1135 740 1196 senatu
761 1137 834 1197 acta
849 1132 1046 1215 loqueretur,
1069 1133 1136 1197 ista
1151 1132 1369 1215 significatione

185 1237 314 1319 posuit?
348 1238 415 1301 Nec
449 1257 529 1302 sane
558 1239 682 1321 privat
717 1258 788 1303 esse
823 1242 931 1320 potest
958 1245 1113 1323 tanquam
1130 1240 1260 1323 priuati
1285 1238 1369 1322 (quod

185 1345 292 1425 ipsum
316 1344 430 1409 Latine
453 1346 499 1408 ita
521 1364 587 1409 non
611 1344 737 1421 dicitur,
769 1345 828 1410 sed
857 1354 1011 1429 tanquam
1038 1346 1164 1428 ρνὶυαιὶ
1195 1346 1305 1427 meent)
1324 1352 1370 1411 aut

186 1450 298 1514 consul
332 1450 397 1514 ullo
432 1450 530 1515 modo
559 1452 709 1533 pacatur
743 1451 865 1534 aliquid
899 1452 1017 1516 facere.
1070 1451 1248 1517 Postremo
1280 1472 1370 1534 neque

185 1556 297 1620 Cicero
320 1576 426 1637 neque
450 1557 623 1638 quisquam
647 1577 686 1621 ea
715 1561 812 1623 aetate
843 1557 895 1640 (ac
925 1578 968 1622 ne
999 1557 1103 1622 multo
1135 1558 1272 1640 quidem
1298 1557 1370 1640 post)

184 1662 313 1744 scripsit
334 1662 474 1747 βαφέων,
497 1670 532 1726 ut
553 1662 686 1745 faciam,
714 1684 821 1746 neque
839 1685 962 1748 poscor,
991 1672 1026 1729 at
1047 1663 1189 1746 faciam
1226 1664 1313 1729 aliud
1331 1668 1370 1729 est

185 1769 271 1833 enim
293 1769 423 1854 flogitor
445 1770 583 1851 simplex
611 1774 669 1835 aut
695 1769 825 1854 degitur
851 1792 928 1834 rem.
975 1769 1117 1835 Omnino
1148 1771 1238 1853 perit
1268 1772 1300 1836 in
1328 1771 1371 1836 illa

184 1876 460 1958 interpretatione,
485 1877 572 1958 quod
589 1882 688 1958 caput
703 1880 754 1941 est
769 1878 956 1951 sentenliae3
980 1876 1164 1942 ostenditur
1180 1880 1280 1954 enim,
1302 1878 1372 1943 adeo

185 1983 375 2048 constrictos
391 1984 498 2076 luisse
522 1984 680 2059 consuleS,
716 1987 753 2047 ut
780 2003 822 2047 ne
851 1983 985 2064 privatis
1014 1982 1147 2064 quidem
1177 1984 1266 2050 ultro
1292 1984 1370 2065 llagi·

184 2091 330 2154 tantibus
353 2091 490 2172 obsequi
515 2086 719 2172 auderent.¹)
759 2090 807 2155 Ac
830 2089 1016 2154 Wunderus
1035 2089 1276 2174 flagitaboatur
1297 2090 1372 2156 codi-

185 2216 258 2261 cum
293 2216 365 2262 esse
399 2197 594 2280 scripturam
628 2197 784 2280 putabat;
824 2196 976 2271 Orellius,
1012 2198 1067 2277 qui
1102 2216 1190 2273 eum,
1227 2201 1373 2279 unquam

184 2302 289 2367 omnis
312 2310 399 2369 esset
422 2304 553 2369 sublata
577 2304 760 2380 difficultas,
796 2307 927 2368 secutus
951 2307 1010 2380 est,
1044 2304 1077 2367 in
1106 2302 1229 2369 Bernn.
1254 2302 1374 2368 videbat

184 2429 255 2475 esse
288 2409 493 2495 flagitabant3
528 2411 615 2474 idem
646 2412 680 2474 in
711 2409 782 2475 cod.
806 2409 981 2474 Parisiensi
1011 2413 1061 2499 est
1090 2405 1139 2489 [et
1166 2410 1201 2474 in
1231 2409 1373 2474 Gemblu·

130 2531 169 2570 ⁴⁶⁸
184 2515 296 2598 censi}
343 2517 513 2581 Habemus
536 2516 633 2597 igitur
657 2536 730 2582 eam
754 2516 959 2598 scripturam,
989 2534 1088 2597 quam
1112 2516 1179 2579 iam
1204 2515 1373 2581 Lambinus

183 2622 345 2687 nonnullis
369 2624 501 2704 probari
525 2623 619 2687 dixit:
644 2625 708 2707 qai,
732 2644 827 2707 quum
850 2624 884 2685 in
907 2629 1019 2686 senam
1036 2622 1172 2705 privata]
1203 2629 1239 2685 ut
1270 2622 1308 2685 de
1334 2642 1373 2683 me

182 2731 352 2793 scotomiae
375 2730 522 2811 dicerent,
550 2728 750 2814 flagitabant,
783 2731 880 2813 legem
903 2730 952 2792 illi
975 2734 1047 2803 cet,
1079 2728 1112 2792 id
1136 2731 1198 2803 esi,
1232 2731 1270 2792 ut
1301 2748 1371 2792 non·

182 2835 261 2898 nulli
286 2838 503 2909 coniecerunt,
528 2839 697 2900 reverentias
724 2835 827 2898 (licere
856 2837 975 2907 ticceau
1009 2854 1087 2899 nam
1116 2854 1220 2915 quum
1251 2840 1372 2899 senten·

182 2943 245 3006 tias
269 2942 377 3007 dicere
400 2948 590 3007 senatorum
614 2949 710 3018 esset,
746 2961 853 3022 neque
884 2942 917 3004 id
948 2941 1017 3005 lieri
1050 2945 1162 3021 posset
1194 2942 1254 3006 nisi
1280 2942 1372 3023 magi·

183 3051 288 3111 stratu
319 3048 437 3130 aliquo,
474 3051 528 3130 qni
561 3049 696 3131 cogendi
726 3052 859 3113 senatus
891 3049 940 3111 ius
973 3047 1119 3123 haberet,
1156 3048 1319 3112 referente
1346 3051 1372 3111 et

182 3158 327 3234 rogante,
353 3155 438 3219 idem
464 3156 715 3236 intelligebatur,
740 3155 808 3218 sive
831 3154 953 3218 dictum
978 3158 1063 3217 erat:
1093 3162 1128 3217 ut
1150 3153 1241 3237 lipsi)
1264 3162 1372 3219 aemen-

67 3313 72 3322 .
181 3260 244 3321 tiae
267 3259 414 3336 dicerent,
439 3264 506 3326 sive
531 3263 689 3344 apertius:
713 3269 748 3325 ut
771 3260 874 3324 dicere
897 3261 1010 3332 liceret,
1035 3261 1118 3324 sive:
1148 3268 1182 3325 ut
1206 3260 1372 3344 (consulet

181 3374 340 3447 reparent.
387 3368 544 3450 Superest
575 3388 754 3450 pronomen
786 3368 836 3430 illl
866 3370 999 3448 propter
1027 3387 1111 3442 earn,
1147 3387 1248 3449 quam
1283 3367 1372 3449 signi·

182 3472 285 3549 tieavi,
310 3475 522 3555 oppositionis
546 3476 684 3555 figuram
708 3473 915 3538 abundanter
932 3473 1080 3537 additum
1099 3479 1176 3555 post
1192 3477 1257 3559 qui,
1281 3476 1372 3539 inter·

181 3579 288 3660 posita
316 3583 488 3658 sententia,
524 3581 802 3662 quemadmodum
835 3580 866 3644 in
899 3581 1195 3661 comparationell
1225 3582 1266 3645 de
1290 3580 1372 3646 Orat.

181 3687 234 3761 30,
261 3686 339 3751 130:
368 3688 484 3752 babere
506 3696 604 3751 certos
627 3689 716 3769 locos,
746 3690 810 3772 pul,
835 3695 868 3750 ul
892 3688 1004 3751 litterae
1028 3687 1072 3751 ad
1097 3687 1222 3750 verbam
1245 3687 1373 3751 scriben-

181 3792 267 3867 dum,
302 3796 347 3857 eie
377 3795 427 3858 illi
458 3794 502 3858 ad
532 3816 662 3858 caueam
693 3794 913 3878 eepllcercdam
943 3796 1048 3858 atatim
1074 3802 1253 3869 occurro-nt,
1289 3795 1373 3858 cuius

180 3899 285 3963 simile
308 3907 359 3964 est
383 3900 480 3964 Tusc.
505 3901 555 3976 lV,
583 3903 633 3975 14,
658 3902 716 3965 32:
746 3900 828 3985 qeeod
851 3902 1015 3984 inportari,
1045 3908 1079 3964 ut
1107 3922 1150 3964 rra
1182 3901 1373 3965 Coriallum

180 4006 215 4067 in
243 4007 426 4089 aeruginem,
460 4010 505 4071 sic
536 4008 584 4071 illi
616 4010 648 4070 in
680 4007 821 4070 rrrorbrem
853 4007 997 4070 incidant
1029 4007 1165 4071 tordius
1213 4005 1315 4088 [Add.
1338 4006 1373 4070 de

181 4111 230 4174 Re
254 4132 285 4193 p.
312 4111 379 4192 1Ιὲ
404 4114 456 4181 58.
482 4114 579 4176 Tuse.
604 4115 616 4177 l
640 4114 727 4193 540,
753 4113 793 4176 de
818 4113 913 4194 Legg.
940 4114 978 4177 lll
1003 4112 1020 4194 ἕ
1044 4114 1075 4177 5.
1123 4114 1223 4178 Extra
1247 4133 1374 4196 eompa-

181 4220 340 4282 ralionem
365 4238 497 4300 prorsus
522 4225 557 4282 ut
581 4221 612 4283 in
636 4221 795 4284 Sestianae
826 4221 896 4283 loco
920 4221 965 4284 sic
989 4221 1220 4303 superponitur
1243 4220 1374 4284 demon·

210 4461 229 4530 ¹)
248 4464 352 4519 Eadem
380 4471 421 4520 est
449 4466 613 4534 perversitas
641 4466 804 4523 coniectura
832 4466 996 4521 Manutianae
1020 4471 1153 4535 privatim
1179 4467 1376 4529 substituentis,

251 4568 335 4620 quam
355 4570 452 4608 omnes
470 4559 535 4608 ante
553 4555 724 4610 Wunderum
744 4557 830 4610 secuti
849 4561 936 4619 erant,
955 4556 1098 4610 Schuetzio
1117 4562 1241 4625 excepto.
