2948 5206
698 257 852 360 aar

170 491 276 573 quodin
298 491 447 556 codicum
470 491 616 556 omnium
645 494 807 574 scriptura
837 512 857 557 a
885 512 939 557 me
968 493 1102 558 defensa
1131 494 1241 576 inepte
1268 493 1331 558 dici

169 597 272 679 putabat
299 597 399 681 video,
435 599 517 685 quod
545 600 711 683 perspicio.
767 599 888 663 Verum
919 600 1041 681 optime
1072 599 1194 675 Cicero,
1229 619 1330 682 quum

169 703 251 768 lenes
270 722 339 769 rem
364 707 546 771 confectam
574 708 706 788 putaret
733 704 854 787 tabulis
878 705 1155 783 Mamertinorum,
1184 708 1329 789 opponit,

169 810 260 874 eh'amsi
281 812 314 875 in
337 811 400 877 illis
423 812 544 877 tabulis
567 812 646 876 nihil
671 813 721 889 sit,
748 811 858 897 videre
882 832 928 893 se,
952 812 985 877 id
1003 815 1063 889 est,
1087 832 1128 877 ex
1146 815 1192 878 rei
1211 818 1330 878 natura

169 914 318 999 htelligere,
339 917 415 999 ficri
432 920 571 1002 potuisse
594 919 726 1001 aliquid,
753 919 840 1001 quod
864 918 983 982 deinde
996 919 1120 1001 foetam
1135 939 1253 1004 quoquc
1268 905 1331 984 esse

168 1020 227 1087 dicat
244 1025 484 1107 se-perspicere
508 1044 548 1090 ex
571 1026 667 1089 certis
691 1025 834 1107 vestigiis
858 1025 1050 1089 litterarum.
1097 1025 1240 1089 Tantum
1265 1025 1329 1103 illa,

167 1148 216 1210 quc
237 1136 414 1214 sequuntur
446 1130 576 1214 (mutas
591 1133 748 1216 pecunias
771 1130 857 1213 cet),
895 1133 1118 1215 coniungenda
1149 1135 1226 1196 sunt
1256 1151 1330 1196 cum

122 1284 125 1295 .
167 1238 242 1302 urbis
260 1237 428 1320 proximis,
458 1241 617 1323 perspicio
650 1246 678 1302 ct
708 1239 880 1303 ostendam.
927 1239 1029 1304 Nimis
1061 1242 1111 1303 est
1141 1239 1227 1304 enim
1252 1238 1329 1303 arti·

123 1392 126 1399 .
166 1340 244 1409 iciosa
262 1344 355 1411 Bakii
374 1345 473 1410 ratio.
520 1345 586 1411 Sed
609 1345 666 1409 ubi
689 1345 791 1410 semel
816 1348 961 1410 erratum
985 1345 1019 1409 in
1042 1344 1152 1427 aliquo
1174 1347 1246 1411 loco
1270 1348 1329 1423 est,
1384 1340 1388 1349 “

166 1465 209 1514 rou
226 1451 312 1516 facile
335 1452 463 1517 reditur
485 1451 530 1518 ad
552 1452 826 1534 simplicissimam
852 1452 1045 1535 expediendi
1068 1451 1239 1517 rationem.

225 1557 254 1622 C.
277 1559 330 1637 22,
366 1559 409 1623 56
442 1559 611 1642 Zumptius
644 1580 684 1624 ex
715 1560 832 1625 eodem
865 1559 970 1624 Gueli.
999 1558 1107 1641 priore
1136 1558 1251 1624 edidit:
1287 1556 1332 1622 At

166 1658 244 1727 ictu
262 1665 389 1751 quidem
412 1685 472 1747 pro
495 1666 544 1729 Ac
568 1665 677 1730 Netini
700 1667 835 1751 quiden,
871 1670 1045 1749 propterea
1073 1666 1162 1748 quod
1184 1664 1331 1747 sequitur
1344 1680 1384 1723 su
1447 1717 1451 1726 .

165 1769 243 1835 stain
263 1773 296 1837 in
319 1772 438 1837 eadem
462 1773 634 1851 sententia,
670 1793 710 1837 ex
738 1772 833 1843 bonis
862 1773 952 1838 libris
975 1771 1127 1865 omnibus
1150 1775 1329 1853 receptum,

165 1893 190 1936 cc
203 1879 294 1953 amul,
328 1879 512 1962 habuitque
540 1880 777 1963 obsequentem
807 1879 979 1956 Orellium3
1014 1879 1142 1943 iniuria·
1188 1878 1272 1942 Nam
1297 1885 1331 1941 at

113 1970 115 1977 ’
164 1979 322 2068 hsimplici
346 1987 550 2068 oppositione
574 2006 634 2069 pro
656 1987 711 2051 scd
734 1986 982 2053 Ciceronianum
1005 2006 1072 2052 non
1095 1989 1154 2063 est,
1182 2004 1243 2079 nec
1267 1986 1330 2050 coit

113 2094 116 2179 ᾗ
165 2083 285 2156 hocloco
308 2112 384 2156 cum
414 2093 573 2174 particula
597 2094 737 2179 quidem
773 2116 875 2158 oc-
900 2092 1025 2177 quidem
1049 2091 1256 2202 aptissimum
1280 2095 1330 2156 est

113 2190 115 2195 ’
163 2197 283 2264 orationis
306 2199 530 2276 coherentia
553 2200 741 2282 adiungitru
764 2199 851 2264 enim
875 2199 1033 2282 superiori
1051 2198 1222 2263 sententiae
1240 2196 1330 2283 (qua-

131 2306 137 2321 '
163 2306 386 2370 maritatam
409 2312 543 2391 utraque
565 2306 724 2389 foederato
756 2304 822 2386 est),
858 2307 901 2383 id,
936 2306 1024 2387 quod
1051 2305 1244 2370 naturaliter
1273 2324 1330 2369 ex·
1449 2348 1452 2357 ·

163 2414 347 2490 stauretur,
389 2412 524 2501 Netinos
564 2398 682 2478 saliem
722 2413 848 2478 recisse.
905 2413 1008 2476 Nimis
1047 2412 1177 2477 aeirem
1217 2430 1330 2475 sumus

113 2568 116 2573 .
163 2509 291 2582 hlerdum
314 2519 349 2583 in
372 2521 565 2602 repetitione
589 2520 734 2585 eiusdem
759 2520 927 2602 particulae
943 2521 1087 2598 vitanda,
1112 2522 1148 2583 ut
1170 2519 1232 2583 hoc
1249 2518 1329 2596 lo'c0,

113 2654 115 2659 ·
163 2615 250 2704 'uquo
273 2625 402 2691 diverso
425 2630 563 2690 accentu
586 2627 815 2708 proferebatur
846 2629 878 2691 in
910 2627 1000 2691 initio
1032 2628 1202 2691 sententiae
1233 2630 1267 2690 et
1297 2627 1330 2689 in

163 2725 208 2791 eius
226 2731 371 2812 partibus
395 2732 576 2814 iungendis.
612 2734 676 2798 Sed
701 2734 804 2815 magis
820 2727 980 2815 improbo,
1006 2734 1093 2815 quod
1110 2737 1143 2798 et
1160 2733 1329 2815 Zumptius

113 2818 115 2903 l
163 2836 184 2895 et
198 2835 324 2903 Orellius
348 2838 575 2903 difficillimum
600 2841 716 2917 locum,
748 2842 801 2922 qui
832 2845 881 2904 est
907 2841 938 2904 in
962 2840 1079 2904 eodem
1103 2841 1210 2921 capite
1233 2837 1251 2920 ἕ
1276 2840 1329 2916 bl,

113 3004 115 3037 r
163 2940 207 3005 tun
225 2943 339 3010 leviter
359 2945 545 3027 expediunt.
592 2946 676 3010 Nam
707 2948 793 3028 quod
825 2956 859 3011 ut
889 2950 924 3012 in
954 2948 1084 3010 iudici-is
1115 2946 1226 3011 dicunt
1258 2966 1330 3011 esse

113 3048 116 3153 j
165 3046 198 3118 ,in
215 3052 339 3134 reliquis
363 3052 499 3129 iudiciis,
535 3053 756 3135 vulgaribus“,
792 3055 879 3118 unde
902 3055 963 3120 hoc
987 3054 1176 3135 intelligitur
1200 3059 1232 3118 et
1256 3072 1329 3135 quae

113 3232 115 3239 Ι
163 3158 194 3217 at
210 3156 271 3223 hac
295 3160 508 3241 comparatio,
545 3162 637 3241 quasi
669 3161 778 3224 Verris
811 3161 965 3225 iudicium
998 3181 1063 3225 non
1097 3162 1159 3224 sit?
1194 3160 1328 3236 Deinde,

162 3262 223 3337 quod
242 3268 344 3329 totam
367 3266 505 3330 alteram
531 3271 658 3348 partem
683 3268 853 3332 sententiae
877 3266 958 3350 (,sic
982 3269 1040 3331 tibi
1065 3268 1097 3331 in
1117 3286 1216 3331 causa
1235 3286 1330 3347 repe·

161 3364 316 3448 lucarum,
350 3391 451 3453 quum
475 3392 541 3437 non
564 3374 638 3455 plus
662 3394 728 3437 una
753 3374 882 3440 civitate
906 3375 1050 3439 invenire
1074 3393 1196 3456 posses,
1227 3373 1330 3437 multo

161 3466 296 3542 honestius
320 3477 383 3542 fuit
406 3476 504 3559 aelf)
528 3481 632 3544 audiri
656 3480 779 3557 volunt,
815 3481 951 3545 oblitum
984 3501 1056 3544 esse
1089 3485 1207 3563 putant
1239 3480 1330 3545 Cice-

160 3593 245 3647 ronem
260 3584 292 3649 id
308 3584 426 3657 dicere,
452 3587 540 3667 quod
563 3587 671 3651 dicere
696 3607 797 3669 quum
814 3590 956 3651 maxime
980 3588 1086 3664 vellet,
1110 3589 1217 3670 posita
1241 3606 1330 3651 com·
1402 3598 1406 3604 '

159 3690 298 3763 paratione
326 3694 360 3755 et
387 3695 458 3781 tota
487 3695 609 3775 protasi
639 3694 881 3758 accuratissime
911 3695 1114 3769 decurrente,
1151 3697 1187 3757 ut
1221 3712 1263 3757 ne
1297 3693 1331 3756 in

158 3788 382 3862 fauilarissimo
417 3799 550 3881 quidem
585 3820 735 3866 semrone
769 3803 868 3866 homo
903 3801 1072 3882 diligenter
1107 3801 1243 3881 loquens
1277 3799 1330 3862 hic
1371 3799 1396 3815 “’

157 3901 310 3968 orationem
326 3903 568 3987 interrupimus
586 3907 697 3984 suerit;
720 3928 799 3971 nam
816 3907 953 3972 oblitum
970 3926 1042 3971 esse
1058 3909 1202 3989 oportet3
1226 3905 1330 3988 ligura

153 4007 262 4085 (pridem
284 4011 457 4076 omittendi
481 4012 569 4076 nulla
595 4017 654 4077 est.
689 4014 756 4078 Nec
781 4034 829 4088 ea,
855 4033 928 4096 quae
945 4002 1126 4094 sequuntur
1141 4012 1220 4095 (quo
1236 4031 1330 4094 spec·

150 4112 226 4180 tabat
240 4117 375 4182 Manutii
392 4117 541 4200 conatus)
559 4121 835 4202 comparationem
856 4120 990 4196 habent,
1015 4120 1073 4183 sed
1090 4117 1330 4183 conclusionem

145 4238 179 4284 ex
199 4222 243 4301 iis,
265 4244 340 4306 quae
364 4227 441 4289 ante
464 4214 651 4290 dictasunt
674 4227 714 4291 de
738 4246 877 4291 numero
900 4226 1118 4291 laudatorum.
1165 4224 1331 4295 Confiten-

141 4327 210 4394 dum
233 4334 282 4396 est
305 4330 505 4413 simpliciter,
530 4333 647 4409 locum,
673 4338 709 4398 ut
732 4333 884 4426 scribitur
908 4333 1058 4398 maximis
1082 4331 1330 4397 auctoritatibus

137 4436 352 4515 oonfinnatus,
389 4439 533 4521 expediri
564 4458 630 4504 non
660 4459 766 4521 posse.
813 4440 968 4503 Mendum
1000 4439 1222 4503 videturesse
1246 4439 1330 4502 anti·

132 4544 321 4628 quissimum
348 4545 382 4608 in
405 4564 471 4609 uno
495 4536 655 4610 vocabulo
678 4546 824 4621 iudiciis;
858 4564 936 4610 nam
965 4565 1095 4627 quoquo
1123 4549 1157 4610 te
1184 4543 1330 4622 verteriS,
