<?xml version="1.0" encoding="UTF-8"?>
<!DOCTYPE html PUBLIC "-//W3C//DTD XHTML 1.0 Transitional//EN"
    "http://www.w3.org/TR/xhtml1/DTD/xhtml1-transitional.dtd">
<html xmlns="http://www.w3.org/1999/xhtml" xml:lang="en" lang="en">
 <head>
  <title>
</title>
<meta http-equiv="Content-Type" content="text/html;charset=utf-8" />
  <meta name='ocr-system' content='tesseract 3.04.00' />
  <meta name='ocr-capabilities' content='ocr_page ocr_carea ocr_par ocr_line ocrx_word'/>
</head>
<body>
  <div class='ocr_page' id='page_1' title='image "./ionicolaimadvig02madvgoog/ionicolaimadvig02madvgoog_0464.png"; bbox 0 0 2956 5190; ppageno 0'>
   <div class='ocr_carea' id='block_1_1' title="bbox 697 259 761 324">
    <p class='ocr_par' dir='ltr' id='par_1_1' title="bbox 697 259 761 324">
     <span class='ocr_line' id='line_1_1' title="bbox 697 259 761 324; baseline -0.016 0"><span class='ocrx_word' id='word_1_1' title='bbox 697 259 761 324; x_wconf 88' lang='grc'><strong>441</strong></span> 
     </span>
    </p>
   </div>
   <div class='ocr_carea' id='block_1_2' title="bbox 111 450 1373 4589">
    <p class='ocr_par' dir='ltr' id='par_1_2' title="bbox 111 450 1373 4589">
     <span class='ocr_line' id='line_1_2' title="bbox 132 450 1329 539; baseline 0.005 -22"><span class='ocrx_word' id='word_1_2' title='bbox 132 450 206 535; x_wconf 83' lang='lat'><strong>(51)</strong></span> <span class='ocrx_word' id='word_1_3' title='bbox 230 452 438 519; x_wconf 76' lang='lat' dir='ltr'><strong><em>Mamertinos</em></strong></span> <span class='ocrx_word' id='word_1_4' title='bbox 459 475 564 519; x_wconf 78' lang='lat' dir='ltr'><strong>ourues</strong></span> <span class='ocrx_word' id='word_1_5' title='bbox 587 453 717 519; x_wconf 89' lang='lat' dir='ltr'><strong>civitate</strong></span> <span class='ocrx_word' id='word_1_6' title='bbox 741 454 881 519; x_wconf 87' lang='lat' dir='ltr'><strong>donasse</strong></span> <span class='ocrx_word' id='word_1_7' title='bbox 904 460 1056 539; x_wconf 87' lang='lat' dir='ltr'><strong>putemus</strong></span> <span class='ocrx_word' id='word_1_8' title='bbox 1085 454 1131 539; x_wconf 87' lang='lat' dir='ltr'><strong>(id</strong></span> <span class='ocrx_word' id='word_1_9' title='bbox 1155 461 1214 534; x_wconf 88' lang='lat' dir='ltr'><strong>est,</strong></span> <span class='ocrx_word' id='word_1_10' title='bbox 1243 458 1329 523; x_wconf 86' lang='lat' dir='ltr'><strong>Mes·</strong></span> 
     </span>
     <span class='ocr_line' id='line_1_3' title="bbox 130 558 1329 647; baseline 0.003 -21"><span class='ocrx_word' id='word_1_11' title='bbox 130 580 224 626; x_wconf 87' lang='lat' dir='ltr'><strong>sanae</strong></span> <span class='ocrx_word' id='word_1_12' title='bbox 248 562 412 626; x_wconf 87' lang='lat' dir='ltr'><strong>civitatem</strong></span> <span class='ocrx_word' id='word_1_13' title='bbox 435 558 628 644; x_wconf 78' lang='lat' dir='ltr'><strong>sustulisse),</strong></span> <span class='ocrx_word' id='word_1_14' title='bbox 653 565 710 626; x_wconf 91' lang='lat' dir='ltr'><strong>aut</strong></span> <span class='ocrx_word' id='word_1_15' title='bbox 733 562 869 643; x_wconf 86' lang='lat' dir='ltr'><strong>vestigia</strong></span> <span class='ocrx_word' id='word_1_16' title='bbox 885 566 1037 646; x_wconf 87' lang='lat' dir='ltr'><strong>corrupta</strong></span> <span class='ocrx_word' id='word_1_17' title='bbox 1053 563 1192 628; x_wconf 89' lang='lat' dir='ltr'><strong>nominis</strong></span> <span class='ocrx_word' id='word_1_18' title='bbox 1208 566 1329 647; x_wconf 90' lang='lat' dir='ltr'><strong>proprii</strong></span> 
     </span>
     <span class='ocr_line' id='line_1_4' title="bbox 131 667 1328 750; baseline 0.003 -18"><span class='ocrx_word' id='word_1_19' title='bbox 131 667 312 745; x_wconf 79' lang='lat' dir='ltr'><strong>deleamus,</strong></span> <span class='ocrx_word' id='word_1_20' title='bbox 348 667 436 750; x_wconf 92' lang='lat' dir='ltr'><strong>quod</strong></span> <span class='ocrx_word' id='word_1_21' title='bbox 464 668 566 732; x_wconf 88' lang='lat' dir='ltr'><strong>infimi</strong></span> <span class='ocrx_word' id='word_1_22' title='bbox 595 668 712 734; x_wconf 90' lang='lat' dir='ltr'><strong>codicis</strong></span> <span class='ocrx_word' id='word_1_23' title='bbox 742 667 893 732; x_wconf 90' lang='lat' dir='ltr'><strong>librarius</strong></span> <span class='ocrx_word' id='word_1_24' title='bbox 917 686 996 732; x_wconf 88' lang='lat' dir='ltr'><strong>voce</strong></span> <span class='ocrx_word' id='word_1_25' title='bbox 1018 687 1084 733; x_wconf 92' lang='lat' dir='ltr'><strong>non</strong></span> <span class='ocrx_word' id='word_1_26' title='bbox 1108 669 1270 735; x_wconf 90' lang='lat' dir='ltr'><strong>intellecta</strong></span> <span class='ocrx_word' id='word_1_27' title='bbox 1293 690 1328 735; x_wconf 92' lang='lat' dir='ltr'><strong>se</strong></span> 
     </span>
     <span class='ocr_line' id='line_1_5' title="bbox 115 773 1329 857; baseline 0.003 -20"><span class='ocrx_word' id='word_1_28' title='bbox 115 773 289 850; x_wconf 80' lang='lat' dir='ltr'><strong>liberarit.</strong></span> <span class='ocrx_word' id='word_1_29' title='bbox 335 775 489 840; x_wconf 86' lang='lat' dir='ltr'><strong>Extremo</strong></span> <span class='ocrx_word' id='word_1_30' title='bbox 520 775 626 857; x_wconf 90' lang='lat' dir='ltr'><strong>capite</strong></span> <span class='ocrx_word' id='word_1_31' title='bbox 657 775 788 857; x_wconf 87' lang='lat' dir='ltr'><strong>gravius</strong></span> <span class='ocrx_word' id='word_1_32' title='bbox 819 775 975 839; x_wconf 88' lang='lat' dir='ltr'><strong>mendum</strong></span> <span class='ocrx_word' id='word_1_33' title='bbox 1007 775 1133 850; x_wconf 90' lang='lat' dir='ltr'><strong>subest;</strong></span> <span class='ocrx_word' id='word_1_34' title='bbox 1168 796 1246 841; x_wconf 88' lang='lat' dir='ltr'><strong>nam</strong></span> <span class='ocrx_word' id='word_1_35' title='bbox 1269 796 1329 841; x_wconf 89' lang='lat' dir='ltr'><strong>nec</strong></span> 
     </span>
     <span class='ocr_line' id='line_1_6' title="bbox 133 879 1329 967; baseline 0.003 -22"><span class='ocrx_word' id='word_1_36' title='bbox 133 879 259 945; x_wconf 82' lang='lat' dir='ltr'><strong>Ennius</strong></span> <span class='ocrx_word' id='word_1_37' title='bbox 276 882 371 946; x_wconf 89' lang='lat' dir='ltr'><strong>dixit:</strong></span> <span class='ocrx_word' id='word_1_38' title='bbox 395 883 537 967; x_wconf 80' lang='lat' dir='ltr'><strong>quisquis</strong></span> <span class='ocrx_word' id='word_1_39' title='bbox 553 883 622 962; x_wconf 81' lang='lat' dir='ltr'><strong>erit,</strong></span> <span class='ocrx_word' id='word_1_40' title='bbox 645 881 760 944; x_wconf 81' lang='lat' dir='ltr'><strong>cuiatis</strong></span> <span class='ocrx_word' id='word_1_41' title='bbox 775 881 842 956; x_wconf 85' lang='lat' dir='ltr'><strong>siet,</strong></span> <span class='ocrx_word' id='word_1_42' title='bbox 867 883 965 946; x_wconf 91' lang='lat' dir='ltr'><strong>modo</strong></span> <span class='ocrx_word' id='word_1_43' title='bbox 981 882 1072 947; x_wconf 79' lang='lat' dir='ltr'><strong>verbi</strong></span> <span class='ocrx_word' id='word_1_44' title='bbox 1088 902 1188 965; x_wconf 81' lang='lat' dir='ltr'><strong>prave</strong></span> <span class='ocrx_word' id='word_1_45' title='bbox 1205 883 1329 948; x_wconf 87' lang='lat' dir='ltr'><strong>variato</strong></span> 
     </span>
     <span class='ocr_line' id='line_1_7' title="bbox 134 967 1330 1073; baseline 0.001 -22"><span class='ocrx_word' id='word_1_46' title='bbox 134 991 168 1051; x_wconf 87' lang='lat' dir='ltr'><strong>et</strong></span> <span class='ocrx_word' id='word_1_47' title='bbox 192 987 397 1059; x_wconf 85' lang='lat' dir='ltr'><strong>coniunctivo</strong></span> <span class='ocrx_word' id='word_1_48' title='bbox 420 989 549 1066; x_wconf 88' lang='lat' dir='ltr'><strong>soloeco,</strong></span> <span class='ocrx_word' id='word_1_49' title='bbox 586 1007 646 1052; x_wconf 90' lang='lat' dir='ltr'><strong>nec</strong></span> <span class='ocrx_word' id='word_1_50' title='bbox 674 988 791 1050; x_wconf 82' lang='lat' dir='ltr'><strong>cuiatis</strong></span> <span class='ocrx_word' id='word_1_51' title='bbox 819 993 869 1051; x_wconf 87' lang='lat' dir='ltr'><strong>est</strong></span> <span class='ocrx_word' id='word_1_52' title='bbox 891 967 1135 1073; x_wconf 82' lang='lat' dir='ltr'><strong>cuiatiscuuque,</strong></span> <span class='ocrx_word' id='word_1_53' title='bbox 1171 993 1204 1052; x_wconf 90' lang='lat' dir='ltr'><strong>et</strong></span> <span class='ocrx_word' id='word_1_54' title='bbox 1226 1009 1330 1053; x_wconf 81' lang='lat' dir='ltr'><strong>orrrrres</strong></span> 
     </span>
     <span class='ocr_line' id='line_1_8' title="bbox 130 1089 1328 1177; baseline 0.001 -19"><span class='ocrx_word' id='word_1_55' title='bbox 130 1112 195 1176; x_wconf 92' lang='lat' dir='ltr'><strong>pro</strong></span> <span class='ocrx_word' id='word_1_56' title='bbox 216 1093 282 1172; x_wconf 79' lang='lat' dir='ltr'><strong>troc,</strong></span> <span class='ocrx_word' id='word_1_57' title='bbox 307 1095 394 1177; x_wconf 92' lang='lat' dir='ltr'><strong>quod</strong></span> <span class='ocrx_word' id='word_1_58' title='bbox 416 1094 541 1159; x_wconf 88' lang='lat' dir='ltr'><strong>habent</strong></span> <span class='ocrx_word' id='word_1_59' title='bbox 564 1113 677 1159; x_wconf 90' lang='lat' dir='ltr'><strong>omnes</strong></span> <span class='ocrx_word' id='word_1_60' title='bbox 701 1092 795 1157; x_wconf 89' lang='lat' dir='ltr'><strong>codd.</strong></span> <span class='ocrx_word' id='word_1_61' title='bbox 819 1089 935 1173; x_wconf 86' lang='lat' dir='ltr'><strong>[eliam</strong></span> <span class='ocrx_word' id='word_1_62' title='bbox 958 1092 1040 1175; x_wconf 84' lang='lat' dir='ltr'><strong>AB],</strong></span> <span class='ocrx_word' id='word_1_63' title='bbox 1065 1093 1227 1159; x_wconf 87' lang='lat' dir='ltr'><strong>levissime</strong></span> <span class='ocrx_word' id='word_1_64' title='bbox 1249 1096 1328 1159; x_wconf 90' lang='lat' dir='ltr'><strong>sub·</strong></span> 
     </span>
     <span class='ocr_line' id='line_1_9' title="bbox 129 1199 1330 1286; baseline 0.002 -23"><span class='ocrx_word' id='word_1_65' title='bbox 129 1199 282 1265; x_wconf 85' lang='lat' dir='ltr'><strong>stitutum</strong></span> <span class='ocrx_word' id='word_1_66' title='bbox 312 1205 372 1266; x_wconf 90' lang='lat' dir='ltr'><strong>est.</strong></span> <span class='ocrx_word' id='word_1_67' title='bbox 407 1203 485 1286; x_wconf 34' lang='lat' dir='ltr'><strong>,Aut</strong></span> <span class='ocrx_word' id='word_1_68' title='bbox 515 1202 609 1266; x_wconf 86' lang='lat' dir='ltr'><strong>Ennii</strong></span> <span class='ocrx_word' id='word_1_69' title='bbox 640 1200 763 1282; x_wconf 84' lang='lat' dir='ltr'><strong>aliquot</strong></span> <span class='ocrx_word' id='word_1_70' title='bbox 794 1200 895 1264; x_wconf 89' lang='lat' dir='ltr'><strong>verba</strong></span> <span class='ocrx_word' id='word_1_71' title='bbox 926 1204 1000 1281; x_wconf 91' lang='lat' dir='ltr'><strong>post</strong></span> <span class='ocrx_word' id='word_1_72' title='bbox 1030 1202 1088 1264; x_wconf 81' lang='lat' dir='ltr'><strong>siet</strong></span> <span class='ocrx_word' id='word_1_73' title='bbox 1118 1200 1258 1277; x_wconf 88' lang='lat' dir='ltr'><strong>fuerunt,</strong></span> <span class='ocrx_word' id='word_1_74' title='bbox 1293 1206 1330 1265; x_wconf 87' lang='lat' dir='ltr'><strong>ut</strong></span> 
     </span>
     <span class='ocr_line' id='line_1_10' title="bbox 130 1306 1329 1390; baseline 0 -19"><span class='ocrx_word' id='word_1_75' title='bbox 130 1306 297 1373; x_wconf 85' lang='lat' dir='ltr'><strong>Ciceronis</strong></span> <span class='ocrx_word' id='word_1_76' title='bbox 321 1309 500 1390; x_wconf 77' lang='lat' dir='ltr'><strong>inciperent</strong></span> <span class='ocrx_word' id='word_1_77' title='bbox 523 1308 566 1372; x_wconf 90' lang='lat' dir='ltr'><strong>ab</strong></span> <span class='ocrx_word' id='word_1_78' title='bbox 589 1307 703 1371; x_wconf 77' lang='lat' dir='ltr'><strong>habens</strong></span> <span class='ocrx_word' id='word_1_79' title='bbox 726 1306 790 1384; x_wconf 81' lang='lat' dir='ltr'><strong>boc,</strong></span> <span class='ocrx_word' id='word_1_80' title='bbox 820 1307 1000 1371; x_wconf 90' lang='lat' dir='ltr'><strong>autetiam</strong></span> <span class='ocrx_word' id='word_1_81' title='bbox 1029 1309 1143 1371; x_wconf 86' lang='lat' dir='ltr'><strong>cuiatis</strong></span> <span class='ocrx_word' id='word_1_82' title='bbox 1167 1307 1329 1373; x_wconf 85' lang='lat' dir='ltr'><strong>Ciceronis</strong></span> 
     </span>
     <span class='ocr_line' id='line_1_11' title="bbox 130 1412 1329 1496; baseline 0.002 -20"><span class='ocrx_word' id='word_1_83' title='bbox 130 1412 205 1490; x_wconf 87' lang='lat' dir='ltr'><strong>fuit,</strong></span> <span class='ocrx_word' id='word_1_84' title='bbox 229 1414 388 1496; x_wconf 83' lang='lat' dir='ltr'><strong>pluraque</strong></span> <span class='ocrx_word' id='word_1_85' title='bbox 412 1414 610 1479; x_wconf 86' lang='lat' dir='ltr'><strong>exciderunt.</strong></span> <span class='ocrx_word' id='word_1_86' title='bbox 658 1412 823 1495; x_wconf 86' lang='lat' dir='ltr'><strong>[Proxime</strong></span> <span class='ocrx_word' id='word_1_87' title='bbox 855 1414 898 1478; x_wconf 88' lang='lat' dir='ltr'><strong>ad</strong></span> <span class='ocrx_word' id='word_1_88' title='bbox 925 1433 1039 1479; x_wconf 83' lang='lat' dir='ltr'><strong>verum</strong></span> <span class='ocrx_word' id='word_1_89' title='bbox 1063 1414 1236 1480; x_wconf 90' lang='lat' dir='ltr'><strong>accesserit</strong></span> <span class='ocrx_word' id='word_1_90' title='bbox 1259 1413 1329 1478; x_wconf 86' lang='lat' dir='ltr'><strong>haec</strong></span> 
     </span>
     <span class='ocr_line' id='line_1_12' title="bbox 131 1514 1328 1606; baseline 0 -22"><span class='ocrx_word' id='word_1_91' title='bbox 131 1514 311 1602; x_wconf 83' lang='lat' dir='ltr'><strong>scriptura:</strong></span> <span class='ocrx_word' id='word_1_92' title='bbox 346 1523 436 1585; x_wconf 85' lang='lat' dir='ltr'><strong>cuius</strong></span> <span class='ocrx_word' id='word_1_93' title='bbox 465 1523 536 1606; x_wconf 83' lang='lat' dir='ltr'><strong>quis</strong></span> <span class='ocrx_word' id='word_1_94' title='bbox 566 1522 633 1601; x_wconf 83' lang='lat' dir='ltr'><strong>siet,</strong></span> <span class='ocrx_word' id='word_1_95' title='bbox 669 1519 704 1583; x_wconf 85' lang='lat' dir='ltr'><strong>id</strong></span> <span class='ocrx_word' id='word_1_96' title='bbox 736 1520 850 1584; x_wconf 76' lang='lat' dir='ltr'><strong>liabent</strong></span> <span class='ocrx_word' id='word_1_97' title='bbox 879 1542 962 1584; x_wconf 81' lang='lat' dir='ltr'><strong>rruuc</strong></span> <span class='ocrx_word' id='word_1_98' title='bbox 993 1519 1072 1602; x_wconf 85' lang='lat' dir='ltr'><strong>(aut,</strong></span> <span class='ocrx_word' id='word_1_99' title='bbox 1109 1524 1144 1583; x_wconf 90' lang='lat' dir='ltr'><strong>ut</strong></span> <span class='ocrx_word' id='word_1_100' title='bbox 1167 1519 1328 1598; x_wconf 79' lang='lat' dir='ltr'><strong>HalminS,</strong></span> 
     </span>
     <span class='ocr_line' id='line_1_13' title="bbox 130 1623 746 1712; baseline 0.003 -24"><span class='ocrx_word' id='word_1_101' title='bbox 130 1623 239 1707; x_wconf 81' lang='lat' dir='ltr'><strong>bodie)</strong></span> <span class='ocrx_word' id='word_1_102' title='bbox 262 1627 326 1690; x_wconf 85' lang='lat' dir='ltr'><strong>leve</strong></span> <span class='ocrx_word' id='word_1_103' title='bbox 348 1635 376 1692; x_wconf 90' lang='lat' dir='ltr'><strong>et</strong></span> <span class='ocrx_word' id='word_1_104' title='bbox 398 1649 520 1712; x_wconf 83' lang='lat' dir='ltr'><strong>semper</strong></span> <span class='ocrx_word' id='word_1_105' title='bbox 542 1626 746 1708; x_wconf 79' lang='lat' dir='ltr'><strong>tabuerunt]</strong></span> 
     </span>
     <span class='ocr_line' id='line_1_14' title="bbox 222 1726 1331 1815; baseline 0 -18"><span class='ocrx_word' id='word_1_106' title='bbox 222 1726 387 1815; x_wconf 84' lang='lat' dir='ltr'><strong>incapite</strong></span> <span class='ocrx_word' id='word_1_107' title='bbox 411 1734 464 1810; x_wconf 77' lang='lat'><strong>23,</strong></span> <span class='ocrx_word' id='word_1_108' title='bbox 489 1735 532 1798; x_wconf 79' lang='lat'><strong>52</strong></span> <span class='ocrx_word' id='word_1_109' title='bbox 566 1734 710 1799; x_wconf 89' lang='lat' dir='ltr'><strong>tollenda</strong></span> <span class='ocrx_word' id='word_1_110' title='bbox 745 1739 794 1798; x_wconf 87' lang='lat' dir='ltr'><strong>est</strong></span> <span class='ocrx_word' id='word_1_111' title='bbox 828 1733 1034 1814; x_wconf 77' lang='lat' dir='ltr'><strong>interpolatio</strong></span> <span class='ocrx_word' id='word_1_112' title='bbox 1062 1733 1094 1796; x_wconf 92' lang='lat' dir='ltr'><strong>in</strong></span> <span class='ocrx_word' id='word_1_113' title='bbox 1125 1732 1281 1798; x_wconf 78' lang='lat' dir='ltr'><strong>editiones</strong></span> <span class='ocrx_word' id='word_1_114' title='bbox 1311 1753 1331 1797; x_wconf 88' lang='lat' dir='ltr'><strong>a</strong></span> 
     </span>
     <span class='ocr_line' id='line_1_15' title="bbox 131 1837 1330 1922; baseline -0.002 -19"><span class='ocrx_word' id='word_1_115' title='bbox 131 1838 272 1905; x_wconf 87' lang='lat' dir='ltr'><strong>Grutero</strong></span> <span class='ocrx_word' id='word_1_116' title='bbox 297 1860 336 1903; x_wconf 88' lang='lat' dir='ltr'><strong>ex</strong></span> <span class='ocrx_word' id='word_1_117' title='bbox 359 1840 483 1922; x_wconf 83' lang='lat' dir='ltr'><strong>aliquot</strong></span> <span class='ocrx_word' id='word_1_118' title='bbox 506 1841 599 1905; x_wconf 88' lang='lat' dir='ltr'><strong>codd.</strong></span> <span class='ocrx_word' id='word_1_119' title='bbox 623 1841 761 1906; x_wconf 86' lang='lat' dir='ltr'><strong>invecta.</strong></span> <span class='ocrx_word' id='word_1_120' title='bbox 808 1840 923 1905; x_wconf 86' lang='lat' dir='ltr'><strong>Editur</strong></span> <span class='ocrx_word' id='word_1_121' title='bbox 945 1839 1048 1903; x_wconf 88' lang='lat' dir='ltr'><strong>enim:</strong></span> <span class='ocrx_word' id='word_1_122' title='bbox 1081 1837 1177 1902; x_wconf 78' lang='lat' dir='ltr'><strong>liniti</strong></span> <span class='ocrx_word' id='word_1_123' title='bbox 1199 1841 1234 1902; x_wconf 88' lang='lat' dir='ltr'><strong>iu</strong></span> <span class='ocrx_word' id='word_1_124' title='bbox 1256 1840 1330 1902; x_wconf 85' lang='lat' dir='ltr'><strong>ciui·</strong></span> 
     </span>
     <span class='ocr_line' id='line_1_16' title="bbox 130 1943 1330 2032; baseline -0.002 -23"><span class='ocrx_word' id='word_1_125' title='bbox 130 1952 229 2009; x_wconf 82' lang='lat' dir='ltr'><strong>tutem</strong></span> <span class='ocrx_word' id='word_1_126' title='bbox 251 1949 366 2032; x_wconf 81' lang='lat' dir='ltr'><strong>recepti</strong></span> <span class='ocrx_word' id='word_1_127' title='bbox 389 1968 427 2010; x_wconf 72' lang='lat' dir='ltr'><strong>ecc</strong></span> <span class='ocrx_word' id='word_1_128' title='bbox 449 1946 557 2011; x_wconf 84' lang='lat' dir='ltr'><strong>liberis</strong></span> <span class='ocrx_word' id='word_1_129' title='bbox 578 1947 804 2032; x_wconf 72' lang='lat' dir='ltr'><strong>foederatisque</strong></span> <span class='ocrx_word' id='word_1_130' title='bbox 821 1947 950 2031; x_wconf 83' lang='lat' dir='ltr'><strong>populis</strong></span> <span class='ocrx_word' id='word_1_131' title='bbox 972 1953 1044 2009; x_wconf 81' lang='lat' dir='ltr'><strong>socru</strong></span> <span class='ocrx_word' id='word_1_132' title='bbox 1067 1944 1202 2008; x_wconf 82' lang='lat' dir='ltr'><strong>liberati.</strong></span> <span class='ocrx_word' id='word_1_133' title='bbox 1238 1943 1330 2008; x_wconf 84' lang='lat' dir='ltr'><strong>Libe·</strong></span> 
     </span>
     <span class='ocr_line' id='line_1_17' title="bbox 131 2051 1329 2136; baseline -0.001 -22"><span class='ocrx_word' id='word_1_134' title='bbox 131 2053 202 2114; x_wconf 87' lang='lat' dir='ltr'><strong>rati</strong></span> <span class='ocrx_word' id='word_1_135' title='bbox 232 2052 430 2136; x_wconf 88' lang='lat' dir='ltr'><strong>intelligendi</strong></span> <span class='ocrx_word' id='word_1_136' title='bbox 458 2057 553 2118; x_wconf 87' lang='lat' dir='ltr'><strong>erunt</strong></span> <span class='ocrx_word' id='word_1_137' title='bbox 588 2054 730 2131; x_wconf 80' lang='lat' dir='ltr'><strong>absoluti,</strong></span> <span class='ocrx_word' id='word_1_138' title='bbox 747 2074 830 2136; x_wconf 76' lang='lat' dir='ltr'><strong>,quo</strong></span> <span class='ocrx_word' id='word_1_139' title='bbox 865 2052 1046 2135; x_wconf 87' lang='lat' dir='ltr'><strong>significatu</strong></span> <span class='ocrx_word' id='word_1_140' title='bbox 1080 2051 1158 2115; x_wconf 92' lang='lat' dir='ltr'><strong>illud</strong></span> <span class='ocrx_word' id='word_1_141' title='bbox 1194 2051 1329 2114; x_wconf 87' lang='lat' dir='ltr'><strong>verbum</strong></span> 
     </span>
     <span class='ocr_line' id='line_1_18' title="bbox 132 2152 1331 2242; baseline 0 -22"><span class='ocrx_word' id='word_1_142' title='bbox 132 2157 247 2224; x_wconf 89' lang='lat' dir='ltr'><strong>Cicero</strong></span> <span class='ocrx_word' id='word_1_143' title='bbox 270 2152 378 2242; x_wconf 89' lang='lat' dir='ltr'><strong>posuit</strong></span> <span class='ocrx_word' id='word_1_144' title='bbox 401 2179 461 2241; x_wconf 91' lang='lat' dir='ltr'><strong>pro</strong></span> <span class='ocrx_word' id='word_1_145' title='bbox 489 2160 637 2227; x_wconf 90' lang='lat' dir='ltr'><strong>Cluentio</strong></span> <span class='ocrx_word' id='word_1_146' title='bbox 661 2182 688 2226; x_wconf 92' lang='lat' dir='ltr'><strong>c.</strong></span> <span class='ocrx_word' id='word_1_147' title='bbox 713 2162 765 2239; x_wconf 75' lang='lat'><strong>22,</strong></span> <span class='ocrx_word' id='word_1_148' title='bbox 790 2161 843 2238; x_wconf 84' lang='grc'><strong>60,</strong></span> <span class='ocrx_word' id='word_1_149' title='bbox 868 2179 979 2241; x_wconf 77' lang='lat' dir='ltr'><strong>(prum,</strong></span> <span class='ocrx_word' id='word_1_150' title='bbox 1003 2157 1208 2239; x_wconf 84' lang='lat' dir='ltr'><strong>praecedente</strong></span> <span class='ocrx_word' id='word_1_151' title='bbox 1233 2157 1331 2221; x_wconf 83' lang='lat' dir='ltr'><strong>obsol-</strong></span> 
     </span>
     <span class='ocr_line' id='line_1_19' title="bbox 132 2264 1330 2349; baseline 0.001 -23"><span class='ocrx_word' id='word_1_152' title='bbox 132 2271 254 2341; x_wconf 83' lang='lat' dir='ltr'><strong>oerent,</strong></span> <span class='ocrx_word' id='word_1_153' title='bbox 290 2265 353 2331; x_wconf 90' lang='lat' dir='ltr'><strong>alio</strong></span> <span class='ocrx_word' id='word_1_154' title='bbox 387 2266 489 2331; x_wconf 86' lang='lat' dir='ltr'><strong>verbo</strong></span> <span class='ocrx_word' id='word_1_155' title='bbox 524 2269 570 2331; x_wconf 93' lang='lat' dir='ltr'><strong>uti</strong></span> <span class='ocrx_word' id='word_1_156' title='bbox 606 2271 784 2349; x_wconf 82' lang='lat' dir='ltr'><strong>cogeretur.</strong></span> <span class='ocrx_word' id='word_1_157' title='bbox 842 2266 925 2330; x_wconf 90' lang='lat' dir='ltr'><strong>Mira</strong></span> <span class='ocrx_word' id='word_1_158' title='bbox 959 2269 1009 2329; x_wconf 92' lang='lat' dir='ltr'><strong>est</strong></span> <span class='ocrx_word' id='word_1_159' title='bbox 1043 2267 1153 2328; x_wconf 89' lang='lat' dir='ltr'><strong>autem</strong></span> <span class='ocrx_word' id='word_1_160' title='bbox 1188 2264 1330 2328; x_wconf 85' lang='lat' dir='ltr'><strong>brevitas</strong></span> 
     </span>
     <span class='ocr_line' id='line_1_20' title="bbox 133 2370 1331 2449; baseline 0.001 -16"><span class='ocrx_word' id='word_1_161' title='bbox 133 2370 333 2449; x_wconf 90' lang='lat' dir='ltr'><strong>elocutionis,</strong></span> <span class='ocrx_word' id='word_1_162' title='bbox 369 2374 491 2438; x_wconf 91' lang='lat' dir='ltr'><strong>omissa</strong></span> <span class='ocrx_word' id='word_1_163' title='bbox 523 2373 737 2438; x_wconf 87' lang='lat' dir='ltr'><strong>accusationis</strong></span> <span class='ocrx_word' id='word_1_164' title='bbox 769 2376 802 2437; x_wconf 92' lang='lat' dir='ltr'><strong>et</strong></span> <span class='ocrx_word' id='word_1_165' title='bbox 829 2371 971 2436; x_wconf 90' lang='lat' dir='ltr'><strong>criminis</strong></span> <span class='ocrx_word' id='word_1_166' title='bbox 1000 2371 1180 2446; x_wconf 85' lang='lat' dir='ltr'><strong>mentione;</strong></span> <span class='ocrx_word' id='word_1_167' title='bbox 1215 2371 1331 2434; x_wconf 77' lang='lat' dir='ltr'><strong>vitiosa</strong></span> 
     </span>
     <span class='ocr_line' id='line_1_21' title="bbox 133 2476 1330 2558; baseline 0 -18"><span class='ocrx_word' id='word_1_168' title='bbox 133 2476 250 2555; x_wconf 78' lang='lat' dir='ltr'><strong>etiam3</strong></span> <span class='ocrx_word' id='word_1_169' title='bbox 277 2499 354 2543; x_wconf 89' lang='lat' dir='ltr'><strong>narn</strong></span> <span class='ocrx_word' id='word_1_170' title='bbox 378 2480 498 2545; x_wconf 91' lang='lat' dir='ltr'><strong>multos</strong></span> <span class='ocrx_word' id='word_1_171' title='bbox 523 2484 704 2557; x_wconf 85' lang='lat' dir='ltr'><strong>accusatos,</strong></span> <span class='ocrx_word' id='word_1_172' title='bbox 733 2479 901 2544; x_wconf 87' lang='lat' dir='ltr'><strong>absolutos</strong></span> <span class='ocrx_word' id='word_1_173' title='bbox 924 2497 1037 2543; x_wconf 91' lang='lat' dir='ltr'><strong>omnes</strong></span> <span class='ocrx_word' id='word_1_174' title='bbox 1062 2477 1124 2541; x_wconf 92' lang='lat' dir='ltr'><strong>dici</strong></span> <span class='ocrx_word' id='word_1_175' title='bbox 1147 2477 1330 2558; x_wconf 88' lang='lat' dir='ltr'><strong>oportebat.</strong></span> 
     </span>
     <span class='ocr_line' id='line_1_22' title="bbox 132 2582 1331 2667; baseline 0.002 -22"><span class='ocrx_word' id='word_1_176' title='bbox 132 2582 217 2648; x_wconf 90' lang='lat' dir='ltr'><strong>Illud</strong></span> <span class='ocrx_word' id='word_1_177' title='bbox 240 2604 369 2666; x_wconf 90' lang='lat' dir='ltr'><strong>quoque</strong></span> <span class='ocrx_word' id='word_1_178' title='bbox 392 2587 552 2651; x_wconf 88' lang='lat' dir='ltr'><strong>rationem</strong></span> <span class='ocrx_word' id='word_1_179' title='bbox 576 2586 769 2663; x_wconf 89' lang='lat' dir='ltr'><strong>nonhabet,</strong></span> <span class='ocrx_word' id='word_1_180' title='bbox 794 2585 881 2667; x_wconf 88' lang='lat' dir='ltr'><strong>quod</strong></span> <span class='ocrx_word' id='word_1_181' title='bbox 898 2584 1125 2667; x_wconf 84' lang='lat' dir='ltr'><strong>gravissimum</strong></span> <span class='ocrx_word' id='word_1_182' title='bbox 1149 2584 1211 2648; x_wconf 92' lang='lat' dir='ltr'><strong>hoc</strong></span> <span class='ocrx_word' id='word_1_183' title='bbox 1235 2602 1331 2664; x_wconf 87' lang='lat' dir='ltr'><strong>argu·</strong></span> 
     </span>
     <span class='ocr_line' id='line_1_23' title="bbox 132 2679 1330 2775; baseline -0.002 -21"><span class='ocrx_word' id='word_1_184' title='bbox 132 2695 283 2755; x_wconf 84' lang='lat' dir='ltr'><strong>mentum</strong></span> <span class='ocrx_word' id='word_1_185' title='bbox 306 2693 450 2757; x_wconf 89' lang='lat' dir='ltr'><strong>secundo</strong></span> <span class='ocrx_word' id='word_1_186' title='bbox 474 2693 544 2759; x_wconf 90' lang='lat' dir='ltr'><strong>loco</strong></span> <span class='ocrx_word' id='word_1_187' title='bbox 567 2695 684 2775; x_wconf 83' lang='lat' dir='ltr'><strong>posuit,</strong></span> <span class='ocrx_word' id='word_1_188' title='bbox 710 2711 750 2756; x_wconf 85' lang='lat' dir='ltr'><strong>ex</strong></span> <span class='ocrx_word' id='word_1_189' title='bbox 773 2691 811 2755; x_wconf 92' lang='lat' dir='ltr'><strong>iis</strong></span> <span class='ocrx_word' id='word_1_190' title='bbox 826 2695 1004 2772; x_wconf 88' lang='lat' dir='ltr'><strong>sumptum,</strong></span> <span class='ocrx_word' id='word_1_191' title='bbox 1028 2689 1084 2772; x_wconf 91' lang='lat' dir='ltr'><strong>qui</strong></span> <span class='ocrx_word' id='word_1_192' title='bbox 1100 2679 1176 2753; x_wconf 81' lang='lat' dir='ltr'><strong>v&#39;ere</strong></span> <span class='ocrx_word' id='word_1_193' title='bbox 1191 2687 1330 2753; x_wconf 88' lang='lat' dir='ltr'><strong>absolnt&#39;</strong></span> 
     </span>
     <span class='ocr_line' id='line_1_24' title="bbox 133 2796 1333 2881; baseline -0.003 -20"><span class='ocrx_word' id='word_1_194' title='bbox 133 2802 255 2877; x_wconf 88' lang='lat' dir='ltr'><strong>essent,</strong></span> <span class='ocrx_word' id='word_1_195' title='bbox 278 2799 384 2881; x_wconf 90' lang='lat' dir='ltr'><strong>primo</strong></span> <span class='ocrx_word' id='word_1_196' title='bbox 407 2802 517 2864; x_wconf 87' lang='lat' dir='ltr'><strong>autem</strong></span> <span class='ocrx_word' id='word_1_197' title='bbox 543 2800 637 2865; x_wconf 88' lang='lat' dir='ltr'><strong>valde</strong></span> <span class='ocrx_word' id='word_1_198' title='bbox 660 2799 806 2875; x_wconf 89' lang='lat' dir='ltr'><strong>dubium,</strong></span> <span class='ocrx_word' id='word_1_199' title='bbox 831 2818 871 2862; x_wconf 85' lang='lat' dir='ltr'><strong>ex</strong></span> <span class='ocrx_word' id='word_1_200' title='bbox 895 2818 943 2875; x_wconf 89' lang='lat' dir='ltr'><strong>oo,</strong></span> <span class='ocrx_word' id='word_1_201' title='bbox 968 2797 1055 2879; x_wconf 91' lang='lat' dir='ltr'><strong>quod</strong></span> <span class='ocrx_word' id='word_1_202' title='bbox 1078 2796 1177 2877; x_wconf 92' lang='lat' dir='ltr'><strong>aliqui</strong></span> <span class='ocrx_word' id='word_1_203' title='bbox 1200 2801 1333 2877; x_wconf 88' lang='lat' dir='ltr'><strong>propter</strong></span> 
     </span>
     <span class='ocr_line' id='line_1_25' title="bbox 111 2903 1332 2983; baseline -0.003 -15"><span class='ocrx_word' id='word_1_204' title='bbox 111 2906 222 2968; x_wconf 83' lang='lat' dir='ltr'><strong>buno</strong></span> <span class='ocrx_word' id='word_1_205' title='bbox 255 2905 398 2971; x_wconf 89' lang='lat' dir='ltr'><strong>iudicum</strong></span> <span class='ocrx_word' id='word_1_206' title='bbox 433 2909 579 2971; x_wconf 89' lang='lat' dir='ltr'><strong>animum</strong></span> <span class='ocrx_word' id='word_1_207' title='bbox 615 2906 657 2970; x_wconf 92' lang='lat' dir='ltr'><strong>ab</strong></span> <span class='ocrx_word' id='word_1_208' title='bbox 693 2904 899 2970; x_wconf 88' lang='lat' dir='ltr'><strong>accusatione</strong></span> <span class='ocrx_word' id='word_1_209' title='bbox 935 2903 1097 2968; x_wconf 87' lang='lat' dir='ltr'><strong>destitisse</strong></span> <span class='ocrx_word' id='word_1_210' title='bbox 1128 2903 1283 2983; x_wconf 90' lang='lat' dir='ltr'><strong>putarent</strong></span> <span class='ocrx_word' id='word_1_211' title='bbox 1325 2950 1332 2964; x_wconf 94' lang='lat'><strong>.</strong></span> 
     </span>
     <span class='ocr_line' id='line_1_26' title="bbox 133 3008 1373 3094; baseline -0.003 -20"><span class='ocrx_word' id='word_1_212' title='bbox 133 3009 211 3092; x_wconf 81' lang='lat' dir='ltr'><strong>Sed,</strong></span> <span class='ocrx_word' id='word_1_213' title='bbox 235 3012 323 3093; x_wconf 93' lang='lat' dir='ltr'><strong>quod</strong></span> <span class='ocrx_word' id='word_1_214' title='bbox 347 3018 445 3094; x_wconf 90' lang='lat' dir='ltr'><strong>caput</strong></span> <span class='ocrx_word' id='word_1_215' title='bbox 469 3017 528 3090; x_wconf 91' lang='lat' dir='ltr'><strong>est,</strong></span> <span class='ocrx_word' id='word_1_216' title='bbox 552 3032 604 3077; x_wconf 89' lang='lat' dir='ltr'><strong>res</strong></span> <span class='ocrx_word' id='word_1_217' title='bbox 628 3015 707 3089; x_wconf 87' lang='lat' dir='ltr'><strong>tota,</strong></span> <span class='ocrx_word' id='word_1_218' title='bbox 732 3031 806 3092; x_wconf 91' lang='lat' dir='ltr'><strong>quae</strong></span> <span class='ocrx_word' id='word_1_219' title='bbox 824 3012 949 3088; x_wconf 88' lang='lat' dir='ltr'><strong>dicitur,</strong></span> <span class='ocrx_word' id='word_1_220' title='bbox 974 3009 1058 3074; x_wconf 85' lang='lat' dir='ltr'><strong>falsa</strong></span> <span class='ocrx_word' id='word_1_221' title='bbox 1078 3011 1136 3085; x_wconf 87' lang='lat' dir='ltr'><strong>est,</strong></span> <span class='ocrx_word' id='word_1_222' title='bbox 1162 3008 1232 3089; x_wconf 91' lang='lat' dir='ltr'><strong>ipso</strong></span> <span class='ocrx_word' id='word_1_223' title='bbox 1248 3010 1333 3071; x_wconf 89' lang='lat' dir='ltr'><strong>teste</strong></span> <span class='ocrx_word' id='word_1_224' title='bbox 1346 3027 1373 3065; x_wconf 82' lang='lat' dir='ltr'><strong>u</strong></span> 
     </span>
     <span class='ocr_line' id='line_1_27' title="bbox 135 3116 1332 3202; baseline -0.003 -22"><span class='ocrx_word' id='word_1_225' title='bbox 135 3117 290 3183; x_wconf 89' lang='lat' dir='ltr'><strong>Cicerone</strong></span> <span class='ocrx_word' id='word_1_226' title='bbox 313 3120 346 3183; x_wconf 93' lang='lat' dir='ltr'><strong>in</strong></span> <span class='ocrx_word' id='word_1_227' title='bbox 369 3120 525 3202; x_wconf 86' lang='lat' dir='ltr'><strong>proximis</strong></span> <span class='ocrx_word' id='word_1_228' title='bbox 548 3120 672 3184; x_wconf 83' lang='lat' dir='ltr'><strong>verbis:</strong></span> <span class='ocrx_word' id='word_1_229' title='bbox 697 3138 784 3182; x_wconf 82' lang='lat' dir='ltr'><strong>neruo</strong></span> <span class='ocrx_word' id='word_1_230' title='bbox 808 3138 948 3202; x_wconf 83' lang='lat' dir='ltr'><strong>unquam</strong></span> <span class='ocrx_word' id='word_1_231' title='bbox 972 3123 1015 3181; x_wconf 87' lang='lat' dir='ltr'><strong>est</strong></span> <span class='ocrx_word' id='word_1_232' title='bbox 1038 3116 1077 3179; x_wconf 88' lang='lat' dir='ltr'><strong>dc</strong></span> <span class='ocrx_word' id='word_1_233' title='bbox 1099 3116 1224 3178; x_wconf 84' lang='lat' dir='ltr'><strong>ciuitate</strong></span> <span class='ocrx_word' id='word_1_234' title='bbox 1244 3135 1332 3177; x_wconf 90' lang='lat' dir='ltr'><strong>occu·</strong></span> 
     </span>
     <span class='ocr_line' id='line_1_28' title="bbox 135 3220 1334 3310; baseline -0.003 -23"><span class='ocrx_word' id='word_1_235' title='bbox 135 3230 235 3306; x_wconf 82' lang='lat' dir='ltr'><strong>sotus,</strong></span> <span class='ocrx_word' id='word_1_236' title='bbox 259 3225 341 3310; x_wconf 82' lang='lat' dir='ltr'><strong>quod</strong></span> <span class='ocrx_word' id='word_1_237' title='bbox 364 3234 420 3290; x_wconf 86' lang='lat' dir='ltr'><strong>out</strong></span> <span class='ocrx_word' id='word_1_238' title='bbox 437 3227 576 3310; x_wconf 85' lang='lat' dir='ltr'><strong>populus</strong></span> <span class='ocrx_word' id='word_1_239' title='bbox 597 3225 721 3308; x_wconf 72' lang='lat' dir='ltr'><strong>fundus</strong></span> <span class='ocrx_word' id='word_1_240' title='bbox 742 3225 848 3307; x_wconf 77' lang='lat' dir='ltr'><strong>sactus</strong></span> <span class='ocrx_word' id='word_1_241' title='bbox 871 3245 933 3287; x_wconf 81' lang='lat' dir='ltr'><strong>reon</strong></span> <span class='ocrx_word' id='word_1_242' title='bbox 950 3230 1026 3288; x_wconf 83' lang='lat' dir='ltr'><strong>esset</strong></span> <span class='ocrx_word' id='word_1_243' title='bbox 1043 3229 1099 3286; x_wconf 89' lang='lat' dir='ltr'><strong>out</strong></span> <span class='ocrx_word' id='word_1_244' title='bbox 1117 3221 1199 3306; x_wconf 85' lang='lat' dir='ltr'><strong>quod</strong></span> <span class='ocrx_word' id='word_1_245' title='bbox 1214 3220 1334 3302; x_wconf 72' lang='lat' dir='ltr'><strong>foedere</strong></span> 
     </span>
     <span class='ocr_line' id='line_1_29' title="bbox 135 3326 1333 3416; baseline -0.003 -22"><span class='ocrx_word' id='word_1_246' title='bbox 135 3331 272 3396; x_wconf 79' lang='lat' dir='ltr'><strong>ciuitatis</strong></span> <span class='ocrx_word' id='word_1_247' title='bbox 295 3332 457 3397; x_wconf 75' lang='lat' dir='ltr'><strong>mutandos</strong></span> <span class='ocrx_word' id='word_1_248' title='bbox 479 3334 531 3397; x_wconf 87' lang='lat' dir='ltr'><strong>ius</strong></span> <span class='ocrx_word' id='word_1_249' title='bbox 552 3332 769 3416; x_wconf 79' lang='lat' dir='ltr'><strong>impediretur.</strong></span> <span class='ocrx_word' id='word_1_250' title='bbox 816 3330 850 3395; x_wconf 86' lang='lat' dir='ltr'><strong>Si</strong></span> <span class='ocrx_word' id='word_1_251' title='bbox 873 3350 970 3395; x_wconf 91' lang='lat' dir='ltr'><strong>nemo</strong></span> <span class='ocrx_word' id='word_1_252' title='bbox 998 3333 1048 3394; x_wconf 93' lang='lat' dir='ltr'><strong>est</strong></span> <span class='ocrx_word' id='word_1_253' title='bbox 1072 3331 1253 3404; x_wconf 88' lang='lat' dir='ltr'><strong>accusatus,</strong></span> <span class='ocrx_word' id='word_1_254' title='bbox 1278 3326 1333 3408; x_wconf 90' lang='lat' dir='ltr'><strong>qui</strong></span> 
     </span>
     <span class='ocr_line' id='line_1_30' title="bbox 135 3432 1332 3516; baseline -0.004 -15"><span class='ocrx_word' id='word_1_255' title='bbox 135 3437 230 3502; x_wconf 90' lang='lat' dir='ltr'><strong>multi</strong></span> <span class='ocrx_word' id='word_1_256' title='bbox 254 3438 417 3505; x_wconf 80' lang='lat' dir='ltr'><strong>absoluti?</strong></span> <span class='ocrx_word' id='word_1_257' title='bbox 451 3439 495 3504; x_wconf 85' lang='lat' dir='ltr'><strong>At</strong></span> <span class='ocrx_word' id='word_1_258' title='bbox 524 3439 588 3504; x_wconf 92' lang='lat' dir='ltr'><strong>alia</strong></span> <span class='ocrx_word' id='word_1_259' title='bbox 616 3438 661 3503; x_wconf 91' lang='lat' dir='ltr'><strong>illi</strong></span> <span class='ocrx_word' id='word_1_260' title='bbox 684 3438 810 3503; x_wconf 89' lang='lat' dir='ltr'><strong>ratione</strong></span> <span class='ocrx_word' id='word_1_261' title='bbox 834 3438 988 3501; x_wconf 91' lang='lat' dir='ltr'><strong>accusati.</strong></span> <span class='ocrx_word' id='word_1_262' title='bbox 1034 3435 1135 3516; x_wconf 90' lang='lat' dir='ltr'><strong>Atqui</strong></span> <span class='ocrx_word' id='word_1_263' title='bbox 1158 3437 1228 3499; x_wconf 78' lang='lat' dir='ltr'><strong>uim</strong></span> <span class='ocrx_word' id='word_1_264' title='bbox 1253 3432 1332 3497; x_wconf 91' lang='lat' dir='ltr'><strong>nihil</strong></span> 
     </span>
     <span class='ocr_line' id='line_1_31' title="bbox 136 3541 1332 3627; baseline -0.003 -20"><span class='ocrx_word' id='word_1_265' title='bbox 136 3543 180 3608; x_wconf 91' lang='lat' dir='ltr'><strong>ad</strong></span> <span class='ocrx_word' id='word_1_266' title='bbox 202 3545 296 3610; x_wconf 88' lang='lat' dir='ltr'><strong>Balbi</strong></span> <span class='ocrx_word' id='word_1_267' title='bbox 321 3566 454 3611; x_wconf 87' lang='lat' dir='ltr'><strong>causam</strong></span> <span class='ocrx_word' id='word_1_268' title='bbox 478 3550 511 3610; x_wconf 90' lang='lat' dir='ltr'><strong>et</strong></span> <span class='ocrx_word' id='word_1_269' title='bbox 534 3546 576 3609; x_wconf 91' lang='lat' dir='ltr'><strong>ad</strong></span> <span class='ocrx_word' id='word_1_270' title='bbox 600 3545 685 3610; x_wconf 90' lang='lat' dir='ltr'><strong>hanc</strong></span> <span class='ocrx_word' id='word_1_271' title='bbox 715 3544 968 3627; x_wconf 87' lang='lat' dir='ltr'><strong>disputationem</strong></span> <span class='ocrx_word' id='word_1_272' title='bbox 997 3543 1161 3625; x_wconf 89' lang='lat' dir='ltr'><strong>pertinent</strong></span> <span class='ocrx_word' id='word_1_273' title='bbox 1190 3541 1332 3618; x_wconf 88' lang='lat' dir='ltr'><strong>omnino,</strong></span> 
     </span>
     <span class='ocr_line' id='line_1_32' title="bbox 137 3647 1333 3732; baseline -0.005 -16"><span class='ocrx_word' id='word_1_274' title='bbox 137 3670 202 3732; x_wconf 85' lang='lat' dir='ltr'><strong>qua</strong></span> <span class='ocrx_word' id='word_1_275' title='bbox 236 3651 349 3718; x_wconf 90' lang='lat' dir='ltr'><strong>Cicero</strong></span> <span class='ocrx_word' id='word_1_276' title='bbox 383 3653 526 3718; x_wconf 90' lang='lat' dir='ltr'><strong>iudicum</strong></span> <span class='ocrx_word' id='word_1_277' title='bbox 561 3652 602 3716; x_wconf 89' lang='lat' dir='ltr'><strong>de</strong></span> <span class='ocrx_word' id='word_1_278' title='bbox 637 3653 699 3715; x_wconf 93' lang='lat' dir='ltr'><strong>hoc</strong></span> <span class='ocrx_word' id='word_1_279' title='bbox 735 3649 951 3715; x_wconf 88' lang='lat' dir='ltr'><strong>accusationis</strong></span> <span class='ocrx_word' id='word_1_280' title='bbox 985 3668 1103 3731; x_wconf 86' lang='lat' dir='ltr'><strong>genere</strong></span> <span class='ocrx_word' id='word_1_281' title='bbox 1137 3647 1333 3712; x_wconf 90' lang='lat' dir='ltr'><strong>sententiam</strong></span> 
     </span>
     <span class='ocr_line' id='line_1_33' title="bbox 136 3751 1333 3830; baseline -0.004 -8"><span class='ocrx_word' id='word_1_282' title='bbox 136 3758 288 3823; x_wconf 89' lang='lat' dir='ltr'><strong>ostendit.</strong></span> <span class='ocrx_word' id='word_1_283' title='bbox 335 3759 474 3825; x_wconf 88' lang='lat' dir='ltr'><strong>Omnem</strong></span> <span class='ocrx_word' id='word_1_284' title='bbox 509 3759 594 3822; x_wconf 88' lang='lat' dir='ltr'><strong>hanc</strong></span> <span class='ocrx_word' id='word_1_285' title='bbox 630 3757 854 3822; x_wconf 81' lang='lat' dir='ltr'><strong>difficultatem</strong></span> <span class='ocrx_word' id='word_1_286' title='bbox 889 3755 973 3819; x_wconf 90' lang='lat' dir='ltr'><strong>tollit</strong></span> <span class='ocrx_word' id='word_1_287' title='bbox 1002 3754 1104 3819; x_wconf 87' lang='lat' dir='ltr'><strong>codex</strong></span> <span class='ocrx_word' id='word_1_288' title='bbox 1130 3751 1333 3830; x_wconf 86' lang='lat' dir='ltr'><strong>Parisiensis,</strong></span> 
     </span>
     <span class='ocr_line' id='line_1_34' title="bbox 136 3859 1334 3946; baseline -0.004 -18"><span class='ocrx_word' id='word_1_289' title='bbox 136 3866 203 3946; x_wconf 89' lang='lat' dir='ltr'><strong>qui,</strong></span> <span class='ocrx_word' id='word_1_290' title='bbox 239 3866 515 3931; x_wconf 86' lang='lat' dir='ltr'><strong>consentientibus</strong></span> <span class='ocrx_word' id='word_1_291' title='bbox 547 3864 797 3940; x_wconf 85' lang='lat' dir='ltr'><strong>Oxoniensibus,</strong></span> <span class='ocrx_word' id='word_1_292' title='bbox 833 3862 903 3926; x_wconf 89' lang='lat' dir='ltr'><strong>sine</strong></span> <span class='ocrx_word' id='word_1_293' title='bbox 932 3861 1031 3927; x_wconf 88' lang='lat' dir='ltr'><strong>dubio</strong></span> <span class='ocrx_word' id='word_1_294' title='bbox 1055 3861 1155 3926; x_wconf 86' lang='lat' dir='ltr'><strong>etiarn</strong></span> <span class='ocrx_word' id='word_1_295' title='bbox 1178 3859 1334 3924; x_wconf 87' lang='lat' dir='ltr'><strong>Palatinis</strong></span> 
     </span>
     <span class='ocr_line' id='line_1_35' title="bbox 136 3965 1334 4054; baseline -0.005 -18"><span class='ocrx_word' id='word_1_296' title='bbox 136 3975 257 4053; x_wconf 82' lang='lat' dir='ltr'><strong>praeter</strong></span> <span class='ocrx_word' id='word_1_297' title='bbox 279 3992 412 4050; x_wconf 88' lang='lat' dir='ltr'><strong>nonum,</strong></span> <span class='ocrx_word' id='word_1_298' title='bbox 437 3976 470 4037; x_wconf 90' lang='lat' dir='ltr'><strong>et</strong></span> <span class='ocrx_word' id='word_1_299' title='bbox 491 3972 681 4054; x_wconf 81' lang='lat' dir='ltr'><strong>vulgaribus</strong></span> <span class='ocrx_word' id='word_1_300' title='bbox 705 3970 857 4035; x_wconf 90' lang='lat' dir='ltr'><strong>omnibus</strong></span> <span class='ocrx_word' id='word_1_301' title='bbox 881 3973 914 4033; x_wconf 92' lang='lat' dir='ltr'><strong>et</strong></span> <span class='ocrx_word' id='word_1_302' title='bbox 937 3968 1133 4034; x_wconf 88' lang='lat' dir='ltr'><strong>editionibus</strong></span> <span class='ocrx_word' id='word_1_303' title='bbox 1156 3971 1233 4032; x_wconf 89' lang='lat' dir='ltr'><strong>ante</strong></span> <span class='ocrx_word' id='word_1_304' title='bbox 1251 3965 1334 4030; x_wconf 89' lang='lat' dir='ltr'><strong>Gru·</strong></span> 
     </span>
     <span class='ocr_line' id='line_1_36' title="bbox 136 4071 1336 4160; baseline -0.006 -19"><span class='ocrx_word' id='word_1_305' title='bbox 136 4081 255 4158; x_wconf 89' lang='lat' dir='ltr'><strong>terum,</strong></span> <span class='ocrx_word' id='word_1_306' title='bbox 290 4079 411 4144; x_wconf 90' lang='lat' dir='ltr'><strong>omittit</strong></span> <span class='ocrx_word' id='word_1_307' title='bbox 441 4098 537 4144; x_wconf 86' lang='lat' dir='ltr'><strong>voces</strong></span> <span class='ocrx_word' id='word_1_308' title='bbox 567 4085 641 4142; x_wconf 84' lang='lat' dir='ltr'><strong>suut</strong></span> <span class='ocrx_word' id='word_1_309' title='bbox 667 4076 804 4141; x_wconf 84' lang='lat' dir='ltr'><strong>liberati.</strong></span> <span class='ocrx_word' id='word_1_310' title='bbox 838 4077 918 4160; x_wconf 12' lang='lat' dir='ltr'><strong>*lam</strong></span> <span class='ocrx_word' id='word_1_311' title='bbox 954 4075 1065 4141; x_wconf 89' lang='lat' dir='ltr'><strong>omnia</strong></span> <span class='ocrx_word' id='word_1_312' title='bbox 1100 4077 1203 4139; x_wconf 89' lang='lat' dir='ltr'><strong>recta:</strong></span> <span class='ocrx_word' id='word_1_313' title='bbox 1240 4071 1336 4136; x_wconf 73' lang='lat' dir='ltr'><strong>Malu</strong></span> 
     </span>
     <span class='ocr_line' id='line_1_37' title="bbox 137 4178 1335 4269; baseline -0.005 -21"><span class='ocrx_word' id='word_1_314' title='bbox 137 4187 252 4269; x_wconf 83' lang='lat' dir='ltr'><strong>recepti</strong></span> <span class='ocrx_word' id='word_1_315' title='bbox 279 4187 315 4250; x_wconf 86' lang='lat' dir='ltr'><strong>in</strong></span> <span class='ocrx_word' id='word_1_316' title='bbox 342 4188 498 4250; x_wconf 80' lang='lat' dir='ltr'><strong>ciuitatem</strong></span> <span class='ocrx_word' id='word_1_317' title='bbox 529 4206 567 4249; x_wconf 81' lang='lat' dir='ltr'><strong>ce</strong></span> <span class='ocrx_word' id='word_1_318' title='bbox 596 4184 705 4249; x_wconf 85' lang='lat' dir='ltr'><strong>liberis</strong></span> <span class='ocrx_word' id='word_1_319' title='bbox 734 4183 960 4268; x_wconf 72' lang='lat' dir='ltr'><strong>foederatisque</strong></span> <span class='ocrx_word' id='word_1_320' title='bbox 989 4182 1114 4266; x_wconf 86' lang='lat' dir='ltr'><strong>populis</strong></span> <span class='ocrx_word' id='word_1_321' title='bbox 1144 4178 1195 4262; x_wconf 83' lang='lat' dir='ltr'><strong>(ut</strong></span> <span class='ocrx_word' id='word_1_322' title='bbox 1224 4179 1335 4262; x_wconf 86' lang='lat' dir='ltr'><strong>ampla</strong></span> 
     </span>
     <span class='ocr_line' id='line_1_38' title="bbox 137 4285 1335 4374; baseline -0.006 -19"><span class='ocrx_word' id='word_1_323' title='bbox 137 4298 225 4357; x_wconf 89' lang='lat' dir='ltr'><strong>esset</strong></span> <span class='ocrx_word' id='word_1_324' title='bbox 248 4291 465 4358; x_wconf 87' lang='lat' dir='ltr'><strong>accusationis</strong></span> <span class='ocrx_word' id='word_1_325' title='bbox 488 4290 673 4357; x_wconf 91' lang='lat' dir='ltr'><strong>huiusmodi</strong></span> <span class='ocrx_word' id='word_1_326' title='bbox 697 4287 853 4371; x_wconf 72' lang='lat' dir='ltr'><strong>occasiol:</strong></span> <span class='ocrx_word' id='word_1_327' title='bbox 877 4309 967 4353; x_wconf 87' lang='lat' dir='ltr'><strong>nemo</strong></span> <span class='ocrx_word' id='word_1_328' title='bbox 990 4308 1129 4374; x_wconf 74' lang='lat' dir='ltr'><strong>uniquam</strong></span> <span class='ocrx_word' id='word_1_329' title='bbox 1147 4293 1190 4351; x_wconf 86' lang='lat' dir='ltr'><strong>est</strong></span> <span class='ocrx_word' id='word_1_330' title='bbox 1207 4285 1245 4349; x_wconf 87' lang='lat' dir='ltr'><strong>de</strong></span> <span class='ocrx_word' id='word_1_331' title='bbox 1261 4287 1335 4350; x_wconf 85' lang='lat' dir='ltr'><strong>ciui·</strong></span> 
     </span>
     <span class='ocr_line' id='line_1_39' title="bbox 137 4379 1352 4480; baseline -0.004 -18"><span class='ocrx_word' id='word_1_332' title='bbox 137 4405 201 4463; x_wconf 85' lang='lat' dir='ltr'><strong>tute</strong></span> <span class='ocrx_word' id='word_1_333' title='bbox 223 4407 388 4465; x_wconf 78' lang='lat' dir='ltr'><strong>ouusotus</strong></span> <span class='ocrx_word' id='word_1_334' title='bbox 411 4402 472 4464; x_wconf 89' lang='lat' dir='ltr'><strong>cet.</strong></span> <span class='ocrx_word' id='word_1_335' title='bbox 519 4397 778 4480; x_wconf 89' lang='lat' dir='ltr'><strong>Interpolationis</strong></span> <span class='ocrx_word' id='word_1_336' title='bbox 802 4396 922 4478; x_wconf 81' lang='lat' dir='ltr'><strong>duplex</strong></span> <span class='ocrx_word' id='word_1_337' title='bbox 946 4415 1045 4461; x_wconf 86' lang='lat' dir='ltr'><strong>causa</strong></span> <span class='ocrx_word' id='word_1_338' title='bbox 1068 4394 1144 4471; x_wconf 79' lang='lat' dir='ltr'><strong>iuit3</strong></span> <span class='ocrx_word' id='word_1_339' title='bbox 1166 4413 1245 4459; x_wconf 89' lang='lat' dir='ltr'><strong>nam</strong></span> <span class='ocrx_word' id='word_1_340' title='bbox 1264 4379 1352 4470; x_wconf 73' lang='lat' dir='ltr'><strong>nec,</strong></span> 
     </span>
     <span class='ocr_line' id='line_1_40' title="bbox 139 4500 1337 4589; baseline -0.006 -18"><span class='ocrx_word' id='word_1_341' title='bbox 139 4524 203 4587; x_wconf 91' lang='lat' dir='ltr'><strong>quo</strong></span> <span class='ocrx_word' id='word_1_342' title='bbox 226 4509 413 4589; x_wconf 87' lang='lat' dir='ltr'><strong>spectarent</strong></span> <span class='ocrx_word' id='word_1_343' title='bbox 436 4504 491 4570; x_wconf 86' lang='lat' dir='ltr'><strong>illa</strong></span> <span class='ocrx_word' id='word_1_344' title='bbox 515 4503 626 4581; x_wconf 87' lang='lat' dir='ltr'><strong>verba,</strong></span> <span class='ocrx_word' id='word_1_345' title='bbox 650 4503 902 4586; x_wconf 86' lang='lat' dir='ltr'><strong>intelligebatur,</strong></span> <span class='ocrx_word' id='word_1_346' title='bbox 926 4521 1000 4585; x_wconf 85' lang='lat' dir='ltr'><strong>quae</strong></span> <span class='ocrx_word' id='word_1_347' title='bbox 1023 4500 1178 4584; x_wconf 87' lang='lat' dir='ltr'><strong>proximis</strong></span> <span class='ocrx_word' id='word_1_348' title='bbox 1203 4500 1337 4565; x_wconf 90' lang='lat' dir='ltr'><strong>demum</strong></span> 
     </span>
    </p>
   </div>
   <div class='ocr_carea' id='block_1_3' title="bbox 0 0 1491 5190">
    <p class='ocr_par' dir='ltr' id='par_1_3' title="bbox 0 0 1491 5190">
     <span class='ocr_line' id='line_1_41' title="bbox 0 0 1491 5190; baseline 0 0"><span class='ocrx_word' id='word_1_349' title='bbox 0 0 1491 5190; x_wconf 95' lang='lat' dir='ltr'><strong> </strong></span> 
     </span>
    </p>
   </div>
  </div>
 </body>
</html>
