2956 5190
20 148 24 155 ·
51 176 65 183 ,
151 111 189 175 ln
214 131 240 176 c.
257 112 310 189 54,
338 112 401 177 115
425 111 524 175 miror
547 110 657 175 Orellii
680 110 845 189 iudicium,
870 112 1053 194 spernentis
1069 113 1263 194 scripturam

44 214 184 313 §dicis
207 219 314 293 Bem,
344 218 386 282 ad
410 236 508 299 quem
532 237 618 281 nunc
642 217 827 299 adiungitur
850 219 935 296 Par,
972 220 1020 283 Ae
1042 226 1147 283 tumen
1168 219 1267 302 facile

51 328 115 421 j,
139 325 459 408 pronuntiantisque,
495 344 532 387 ue
560 330 675 401 toeueu,
710 325 766 389 ubi
796 345 816 389 a
844 324 920 390 viris
951 324 1054 389 doctis
1079 326 1265 413 restitutum

60 430 113 523 hl,
142 450 212 497 non
235 451 307 496 esse
331 431 399 495 fere
421 430 484 495 nisi
508 430 663 494 mendum
687 433 873 513 scripturae3
909 431 1097 496 Ciceronem
1123 432 1266 497 vitandae

57 537 286 622 [ambiguitatis
310 558 410 603 causa
434 545 462 601 et
484 544 590 601 tomen
612 537 742 601 dixisse.
778 538 861 602 Nam
886 539 1027 620 primum
1050 559 1089 604 ea
1105 540 1266 622 scriptura

61 644 213 713 codicum
236 644 304 709 iere
328 645 526 727 optimorum
551 648 583 709 et
607 645 906 726 antiquissimorum
931 649 995 721 est;
1020 646 1137 711 deinde
1156 647 1198 711 ab
1217 647 1265 721 iis,

12 782 31 789 -
49 750 105 817 'de
133 751 255 834 quibus
283 753 399 834 agitur,
428 751 507 816 locis
530 751 685 833 simplicis
708 751 876 833 particulae
899 753 988 817 notio
1012 753 1118 817 aliena
1142 756 1201 831 est,
1231 758 1267 817 ut

42 858 108 925 'ab
136 858 201 923 hoc
230 878 360 940 quoque
389 857 459 923 loco
494 857 614 938 (neque
644 859 729 922 enim
759 858 848 923 dicas
876 861 909 923 in
939 862 1001 924 hac
1025 859 1266 925 coniunctione:

14 964 98 1031 'lae
118 964 219 1047 facile
243 964 316 1044 εὼς
339 984 399 1029 nec
423 969 550 1029 veteres
573 964 606 1028 in
630 964 793 1046 loquendo
817 967 986 1043 curabant,
1016 965 1095 1047 quid
1118 965 1150 1030 in
1174 965 1265 1029 libris
1280 986 1320 1026 sse

33 1070 289 1137 -describendis
313 1070 503 1154 ambiguum
528 1070 597 1135 fieri
620 1075 742 1153 posset.
789 1072 856 1136 Nec
885 1072 1003 1137 desunt
1032 1075 1151 1154 praeter
1180 1071 1266 1136 locos

61 1196 84 1243 a
119 1176 291 1242 Wundero
326 1179 517 1243 emendatos
552 1176 658 1259 (praef.
688 1177 759 1242 cod.
788 1178 855 1242 Erf.
883 1199 915 1261 p.
940 1179 982 1242 58
1012 1175 1098 1261 sqq.)
1133 1183 1165 1242 et
1199 1198 1265 1257 eos

60 1303 149 1369 quos
172 1284 326 1349 Handius
351 1284 462 1349 citavit
485 1284 638 1365 (Tursell.
663 1284 676 1347 Ι
698 1304 731 1366 p.
755 1282 844 1365 489),
869 1284 933 1362 alii,
963 1284 1052 1349 velut
1075 1284 1166 1349 Orat.
1190 1286 1221 1364 2,
1245 1287 1266 1350 6

14 1436 22 1441 -
61 1394 99 1457 et
123 1390 156 1468 8,
180 1391 233 1469 26,
257 1391 314 1455 ubi
337 1411 378 1456 ex
400 1392 502 1473 ipsius
526 1389 636 1455 Orellii
659 1395 737 1455 nota
760 1390 804 1454 ad
826 1390 968 1474 priorem
991 1391 1098 1456 locum
1118 1396 1265 1474 apparet,

60 1515 165 1581 quam
190 1498 401 1580 pertinaciter
424 1502 537 1563 contra
561 1497 688 1561 codices
712 1497 909 1562 defendatur
932 1505 975 1573 ot,
1012 1497 1110 1563 etiam
1140 1500 1172 1562 in
1196 1500 1266 1581 epi·

18 1612 27 1643 ³
60 1602 159 1669 stolis
182 1603 227 1669 ad
250 1604 425 1669 familiares
449 1611 562 1668 contra
586 1603 778 1682 Mediceum,
803 1604 891 1687 quod
906 1604 1045 1669 Orellius
1061 1624 1163 1686 quum
1178 1624 1266 1687 saepe

61 1711 108 1777 ab
131 1710 218 1776 Aldo
241 1711 410 1775 inductum
434 1710 636 1784 confiteatur,
676 1711 781 1792 ,quod
810 1711 972 1776 nonnullis
1001 1731 1038 1773 oc
1064 1719 1171 1775 tamen
1193 1712 1266 1776 viti·

21 1850 30 1857 ·
60 1836 160 1885 osum
183 1818 376 1895 videretur,‘
411 1821 523 1882 tamen
551 1815 640 1881 nullo
664 1817 734 1881 looo
758 1817 876 1899 expelli
898 1817 979 1881 vult.
1026 1816 1107 1899 [Cir.
1132 1817 1175 1882 ad
1199 1817 1265 1882 Cic.

61 1924 106 1989 de
129 1924 224 1988 Finn.
247 1923 285 2001 ll,
309 1925 362 2002 27,
387 1925 430 1988 85
453 1944 485 2006 p.
510 1923 574 1988 286
599 1923 649 1988 ed.
674 1922 721 2005 3.]

155 2029 191 2096 C.
215 2030 268 2106 55,
295 2032 356 2095 117
382 2031 503 2095 editur:
541 2030 607 2111 Quo
635 2029 761 2116 quidem
789 2038 926 2114 tempore
948 2031 1025 2116 quid
1043 2032 1181 2114 populus
1204 2031 1266 2094 Bo·

60 2158 181 2201 nauus
203 2139 318 2202 sentire
339 2157 372 2201 ee
402 2136 580 2219 ostenderit,
614 2144 745 2222 utroque
776 2139 810 2200 in
840 2158 953 2220 peuere
983 2137 1180 2200 declaratum
1212 2145 1265 2218 eet,

57 2245 179 2330 prime,
203 2265 309 2329 quum,
334 2243 443 2307 audito
465 2245 739 2325 senatusconsulto,
763 2264 817 2307 ore
838 2245 901 2326 ipsi
924 2249 1016 2328 utque
1033 2243 1154 2308 absenti
1175 2263 1266 2308 aeuo·

60 2352 112 2415 tui
141 2350 279 2435 plausus
312 2357 356 2415 eet
390 2349 429 2413 ab
463 2351 620 2414 rruieereis
647 2349 752 2432 dotus,
787 2349 911 2432 deiude,
945 2370 1041 2435 quum
1070 2348 1268 2414 senatoribus

60 2457 201 2542 unqua
230 2465 401 2541 spectatum
429 2478 445 2521 e
472 2464 584 2522 acuatu
606 2456 818 2521 redeuntibus.
864 2456 1020 2532 Primum,
1057 2456 1145 2538 quod
1177 2458 1267 2520 certa

61 2564 151 2630 ratio
173 2565 387 2646 grammatica
410 2563 554 2647 requirit,
586 2563 768 2640 ostenderet,
805 2568 855 2630 est
883 2563 915 2627 in
939 2563 1010 2628 cod.
1034 2563 1109 2627 Par.
1134 2560 1265 2644 (Naug.)

61 2674 99 2737 et
121 2670 242 2736 Bernn.
288 2671 402 2754 Neque
435 2672 478 2736 ad
512 2672 599 2736 hanc
633 2675 818 2752 temporum
851 2670 1110 2736 coniunctionem
1143 2669 1213 2752 (ubi
1246 2689 1266 2733 a

61 2777 168 2843 verbo
191 2778 347 2861 praeteriti
370 2778 526 2862 temporis
549 2778 680 2860 pendet,
715 2778 875 2860 particula
905 2777 1137 2858 interrogativa
1165 2777 1265 2840 inter-

62 2883 161 2962 iecta,
195 2870 333 2950 'verbum
366 2886 528 2951 actionem
562 2885 719 2963 eiusdem,
754 2884 798 2950 ad
829 2885 917 2966 quod
948 2883 1051 2948 altero
1074 2884 1176 2947 verbo
1199 2883 1265 2947 iam

63 2992 196 3057 animus
218 2994 390 3057 revocatus
414 2994 474 3068 est,
509 2992 666 3075 temporis
695 2988 856 3072 indicans)
879 2991 945 3055 ullo
968 2989 1067 3055 modo
1089 2990 1265 3071 pertinent,

63 3118 142 3181 quae
164 3097 304 3164 Orellius
339 3098 380 3163 de
413 3098 559 3182 perfecto
593 3119 694 3165 unum
723 3102 849 3164 certum
875 3096 1032 3179 temporis
1059 3100 1263 3161 momentum

63 3204 231 3270 indicante
261 3206 305 3270 ab
338 3225 398 3270 usu
427 3205 593 3272 indicativi
621 3209 679 3271 aut
702 3226 722 3271 a
745 3205 892 3288 perfecto
915 3201 1110 3268 coniunctivi
1133 3205 1209 3283 post
1232 3209 1267 3265 ut

63 3310 222 3395 singulari
244 3312 343 3379 modo
366 3313 529 3378 interdurn
553 3313 659 3396 posito
683 3313 726 3377 ad
755 3315 827 3377 haec
855 3309 1022 3375 transtulit
1056 3307 1164 3392 (quasi
1194 3309 1266 3391 quis

137 3576 238 3625 uereor,
256 3559 305 3615 ubi
322 3566 417 3631 aperte
435 3560 537 3630 requiri
554 3578 595 3625 ue,
614 3576 711 3615 omnes
729 3558 885 3629 intelligunt
891 3579 898 3625 ;
922 3576 974 3614 nec
992 3557 1122 3612 Horatius
1140 3564 1171 3610 ut
1189 3561 1216 3610 et
1235 3573 1267 3610 eu

138 3649 319 3704 commutarit
337 3647 438 3719 (neque
456 3650 539 3715 enim,
568 3656 599 3704 ut
622 3666 681 3714 nos,
708 3649 744 3703 ob
768 3650 899 3720 regulam,
927 3650 976 3703 sed
993 3646 1112 3702 natmali
1131 3662 1214 3701 sensu
1233 3663 1267 3700 ex

137 3737 181 3793 eui
199 3738 335 3793 sermonis
353 3744 453 3793 natura
471 3739 521 3793 has
538 3737 688 3808 particulas
705 3736 845 3807 ponebat),
869 3755 921 3792 nec
939 3755 995 3793 uua
1013 3736 1176 3807 cogitatione
1195 3752 1266 3789 com·

137 3828 284 3897 prehendit
302 3845 356 3882 nou
373 3845 474 3896 uereor,
493 3835 531 3892 ut,
550 3827 598 3882 sed
617 3827 656 3882 ita
673 3828 781 3897 scripsit
799 3835 837 3892 ut,
856 3831 989 3895 tanquam
1008 3826 1082 3880 uliud
1097 3824 1266 3903 subditurus.

139 3917 300 3972 simillimus
318 3922 368 3983 est,
387 3932 525 3985 nusquam
543 3921 700 3982 annotatus,
719 3916 788 3970 Livii
806 3916 882 3971 locus
895 3917 923 3970 in
936 3916 1006 3970 libro
1018 3914 1137 3979 xxvffl,
1156 3913 1199 3978 22,
1219 3912 1265 3965 12:

139 4008 231 4077 Neque
248 4014 308 4061 erut
325 4008 383 4060 ullo
400 4009 470 4061 satra
485 4008 568 4073 firmo
585 4008 667 4060 statie
685 4007 817 4074 oppositu
836 4007 908 4074 quod
925 4006 995 4058 nibrl
1012 4007 1111 4071 miuus,
1135 4021 1218 4073 queem
1237 4010 1268 4056 ut

138 4098 231 4165 eareat
250 4097 383 4150 manebus
404 4097 544 4159 omnent,
571 4096 662 4148 timere·
674 4102 791 4162 puerat.
829 4093 953 4148 Debebat
979 4092 1060 4147 scribi
1087 4109 1132 4157 ηις
1160 4096 1267 4145 rectum

139 4190 212 4241 essu
229 4193 269 4251 ut,
287 4183 500 4240 sisubiecisset:
517 4186 645 4251 sucturum
662 4184 829 4237 credebatur.
