2948 5206
635 320 676 384 61

84 521 121 580 est
138 514 262 591 mentio,
297 513 405 578 nullus
434 513 524 578 locus
551 517 696 591 senatus,
732 515 856 580 consilii
884 517 1015 599 publici.
1061 520 1134 599 Quo
1162 521 1260 604 igitur

81 605 124 688 ili
142 623 231 687 dmm
252 627 382 684 aramue
403 639 464 702 per
486 639 521 684 se
544 622 652 702 posita
675 625 847 704 spectant?
876 624 994 690 deinde
1017 645 1083 708 quo
1105 627 1186 693 illud
1208 631 1259 711 ip·

78 750 137 794 sum
157 730 272 793 mam?
300 726 350 791 lta
372 730 531 809 tanquam
556 726 661 791 cauda
684 727 854 794 adhaerent
877 722 979 796 rerba
1002 734 1097 796 ctiam
1119 742 1256 812 scamus,
1393 722 1399 731 ¹

10 890 12 933 ἰ
77 836 153 919 quasi
174 832 361 900 mirandum
384 832 436 910 sit,
472 832 523 897 vel
551 851 627 898 eum
656 833 741 898 bene
769 854 841 921 esse
865 836 1075 920 descriptum.
1122 840 1256 919 Deinde,

10 958 13 1021 q
75 947 103 1006 ut
121 941 259 1007 addatur
281 959 438 1005 numerus
461 939 619 1033 senarius,
649 941 726 1022 quid
750 962 833 1024 opus
857 947 928 1009 erat
951 944 1023 1023 dici,
1053 946 1086 1009 in
1110 946 1257 1029 equitatu

72 1069 132 1114 eme
157 1067 216 1113 sex
243 1046 416 1129 sutfragia,
451 1064 525 1127 quae
558 1046 655 1129 vulgo
686 1066 726 1110 ne
755 1050 887 1114 nomine
916 1051 1048 1133 quidem
1076 1072 1097 1116 a
1125 1053 1256 1136 reliquis

69 1155 210 1220 centuriis
233 1155 380 1235 equitum
405 1152 694 1218 discernebantur?
726 1155 866 1221 Maxime
888 1161 1000 1222 autem
1025 1158 1165 1224 editores
1188 1162 1256 1225 hae·

67 1263 184 1338 sissent,
219 1260 248 1324 si
277 1259 320 1325 de
347 1259 396 1337 iis,
425 1278 500 1341 quae
523 1264 713 1342 sequuntur,
749 1264 960 1345 cogitassent3
995 1283 1069 1346 quae
1093 1265 1179 1330 enim
1202 1266 1257 1331 illa

65 1369 189 1443 utilitas,
225 1385 325 1448 quam
354 1365 423 1429 tolli
446 1365 567 1431 multos
590 1385 710 1449 cupere
732 1367 840 1451 Scipio
863 1370 950 1448 dicit,
985 1370 1119 1435 redditis
1143 1372 1256 1454 equist

62 1475 207 1540 Proiecto
228 1491 297 1538 non
319 1476 390 1537 tota
413 1471 467 1536 illa
491 1472 674 1555 descriptio,
689 1494 777 1557 ,quae
800 1495 867 1541 non
888 1476 1076 1542 tollebatur.
1122 1478 1256 1559 Equita-
1302 1489 1306 1495 ’

60 1585 151 1646 tusne
171 1580 273 1663 igitur
284 1578 480 1661 descriptio?
508 1578 741 1646 Nominaverat
763 1584 893 1647 tantum
917 1583 1108 1665 equitatum,
1132 1584 1256 1650 nullam

60 1687 231 1752 utilitatem
254 1685 462 1766 significarat,
492 1704 566 1767 quae
589 1685 653 1750 isto
676 1687 774 1752 modo
797 1688 974 1766 tolleretur,
1003 1708 1045 1753 ne
1068 1689 1147 1771 quid
1169 1709 1255 1755 nunc
1269 1707 1296 1747 τε

59 1794 162 1858 dicam
186 1793 229 1872 de
252 1792 324 1874 ipsa
353 1811 399 1868 re,
430 1792 522 1873 equis
545 1792 683 1873 publicis
707 1793 750 1858 ab
779 1794 943 1876 equitibus
971 1796 1118 1860 redditis.
1165 1796 1255 1862 Prae·

57 1905 146 1965 terea
169 1900 242 1963 haec
265 1898 309 1962 ad
332 1898 514 1980 equitatum
537 1899 700 1980 pertinere
724 1920 790 1965 non
812 1904 960 1982 possunt,
989 1901 1166 1967 interiectis
1193 1903 1255 1968 illis
1313 1975 1317 1984 ,

57 2009 150 2070 mom
172 2013 312 2070 mue.
347 2005 445 2081 Satis,
468 2006 593 2087 opinor,
617 2010 764 2089 apparet,
789 2026 922 2089 prorsus
945 2010 1164 2073 necessariam
1183 2029 1255 2091 esse

56 2133 130 2178 eam
152 2112 329 2177 verborum
354 2111 624 2189 coniunctionem,
649 2131 722 2193 quae
745 2115 822 2177 ante
844 2111 1069 2178 Heinrichium
1093 2115 1255 2197 exprime·

55 2220 154 2285 batur
189 2219 263 2300 (nec
296 2237 376 2283 sane
410 2220 480 2282 haec
514 2217 608 2282 aliter
635 2217 697 2300 legi
724 2238 745 2282 a
779 2219 944 2283 veteribus
973 2220 1043 2301 ipse
1073 2221 1153 2286 ordo
1181 2241 1255 2286 ver·

56 2325 174 2391 bonrrn
198 2324 351 2406 sinebat),
387 2344 447 2389 nec
477 2326 652 2406 quicquam
680 2324 735 2411 hic
766 2324 807 2388 de
839 2345 896 2389 sex
927 2326 1090 2409 suffragiis
1120 2328 1254 2392 dictum.

56 2431 129 2497 Hoc
149 2432 248 2514 igitur
270 2433 336 2496 iam
360 2434 498 2507 constat,
526 2430 562 2495 P.
586 2429 730 2495 Africani
753 2432 888 2520 minoris
911 2435 1009 2497 aetate
1033 2437 1066 2496 et
1089 2435 1255 2516 superiore

56 2543 225 2604 senatores
248 2537 406 2619 suffragia
428 2536 540 2601 tulisse
563 2537 597 2600 in
620 2537 767 2618 equitum
790 2537 952 2615 centuriis,
984 2539 1027 2603 ad
1056 2541 1254 2623 eosdemque

58 2634 241 2726 pertinere,
271 2664 346 2725 quae
374 2643 521 2724 proxime
550 2643 715 2721 dicuntur,
751 2645 851 2708 fuisse
880 2649 966 2723 tum,
1003 2647 1072 2728 qui,
1107 2649 1256 2730 neglecta

15 2754 21 2766 '
58 2751 127 2815 utili
148 2751 212 2816 hac
235 2752 422 2816 senatorum
448 2769 520 2812 curn
546 2752 692 2831 equitum
721 2751 873 2815 centuriis
898 2753 1133 2831 coniunctione,
1168 2754 1255 2819 eius-

57 2857 145 2921 modi
168 2857 373 2939 largitionem
397 2860 561 2936 cuperent,
587 2860 623 2920 ut
640 2877 740 2938 equos
758 2857 928 2938 plebiscito
945 2857 1054 2940 aliquo
1070 2861 1254 2925 redderent.

59 2963 106 3027 Ex
128 2984 193 3045 quo
215 2965 359 3046 primurn
388 2962 421 3026 id
449 2962 644 3045 intelligitur,
665 2964 768 3045 ¹quod
796 2965 839 3027 ad
869 2968 1011 3028 ceteram
1040 2968 1253 3047 quaestionem

61 3070 100 3133 de
121 3070 235 3135 ordine
259 3069 402 3151 equestri
426 3087 491 3132 non
515 3069 620 3150 exigui
644 3073 693 3134 est
716 3072 883 3147 momenti,
918 3072 952 3135 in
984 3073 1138 3136 centuriis
1162 3073 1252 3154 equi-

61 3181 142 3253 tum,
178 3197 253 3259 quae
281 3195 361 3240 sane
389 3175 480 3240 initio
507 3194 573 3239 non
601 3175 672 3239 aliae
702 3181 795 3240 erant
823 3197 921 3258 quarn
951 3181 1068 3241 turmae
1098 3179 1254 3243 militares

61 3282 213 3363 emitum,
249 3282 414 3347 neminem
443 3280 552 3359 fuisse,
587 3282 649 3346 nisi
678 3284 732 3364 qui
762 3302 882 3364 equum
909 3284 1076 3365 publicum
1106 3285 1253 3349 haberet.
1306 3331 1311 3341 .

61 3388 169 3470 Neque
205 3390 293 3453 enirn
327 3388 435 3465 aliter,
478 3388 690 3453 reddentibus
725 3385 840 3470 equo's
860 3390 1082 3468 senatoribus,
1123 3392 1255 3456 sublata
1308 3407 1309 3410 ’

62 3499 143 3559 esset
166 3495 232 3571 illa,
267 3514 367 3576 quarn
391 3495 478 3572 dicit,
513 3494 646 3559 utilitas.
692 3496 800 3576 Atque
823 3496 927 3560 hoca
951 3516 1004 3560 me
1027 3499 1253 3575 animadverti,

62 3601 274 3677 mirabuntur,
310 3602 364 3683 qui
399 3593 417 3665 e
451 3601 639 3684 vulgaribus
674 3603 904 3683 antiquitatum
941 3602 1030 3666 libris
1062 3603 1253 3678 didicerunt,

62 3708 200 3788 equitem
216 3707 404 3772 Romanurn
421 3707 531 3783 fuisse,
557 3708 608 3771 cui
623 3727 726 3789 equus
750 3708 899 3789 publicus
920 3729 940 3772 a
956 3728 1089 3773 censore
1112 3709 1254 3773 tributus

62 3818 157 3889 esset;
181 3814 241 3878 sed
259 3814 352 3877 multi
376 3834 441 3878 non
465 3814 569 3878 solum
594 3813 736 3895 equestri
760 3834 859 3878 censu
882 3814 1022 3890 fuerunt,
1048 3815 1105 3879 sed
1130 3814 1254 3895 equites

62 3919 223 4002 appellati,
258 3922 314 4001 qui
346 3940 467 4003 equum
497 3921 662 4001 publicum
694 3902 762 3985 non¹
789 3920 985 3985 habuerunt.
1035 3921 1160 3984 Deinde
1188 3922 1254 3984 iam

62 4027 245 4103 concidunt,
282 4047 356 4108 quae
384 4027 581 4090 Niebuhrius
610 4027 694 4091 Hist.
718 4027 814 4090 Rom.
838 4028 851 4090 l
874 4047 906 4109 p.
930 4028 995 4091 456
1025 4026 1065 4090 de
1094 4028 1155 4090 boc
1184 4026 1281 4093 loce.

63 4132 246 4215 disputavit,
269 4152 345 4211 non,
375 4133 463 4214 quod
486 4137 545 4210 est,
570 4133 613 4197 ad
636 4137 813 4210 senatores,
843 4133 901 4197 sed
925 4135 967 4197 ad
990 4154 1104 4197 omnes
1128 4135 1253 4214 equites

63 4237 143 4304 hane
176 4259 336 4322 equorum
371 4239 612 4304 reddendorum
641 4241 839 4303 mentionem
869 4243 1017 4321 spectare
1045 4243 1153 4315 ratus;
1189 4260 1254 4322 quo

64 4343 128 4410 loco
151 4350 310 4427 praeterea
333 4346 490 4410 dmnnum
515 4346 640 4410 illatum
664 4347 712 4423 iis,
736 4347 791 4427 qui
816 4366 915 4428 equos
939 4345 1075 4409 reddere
1100 4365 1253 4429 cogeren-

64 4453 122 4527 tur,
155 4452 312 4534 intelligit,
349 4452 437 4534 quod
465 4472 525 4516 uec
553 4472 623 4516 rem
652 4453 841 4534 permittere
871 4473 931 4517 nec
954 4453 1057 4517 verba
1080 4454 1253 4527 Ciceronis,

66 4555 166 4621 dicam
192 4558 291 4640 paulo
319 4563 404 4640 post.
455 4559 520 4623 Sed
549 4579 651 4622 unum
681 4562 807 4642 egregie
836 4560 1075 4637 animadvertit,
1111 4561 1157 4623 ita
1183 4560 1254 4623 haec
