2948 5206
709 292 774 358 659

137 491 221 557 slico
254 489 362 554 decori
392 507 520 553 nocere.
566 488 658 553 ltane
681 491 782 552 vero?
817 486 901 566 Quia
933 507 985 552 res
1016 489 1185 554 familiaris
1210 490 1343 574 perdita

138 595 293 662 dedecori
316 599 375 674 est,
400 595 473 660 ideo
497 594 567 678 ipsa
591 615 644 659 res
667 594 837 659 familiaris
861 594 907 658 sic
930 597 1039 677 potest
1062 595 1204 661 dedecus
1227 596 1342 679 appel·

136 703 210 780 lari,
234 705 281 779 ut,
306 702 394 784 quod
417 705 530 767 contra
554 721 627 766 eam
652 699 698 785 (ot
722 702 766 767 ad
790 722 874 779 eam,
908 705 1070 782 quatenus
1092 701 1160 767 ulla
1183 706 1242 781 est,
1265 722 1342 785 per·

138 807 297 891 dandam)
325 809 393 888 fiat,
423 809 456 873 id
486 811 598 873 contra
628 807 770 872 dedecus
794 807 929 873 alicuius
953 807 1022 872 ficri
1046 808 1194 874 dicatur?
1228 808 1342 892 ltaque

137 916 228 998 quod
262 936 370 981 mores
405 916 576 998 depravati
611 914 761 997 dignitati
795 914 931 991 obsunt,
968 915 1024 997 qui
1058 916 1230 980 inhoneste
1264 916 1340 998 agit,

136 1023 276 1106 posthac
299 1041 365 1087 non
388 1023 591 1105 dignitatem,
622 1022 680 1087 sed
707 1021 918 1104 ignominiam
943 1041 1038 1086 suam
1061 1021 1182 1087 laedere
1205 1022 1341 1087 dicetur.

137 1130 177 1194 El
211 1129 303 1193 cuius
332 1128 474 1194 hominis
504 1148 557 1193 res
588 1148 675 1194 nunc
705 1127 842 1212 perditae
874 1132 1051 1210 turpesque
1079 1132 1165 1207 sunt,
1201 1129 1228 1193 is
1262 1128 1342 1193 nihil

135 1236 259 1318 poterit
282 1234 355 1314 dici,
391 1235 470 1300 dum
499 1235 588 1300 hunc
616 1238 739 1301 statum
764 1235 918 1312 efficeret,
954 1239 1068 1299 contra
1090 1255 1161 1301 rem
1186 1240 1218 1300 et
1242 1236 1342 1301 decus

136 1361 235 1407 suum
264 1341 389 1406 fecisse.
446 1342 575 1407 Scilicet
609 1343 671 1407 hoa
705 1341 942 1424 interpretandi
976 1361 1079 1424 genus
1114 1342 1148 1406 in
1181 1342 1236 1407 illa
1271 1345 1341 1406 arte

135 1448 246 1514 locum
267 1451 368 1527 tenet,
392 1468 465 1530 quae
489 1448 600 1513 subita
625 1453 658 1513 et
680 1449 808 1515 occulta
831 1467 942 1512 rerum
965 1448 1208 1530 permutatione
1230 1448 1342 1513 oculos

136 1555 258 1638 decipit
281 1554 463 1638 (ucamoter
486 1555 569 1620 Galli
593 1553 729 1637 dicunt).
764 1555 849 1619 Nam
874 1554 1018 1619 Klotzius
1042 1556 1078 1618 iu
1100 1555 1233 1620 dedecus
1249 1576 1342 1620 suum

135 1662 249 1727 vertit:
272 1681 376 1744 gegen
398 1663 469 1727 sich
492 1661 560 1725 und
583 1681 687 1744 gegen
710 1663 801 1726 seine
823 1661 980 1726 ohnedies
998 1659 1036 1745 (l)
1054 1661 1242 1727 schlechten
1261 1662 1342 1726 oder

135 1768 295 1833 vielmehr
317 1768 564 1851 schimpllichen
584 1767 778 1833 hauslichen
792 1766 1107 1850 Angelegenheitem
1131 1772 1175 1848 at,
1200 1789 1220 1833 ο
1242 1768 1340 1845 bone,

134 1875 168 1941 in
192 1875 316 1941 Latinis
339 1875 419 1939 nihil
443 1879 494 1940 est
517 1874 594 1939 nisi:
617 1895 715 1960 pepeu
737 1874 822 1938 seiae
845 1872 1001 1938 Sebaude.
1047 1876 1162 1958 ltaque
1185 1876 1248 1940 hac
1269 1878 1342 1940 arte

135 1983 237 2047 etiam
259 1983 293 2046 in
316 1983 464 2047 oratione
488 1983 595 2065 prima
619 1981 808 2046 Catilinaria
832 1978 850 2061 ὅ
876 1981 917 2044 13
941 1981 1144 2046 defenditur:
1170 1981 1252 2068 quod
1268 1982 1340 2066 pri·

134 2096 284 2153 catarum
307 2109 415 2153 rerum
439 2089 573 2154 dedecus
595 2109 658 2153 nou
680 2087 779 2152 buret
800 2087 972 2173 iufamia?

224 2196 262 2260 In
284 2197 432 2262 oratione
454 2216 515 2279 pro
538 2197 658 2261 Roscio
682 2193 838 2258 Amerino
862 2192 880 2275 §
904 2196 948 2260 30
970 2197 1004 2260 in
1035 2194 1200 2260 codicibus
1225 2194 1339 2259 scribi-

135 2310 202 2367 tur:
239 2303 294 2389 qui
325 2302 421 2367 libere
452 2303 548 2385 dieat,
583 2304 639 2389 qui
669 2322 739 2364 cum
769 2300 834 2382 fide
862 2300 1024 2385 defendat,
1059 2303 1095 2365 id
1118 2300 1200 2386 quod
1222 2302 1258 2365 iu
1279 2300 1341 2365 leuc

134 2429 234 2473 causa
268 2416 312 2473 est
345 2412 434 2491 satis,
469 2411 618 2495 quautam
654 2408 779 2494 quidem
814 2409 945 2492 suscepi,
979 2429 1043 2471 nou
1077 2408 1161 2472 deest
1184 2406 1339 2491 profecto,

134 2514 265 2579 iudices.
312 2515 355 2580 Et
374 2517 516 2599 forsitan
539 2517 574 2579 iu
597 2513 800 2599 suscipienda
823 2534 923 2578 causa
950 2521 1063 2578 temere
1085 2515 1241 2598 impulsus
1263 2513 1339 2577 udo·

134 2622 282 2685 lescemta
303 2622 453 2704 fecerim·
487 2624 636 2708 quoniam
665 2621 790 2708 quidem
820 2622 913 2684 semel
941 2621 1071 2705 decepi,
1107 2622 1177 2685 licet
1199 2619 1341 2685 bacades

133 2728 275 2815 undique
308 2750 413 2794 ornnes
448 2731 480 2793 lu
515 2749 564 2792 rue
597 2737 734 2792 terrores
755 2728 962 2812 periculaque
990 2727 1193 2811 impendeant
1220 2728 1339 2810 ornuia,

133 2856 319 2900 succurram
347 2843 439 2922 atque
466 2836 583 2900 subiba.
632 2836 739 2900 Verba
774 2835 845 2898 haec
881 2835 1027 2918 quoniam
1065 2833 1191 2919 quidem
1218 2834 1340 2917 accepi

133 2944 243 3024 priore
267 2942 336 3007 loco
360 2943 583 3025 Heusingerus
607 2944 731 3024 primus
755 2940 913 3005 intellexit
936 2942 1023 3005 male
1040 2960 1080 3005 ex
1095 2940 1246 3005 inferiore
1267 2940 1339 3005 looo

133 3049 247 3113 addita
272 3068 361 3125 esse;
395 3068 502 3131 neque
533 3049 709 3130 quicquam
741 3049 862 3112 certius
893 3067 965 3111 esse
995 3049 1114 3129 potest.
1160 3047 1245 3111 Nam
1276 3045 1339 3111 hoc

132 3156 284 3241 quautam
315 3155 440 3241 quidem
471 3157 605 3240 decept,
641 3154 712 3237 ipsa
744 3153 905 3237 particula
935 3153 1062 3237 quidem
1094 3151 1177 3236 (sive
1207 3152 1339 3216 additur

131 3261 227 3327 saud
249 3263 318 3326 sive
341 3282 406 3328 non
431 3260 576 3343 additur)
609 3261 730 3325 llexum
763 3261 933 3325 sententiae
965 3263 998 3325 et
1028 3260 1184 3325 orationis
1215 3258 1338 3340 signifi·

133 3371 230 3433 cante
255 3388 328 3433 cum
352 3369 462 3452 aliquo
485 3370 640 3451 pondere,
665 3368 806 3431 refertur
829 3367 872 3430 ad
893 3366 1092 3431 contrariam
1109 3365 1338 3448 cogitationem
1351 3382 1391 3423 eae

131 3496 200 3539 non
223 3475 419 3558 suscipiendi
443 3495 482 3540 ac
506 3474 702 3539 declinandi.
748 3474 861 3555 ltaque
891 3473 1041 3538 interiore
1074 3473 1144 3537 loco
1167 3475 1255 3536 recte
1277 3492 1338 3555 po·

132 3582 232 3660 nitur,
267 3584 434 3664 superiore
464 3602 529 3647 non
561 3582 667 3646 solum
699 3581 778 3645 nihil
810 3582 886 3663 agit,
921 3581 981 3644 sed
1011 3580 1154 3661 primum
1177 3580 1249 3643 haec
1273 3578 1338 3643 duo

131 3688 277 3772 graviter
299 3690 384 3753 inter
406 3709 442 3753 se
464 3689 585 3752 relata:
605 3691 739 3772 patra-ui
761 3689 882 3764 des-unt,
907 3689 961 3772 qui
978 3686 1073 3750 libere
1089 3686 1252 3768 defendat,
1274 3705 1338 3749 nou

132 3794 218 3858 deest
252 3794 408 3860 obscurat
442 3795 546 3859 inutili
583 3798 616 3858 et
650 3797 767 3877 ignavo
803 3794 1042 3871 additamento,
1079 3792 1196 3856 deinde
1231 3792 1337 3874 ipsam

132 3901 386 3966 affirmationem
409 3902 544 3966 ridicula
568 3901 750 3966 adiectione
773 3904 899 3977 onerat,
931 3900 1024 3982 quasi
1048 3899 1153 3963 dicas:
1188 3900 1336 3984 quautam

133 4007 234 4086 adest,
270 4027 331 4070 nau
360 4007 452 4085 deest,
487 4011 655 4091 postremo
685 4008 953 4089 significationem
977 4006 1211 4071 alienissimam
1234 4004 1336 4069 habet

132 4115 166 4178 in
189 4114 350 4196 particula
373 4115 508 4200 qaudam,
533 4135 607 4197 quae
631 4134 791 4196 nusquam
817 4114 929 4177 referri
947 4109 1099 4196 potest.¹)
1135 4112 1200 4177 Sed
1217 4113 1335 4177 horum

162 4360 185 4427 ²)
203 4363 299 4430 ltaque
318 4362 435 4416 Orellius
447 4331 551 4416 'sallem
570 4362 653 4416 scribi
672 4362 799 4416 debuisse
817 4361 868 4415 ait:
887 4365 1017 4430 quoniam
1035 4363 1142 4430 quidem
1160 4378 1206 4428 epe
1220 4361 1333 4427 suscepi.

205 4452 307 4505 Verum
327 4451 354 4504 id
373 4468 482 4520 quoque
502 4450 585 4503 aliam
604 4450 830 4519 significationem
850 4466 904 4504 non
924 4449 1015 4504 minus
1035 4465 1193 4518 perversam
1210 4448 1333 4511 haberet,

1070 4537 1120 4590 42*
