<?xml version="1.0" encoding="UTF-8"?>
<!DOCTYPE html PUBLIC "-//W3C//DTD XHTML 1.0 Transitional//EN"
    "http://www.w3.org/TR/xhtml1/DTD/xhtml1-transitional.dtd">
<html xmlns="http://www.w3.org/1999/xhtml" xml:lang="en" lang="en">
 <head>
  <title>
</title>
<meta http-equiv="Content-Type" content="text/html;charset=utf-8" />
  <meta name='ocr-system' content='tesseract 3.04.00' />
  <meta name='ocr-capabilities' content='ocr_page ocr_carea ocr_par ocr_line ocrx_word'/>
</head>
<body>
  <div class='ocr_page' id='page_1' title='image "./ionicolaimadvig02madvgoog_0253.png"; bbox 0 0 2956 5190; ppageno 0'>
   <div class='ocr_carea' id='block_1_1' title="bbox 680 288 817 365">
    <p class='ocr_par' dir='ltr' id='par_1_1' title="bbox 680 288 817 365">
     <span class='ocr_line' id='line_1_1' title="bbox 680 288 817 365; baseline 0.015 -13"><span class='ocrx_word' id='word_1_1' title='bbox 680 288 817 365; x_wconf 76' lang='lat'>‚230</span> 
     </span>
    </p>
   </div>
   <div class='ocr_carea' id='block_1_2' title="bbox 132 475 1433 2167">
    <p class='ocr_par' dir='ltr' id='par_1_2' title="bbox 185 475 1433 1099">
     <span class='ocr_line' id='line_1_2' title="bbox 185 475 1373 562; baseline -0.006 -15"><span class='ocrx_word' id='word_1_2' title='bbox 185 483 255 547; x_wconf 92' lang='lat' dir='ltr'><strong>sine</strong></span> <span class='ocrx_word' id='word_1_3' title='bbox 286 482 385 547; x_wconf 88' lang='lat' dir='ltr'><strong>dubio</strong></span> <span class='ocrx_word' id='word_1_4' title='bbox 417 481 575 547; x_wconf 88' lang='lat' dir='ltr'><strong>disertum</strong></span> <span class='ocrx_word' id='word_1_5' title='bbox 606 483 822 557; x_wconf 79' lang='lat' dir='ltr'><strong>laudatorem,</strong></span> <span class='ocrx_word' id='word_1_6' title='bbox 844 482 999 548; x_wconf 86' lang='lat' dir='ltr'><strong>futurum.</strong></span> <span class='ocrx_word' id='word_1_7' title='bbox 1007 475 1033 562; x_wconf 87' lang='lat'><strong>¹)</strong></span> <span class='ocrx_word' id='word_1_8' title='bbox 1079 477 1149 543; x_wconf 90' lang='lat' dir='ltr'><strong>Sed</strong></span> <span class='ocrx_word' id='word_1_9' title='bbox 1183 495 1373 560; x_wconf 85' lang='lat' dir='ltr'><strong>quaecunque</strong></span> 
     </span>
     <span class='ocr_line' id='line_1_3' title="bbox 186 584 1378 671; baseline -0.005 -18"><span class='ocrx_word' id='word_1_10' title='bbox 186 589 247 655; x_wconf 86' lang='lat' dir='ltr'><strong>fuit</strong></span> <span class='ocrx_word' id='word_1_11' title='bbox 269 588 424 671; x_wconf 87' lang='lat' dir='ltr'><strong>praecipui</strong></span> <span class='ocrx_word' id='word_1_12' title='bbox 447 589 543 654; x_wconf 89' lang='lat' dir='ltr'><strong>huius</strong></span> <span class='ocrx_word' id='word_1_13' title='bbox 566 591 796 659; x_wconf 89' lang='lat' dir='ltr'><strong>nonnullarum</strong></span> <span class='ocrx_word' id='word_1_14' title='bbox 819 590 1019 655; x_wconf 84' lang='lat' dir='ltr'><strong>coloniarum</strong></span> <span class='ocrx_word' id='word_1_15' title='bbox 1042 587 1122 652; x_wconf 89' lang='lat' dir='ltr'><strong>iuris</strong></span> <span class='ocrx_word' id='word_1_16' title='bbox 1146 584 1254 667; x_wconf 82' lang='lat' dir='ltr'><strong>origo,</strong></span> <span class='ocrx_word' id='word_1_17' title='bbox 1278 601 1378 647; x_wconf 84' lang='lat' dir='ltr'><strong>eamn</strong></span> 
     </span>
     <span class='ocr_line' id='line_1_4' title="bbox 186 690 1379 778; baseline -0.007 -17"><span class='ocrx_word' id='word_1_18' title='bbox 186 696 331 761; x_wconf 88' lang='lat' dir='ltr'><strong>condicio</strong></span> <span class='ocrx_word' id='word_1_19' title='bbox 354 696 397 760; x_wconf 89' lang='lat' dir='ltr'><strong>ad</strong></span> <span class='ocrx_word' id='word_1_20' title='bbox 421 696 677 778; x_wconf 87' lang='lat' dir='ltr'><strong>Transpadanas</strong></span> <span class='ocrx_word' id='word_1_21' title='bbox 701 697 843 762; x_wconf 86' lang='lat' dir='ltr'><strong>colonias</strong></span> <span class='ocrx_word' id='word_1_22' title='bbox 859 692 1018 761; x_wconf 76' lang='lat' dir='ltr'><strong>translata</strong></span> <span class='ocrx_word' id='word_1_23' title='bbox 1035 698 1085 759; x_wconf 88' lang='lat' dir='ltr'><strong>est</strong></span> <span class='ocrx_word' id='word_1_24' title='bbox 1102 697 1137 758; x_wconf 91' lang='lat' dir='ltr'><strong>et</strong></span> <span class='ocrx_word' id='word_1_25' title='bbox 1154 690 1291 767; x_wconf 87' lang='lat' dir='ltr'><strong>deinde,</strong></span> <span class='ocrx_word' id='word_1_26' title='bbox 1313 690 1379 754; x_wconf 87' lang='lat' dir='ltr'><strong>iuris</strong></span> 
     </span>
     <span class='ocr_line' id='line_1_5' title="bbox 186 800 1381 886; baseline -0.005 -19"><span class='ocrx_word' id='word_1_27' title='bbox 186 802 270 867; x_wconf 88' lang='lat' dir='ltr'><strong>Latii</strong></span> <span class='ocrx_word' id='word_1_28' title='bbox 292 802 433 880; x_wconf 89' lang='lat' dir='ltr'><strong>nomine,</strong></span> <span class='ocrx_word' id='word_1_29' title='bbox 459 803 502 867; x_wconf 89' lang='lat' dir='ltr'><strong>ad</strong></span> <span class='ocrx_word' id='word_1_30' title='bbox 524 803 590 868; x_wconf 88' lang='lat' dir='ltr'><strong>alia</strong></span> <span class='ocrx_word' id='word_1_31' title='bbox 612 804 749 886; x_wconf 89' lang='lat' dir='ltr'><strong>oppida;</strong></span> <span class='ocrx_word' id='word_1_32' title='bbox 773 807 872 886; x_wconf 86' lang='lat' dir='ltr'><strong>atque</strong></span> <span class='ocrx_word' id='word_1_33' title='bbox 888 804 940 868; x_wconf 89' lang='lat' dir='ltr'><strong>hae</strong></span> <span class='ocrx_word' id='word_1_34' title='bbox 958 821 1058 884; x_wconf 89' lang='lat' dir='ltr'><strong>quum</strong></span> <span class='ocrx_word' id='word_1_35' title='bbox 1077 800 1157 866; x_wconf 83' lang='lat' dir='ltr'><strong>solae</strong></span> <span class='ocrx_word' id='word_1_36' title='bbox 1175 800 1381 882; x_wconf 81' lang='lat' dir='ltr'><strong>superessent</strong></span> 
     </span>
     <span class='ocr_line' id='line_1_6' title="bbox 186 906 1433 992; baseline -0.004 -19"><span class='ocrx_word' id='word_1_37' title='bbox 186 908 310 973; x_wconf 85' lang='lat' dir='ltr'><strong>Latinae</strong></span> <span class='ocrx_word' id='word_1_38' title='bbox 334 909 480 974; x_wconf 84' lang='lat' dir='ltr'><strong>civitates</strong></span> <span class='ocrx_word' id='word_1_39' title='bbox 512 913 592 986; x_wconf 88' lang='lat' dir='ltr'><strong>turn,</strong></span> <span class='ocrx_word' id='word_1_40' title='bbox 629 930 729 992; x_wconf 89' lang='lat' dir='ltr'><strong>quum</strong></span> <span class='ocrx_word' id='word_1_41' title='bbox 761 909 918 975; x_wconf 78' lang='lat' dir='ltr'>Latinitas</span> <span class='ocrx_word' id='word_1_42' title='bbox 950 907 1085 972; x_wconf 88' lang='lat' dir='ltr'><strong>luniana</strong></span> <span class='ocrx_word' id='word_1_43' title='bbox 1115 906 1303 971; x_wconf 89' lang='lat' dir='ltr'><strong>constituta</strong></span> <span class='ocrx_word' id='word_1_44' title='bbox 1331 908 1382 979; x_wconf 84' lang='lat' dir='ltr'><strong>est,</strong></span> <span class='ocrx_word' id='word_1_45' title='bbox 1431 926 1433 959; x_wconf 72' lang='lat' dir='ltr'><strong>t</strong></span> 
     </span>
     <span class='ocr_line' id='line_1_7' title="bbox 186 1010 1384 1099; baseline -0.003 -20"><span class='ocrx_word' id='word_1_46' title='bbox 186 1034 226 1079; x_wconf 88' lang='lat' dir='ltr'><strong>ea</strong></span> <span class='ocrx_word' id='word_1_47' title='bbox 261 1035 390 1097; x_wconf 88' lang='lat' dir='ltr'><strong>quoque</strong></span> <span class='ocrx_word' id='word_1_48' title='bbox 425 1017 656 1082; x_wconf 84' lang='lat' dir='ltr'><strong>commercium</strong></span> <span class='ocrx_word' id='word_1_49' title='bbox 693 1017 981 1099; x_wconf 79' lang='lat' dir='ltr'><strong>complectebatur,</strong></span> <span class='ocrx_word' id='word_1_50' title='bbox 1017 1034 1056 1079; x_wconf 91' lang='lat' dir='ltr'><strong>eo</strong></span> <span class='ocrx_word' id='word_1_51' title='bbox 1083 1015 1201 1093; x_wconf 79' lang='lat' dir='ltr'><strong>magis,</strong></span> <span class='ocrx_word' id='word_1_52' title='bbox 1241 1010 1384 1094; x_wconf 86' lang='lat' dir='ltr'><strong>quodii,</strong></span> 
     </span>
    </p>

    <p class='ocr_par' dir='ltr' id='par_1_3' title="bbox 132 1118 1387 1738">
     <span class='ocr_line' id='line_1_8' title="bbox 132 1118 1385 1206; baseline -0.002 -22"><span class='ocrx_word' id='word_1_53' title='bbox 132 1143 173 1185; x_wconf 72' lang='lat' dir='ltr'><strong>aar</strong></span> <span class='ocrx_word' id='word_1_54' title='bbox 186 1121 304 1204; x_wconf 89' lang='lat' dir='ltr'><strong>quibus</strong></span> <span class='ocrx_word' id='word_1_55' title='bbox 338 1122 393 1186; x_wconf 86' lang='lat' dir='ltr'><strong>illa</strong></span> <span class='ocrx_word' id='word_1_56' title='bbox 427 1123 577 1200; x_wconf 88' lang='lat' dir='ltr'><strong>dabatur,</strong></span> <span class='ocrx_word' id='word_1_57' title='bbox 612 1123 753 1189; x_wconf 89' lang='lat' dir='ltr'><strong>libertini</strong></span> <span class='ocrx_word' id='word_1_58' title='bbox 788 1124 930 1206; x_wconf 80' lang='lat' dir='ltr'><strong>generis,</strong></span> <span class='ocrx_word' id='word_1_59' title='bbox 965 1121 1070 1186; x_wconf 93' lang='lat' dir='ltr'><strong>nullos</strong></span> <span class='ocrx_word' id='word_1_60' title='bbox 1103 1118 1284 1184; x_wconf 90' lang='lat' dir='ltr'><strong>habebant</strong></span> <span class='ocrx_word' id='word_1_61' title='bbox 1317 1136 1385 1182; x_wconf 80' lang='lat' dir='ltr'><strong>suoe</strong></span> 
     </span>
     <span class='ocr_line' id='line_1_9' title="bbox 186 1226 1386 1311; baseline -0.003 -19"><span class='ocrx_word' id='word_1_62' title='bbox 186 1233 290 1293; x_wconf 87' lang='lat' dir='ltr'><strong>coetus</strong></span> <span class='ocrx_word' id='word_1_63' title='bbox 326 1232 358 1293; x_wconf 90' lang='lat' dir='ltr'><strong>et</strong></span> <span class='ocrx_word' id='word_1_64' title='bbox 392 1230 522 1311; x_wconf 82' lang='lat' dir='ltr'><strong>oppida,</strong></span> <span class='ocrx_word' id='word_1_65' title='bbox 558 1230 617 1295; x_wconf 91' lang='lat' dir='ltr'><strong>sed</strong></span> <span class='ocrx_word' id='word_1_66' title='bbox 650 1231 734 1295; x_wconf 91' lang='lat' dir='ltr'><strong>inter</strong></span> <span class='ocrx_word' id='word_1_67' title='bbox 768 1231 854 1294; x_wconf 85' lang='lat' dir='ltr'><strong>cives</strong></span> <span class='ocrx_word' id='word_1_68' title='bbox 889 1230 1053 1294; x_wconf 82' lang='lat' dir='ltr'><strong>vivebant.</strong></span> <span class='ocrx_word' id='word_1_69' title='bbox 1103 1226 1153 1291; x_wconf 88' lang='lat' dir='ltr'><strong>De</strong></span> <span class='ocrx_word' id='word_1_70' title='bbox 1189 1226 1244 1290; x_wconf 88' lang='lat' dir='ltr'><strong>his</strong></span> <span class='ocrx_word' id='word_1_71' title='bbox 1280 1228 1386 1289; x_wconf 88' lang='lat' dir='ltr'><strong>tamen</strong></span> 
     </span>
     <span class='ocr_line' id='line_1_10' title="bbox 187 1329 1386 1417; baseline -0.004 -18"><span class='ocrx_word' id='word_1_72' title='bbox 187 1335 392 1417; x_wconf 81' lang='lat' dir='ltr'><strong>singulariter</strong></span> <span class='ocrx_word' id='word_1_73' title='bbox 427 1335 526 1401; x_wconf 86' lang='lat' dir='ltr'><strong>Gaius</strong></span> <span class='ocrx_word' id='word_1_74' title='bbox 565 1337 692 1414; x_wconf 79' lang='lat' dir='ltr'><strong>scribit,</strong></span> <span class='ocrx_word' id='word_1_75' title='bbox 734 1338 792 1402; x_wconf 91' lang='lat' dir='ltr'><strong>sed</strong></span> <span class='ocrx_word' id='word_1_76' title='bbox 831 1337 892 1414; x_wconf 88' lang='lat' dir='ltr'><strong>ita,</strong></span> <span class='ocrx_word' id='word_1_77' title='bbox 937 1339 974 1400; x_wconf 91' lang='lat' dir='ltr'><strong>ut</strong></span> <span class='ocrx_word' id='word_1_78' title='bbox 1013 1331 1267 1398; x_wconf 85' lang='lat' dir='ltr'><strong>iurisconsultus</strong></span> <span class='ocrx_word' id='word_1_79' title='bbox 1308 1329 1386 1395; x_wconf 83' lang='lat' dir='ltr'><strong>illius</strong></span> 
     </span>
     <span class='ocr_line' id='line_1_11' title="bbox 187 1436 1386 1524; baseline -0.005 -17"><span class='ocrx_word' id='word_1_80' title='bbox 187 1442 303 1519; x_wconf 72' lang='lat' dir='ltr'><strong>aetatis,</strong></span> <span class='ocrx_word' id='word_1_81' title='bbox 328 1462 393 1524; x_wconf 87' lang='lat' dir='ltr'><strong>qua</strong></span> <span class='ocrx_word' id='word_1_82' title='bbox 416 1443 547 1524; x_wconf 89' lang='lat' dir='ltr'><strong>publica</strong></span> <span class='ocrx_word' id='word_1_83' title='bbox 570 1445 718 1509; x_wconf 90' lang='lat' dir='ltr'><strong>instituta</strong></span> <span class='ocrx_word' id='word_1_84' title='bbox 742 1449 775 1509; x_wconf 88' lang='lat' dir='ltr'><strong>et</strong></span> <span class='ocrx_word' id='word_1_85' title='bbox 797 1444 966 1508; x_wconf 84' lang='lat' dir='ltr'><strong>historiam</strong></span> <span class='ocrx_word' id='word_1_86' title='bbox 991 1441 1103 1524; x_wconf 92' lang='lat' dir='ltr'><strong>populi</strong></span> <span class='ocrx_word' id='word_1_87' title='bbox 1125 1437 1277 1504; x_wconf 81' lang='lat' dir='ltr'><strong>Romani</strong></span> <span class='ocrx_word' id='word_1_88' title='bbox 1300 1436 1386 1501; x_wconf 84' lang='lat' dir='ltr'><strong>liberi</strong></span> 
     </span>
     <span class='ocr_line' id='line_1_12' title="bbox 186 1542 1387 1631; baseline -0.003 -19"><span class='ocrx_word' id='word_1_89' title='bbox 186 1568 252 1614; x_wconf 90' lang='lat' dir='ltr'><strong>non</strong></span> <span class='ocrx_word' id='word_1_90' title='bbox 276 1549 371 1613; x_wconf 79' lang='lat' dir='ltr'><strong>valde</strong></span> <span class='ocrx_word' id='word_1_91' title='bbox 395 1552 519 1615; x_wconf 89' lang='lat' dir='ltr'><strong>curiose</strong></span> <span class='ocrx_word' id='word_1_92' title='bbox 543 1553 740 1631; x_wconf 85' lang='lat' dir='ltr'><strong>tractabant,</strong></span> <span class='ocrx_word' id='word_1_93' title='bbox 764 1552 904 1617; x_wconf 85' lang='lat' dir='ltr'><strong>fortasse</strong></span> <span class='ocrx_word' id='word_1_94' title='bbox 921 1549 1027 1614; x_wconf 90' lang='lat' dir='ltr'><strong>minus</strong></span> <span class='ocrx_word' id='word_1_95' title='bbox 1045 1550 1121 1630; x_wconf 90' lang='lat' dir='ltr'><strong>apte</strong></span> <span class='ocrx_word' id='word_1_96' title='bbox 1138 1547 1274 1612; x_wconf 89' lang='lat' dir='ltr'><strong>locutus</strong></span> <span class='ocrx_word' id='word_1_97' title='bbox 1290 1542 1387 1608; x_wconf 86' lang='lat' dir='ltr'><strong>videri</strong></span> 
     </span>
     <span class='ocr_line' id='line_1_13' title="bbox 187 1643 807 1738; baseline -0.002 -18"><span class='ocrx_word' id='word_1_98' title='bbox 187 1650 355 1738; x_wconf 74' lang='lat' dir='ltr'><strong>debeat.²)</strong></span> <span class='ocrx_word' id='word_1_99' title='bbox 802 1643 807 1655; x_wconf 82' lang='grc'><strong><em>’</em></strong></span> 
     </span>
    </p>

    <p class='ocr_par' dir='ltr' id='par_1_4' title="bbox 187 1759 1388 2167">
     <span class='ocr_line' id='line_1_14' title="bbox 275 1759 1388 1847; baseline -0.004 -20"><span class='ocrx_word' id='word_1_100' title='bbox 275 1763 370 1841; x_wconf 87' lang='lat' dir='ltr'><strong>Quod</strong></span> <span class='ocrx_word' id='word_1_101' title='bbox 394 1764 553 1847; x_wconf 88' lang='lat' dir='ltr'><strong>reliquum</strong></span> <span class='ocrx_word' id='word_1_102' title='bbox 578 1773 627 1830; x_wconf 88' lang='lat' dir='ltr'><strong>est</strong></span> <span class='ocrx_word' id='word_1_103' title='bbox 650 1766 692 1830; x_wconf 91' lang='lat' dir='ltr'><strong>de</strong></span> <span class='ocrx_word' id='word_1_104' title='bbox 715 1766 777 1830; x_wconf 87' lang='lat' dir='ltr'><strong>hac</strong></span> <span class='ocrx_word' id='word_1_105' title='bbox 800 1785 845 1842; x_wconf 92' lang='lat' dir='ltr'><strong>re,</strong></span> <span class='ocrx_word' id='word_1_106' title='bbox 882 1764 1024 1829; x_wconf 90' lang='lat' dir='ltr'><strong>colonias</strong></span> <span class='ocrx_word' id='word_1_107' title='bbox 1051 1760 1196 1837; x_wconf 87' lang='lat' dir='ltr'><strong>Latinas,</strong></span> <span class='ocrx_word' id='word_1_108' title='bbox 1232 1759 1388 1842; x_wconf 88' lang='lat' dir='ltr'><strong>quoniam</strong></span> 
     </span>
     <span class='ocr_line' id='line_1_15' title="bbox 187 1864 1387 1952; baseline -0.004 -18"><span class='ocrx_word' id='word_1_109' title='bbox 187 1869 322 1952; x_wconf 83' lang='lat' dir='ltr'><strong>singulae</strong></span> <span class='ocrx_word' id='word_1_110' title='bbox 346 1872 492 1935; x_wconf 84' lang='lat' dir='ltr'><strong>civitates</strong></span> <span class='ocrx_word' id='word_1_111' title='bbox 517 1876 619 1949; x_wconf 90' lang='lat' dir='ltr'><strong>erant,</strong></span> <span class='ocrx_word' id='word_1_112' title='bbox 643 1892 709 1936; x_wconf 92' lang='lat' dir='ltr'><strong>non</strong></span> <span class='ocrx_word' id='word_1_113' title='bbox 733 1871 827 1935; x_wconf 90' lang='lat' dir='ltr'><strong>unius</strong></span> <span class='ocrx_word' id='word_1_114' title='bbox 852 1870 990 1935; x_wconf 87' lang='lat' dir='ltr'><strong>civitatis</strong></span> <span class='ocrx_word' id='word_1_115' title='bbox 1013 1872 1134 1951; x_wconf 72' lang='lat' dir='ltr'><strong>partes</strong></span> <span class='ocrx_word' id='word_1_116' title='bbox 1160 1885 1232 1930; x_wconf 81' lang='lat' dir='ltr'><strong>suae</strong></span> <span class='ocrx_word' id='word_1_117' title='bbox 1257 1864 1387 1947; x_wconf 75' lang='lat' dir='ltr'><strong>integri·</strong></span> 
     </span>
     <span class='ocr_line' id='line_1_16' title="bbox 187 1972 1388 2059; baseline -0.004 -18"><span class='ocrx_word' id='word_1_118' title='bbox 187 1978 264 2041; x_wconf 87' lang='lat' dir='ltr'><strong>tatis</strong></span> <span class='ocrx_word' id='word_1_119' title='bbox 288 1979 375 2059; x_wconf 88' lang='lat' dir='ltr'><strong>ipsas</strong></span> <span class='ocrx_word' id='word_1_120' title='bbox 400 1979 550 2043; x_wconf 88' lang='lat' dir='ltr'><strong>custodes</strong></span> <span class='ocrx_word' id='word_1_121' title='bbox 574 1979 683 2056; x_wconf 86' lang='lat' dir='ltr'><strong>fuisse,</strong></span> <span class='ocrx_word' id='word_1_122' title='bbox 708 1979 793 2042; x_wconf 85' lang='lat' dir='ltr'><strong>cives</strong></span> <span class='ocrx_word' id='word_1_123' title='bbox 818 1996 894 2042; x_wconf 92' lang='lat' dir='ltr'><strong>suos</strong></span> <span class='ocrx_word' id='word_1_124' title='bbox 914 1976 1087 2051; x_wconf 81' lang='lat' dir='ltr'><strong>censuisse,</strong></span> <span class='ocrx_word' id='word_1_125' title='bbox 1112 1992 1254 2057; x_wconf 74' lang='lat' dir='ltr'><strong>quaeque</strong></span> <span class='ocrx_word' id='word_1_126' title='bbox 1273 1972 1388 2038; x_wconf 87' lang='lat' dir='ltr'><strong>similia</strong></span> 
     </span>
     <span class='ocr_line' id='line_1_17' title="bbox 187 2079 576 2167; baseline 0.005 -20"><span class='ocrx_word' id='word_1_127' title='bbox 187 2088 272 2162; x_wconf 91' lang='lat' dir='ltr'><strong>sunt,</strong></span> <span class='ocrx_word' id='word_1_128' title='bbox 297 2104 414 2167; x_wconf 89' lang='lat' dir='ltr'><strong>perse</strong></span> <span class='ocrx_word' id='word_1_129' title='bbox 437 2088 539 2166; x_wconf 89' lang='lat' dir='ltr'><strong>patet.</strong></span> <span class='ocrx_word' id='word_1_130' title='bbox 549 2079 576 2167; x_wconf 83' lang='lat'><strong>³)</strong></span> 
     </span>
    </p>
   </div>
   <div class='ocr_carea' id='block_1_3' title="bbox 216 2326 1396 4622">
    <p class='ocr_par' dir='ltr' id='par_1_5' title="bbox 216 2326 1392 3021">
     <span class='ocr_line' id='line_1_18' title="bbox 216 2326 1389 2398; baseline -0.003 -14"><span class='ocrx_word' id='word_1_131' title='bbox 216 2328 238 2398; x_wconf 89' lang='lat'><strong>¹)</strong></span> <span class='ocrx_word' id='word_1_132' title='bbox 256 2331 416 2385; x_wconf 84' lang='lat' dir='ltr'><strong>Excluditur</strong></span> <span class='ocrx_word' id='word_1_133' title='bbox 434 2330 511 2395; x_wconf 84' lang='lat' dir='ltr'><strong>Livii,</strong></span> <span class='ocrx_word' id='word_1_134' title='bbox 530 2347 640 2398; x_wconf 85' lang='lat' dir='ltr'><strong>poenam</strong></span> <span class='ocrx_word' id='word_1_135' title='bbox 659 2332 804 2397; x_wconf 87' lang='lat' dir='ltr'><strong>narrantis,</strong></span> <span class='ocrx_word' id='word_1_136' title='bbox 823 2333 931 2386; x_wconf 89' lang='lat' dir='ltr'><strong>silentio</strong></span> <span class='ocrx_word' id='word_1_137' title='bbox 950 2347 1046 2385; x_wconf 89' lang='lat' dir='ltr'><strong>eorum</strong></span> <span class='ocrx_word' id='word_1_138' title='bbox 1064 2329 1231 2392; x_wconf 87' lang='lat' dir='ltr'><strong>coniectura,</strong></span> <span class='ocrx_word' id='word_1_139' title='bbox 1250 2326 1311 2396; x_wconf 84' lang='lat' dir='ltr'><strong>qui,</strong></span> <span class='ocrx_word' id='word_1_140' title='bbox 1330 2342 1389 2381; x_wconf 89' lang='lat' dir='ltr'><strong>cum</strong></span> 
     </span>
     <span class='ocr_line' id='line_1_19' title="bbox 259 2417 1390 2488; baseline -0.003 -16"><span class='ocrx_word' id='word_1_141' title='bbox 259 2418 386 2488; x_wconf 74' lang='lat' dir='ltr'><strong>Savignio</strong></span> <span class='ocrx_word' id='word_1_142' title='bbox 404 2419 479 2473; x_wconf 87' lang='lat' dir='ltr'>XIIX</span> <span class='ocrx_word' id='word_1_143' title='bbox 502 2419 575 2488; x_wconf 85' lang='lat' dir='ltr'><strong>apud</strong></span> <span class='ocrx_word' id='word_1_144' title='bbox 594 2419 752 2474; x_wconf 85' lang='lat' dir='ltr'><strong>Ciceronem</strong></span> <span class='ocrx_word' id='word_1_145' title='bbox 775 2421 933 2486; x_wconf 83' lang='lat' dir='ltr'><strong>scribentes,</strong></span> <span class='ocrx_word' id='word_1_146' title='bbox 961 2436 1057 2475; x_wconf 89' lang='lat' dir='ltr'><strong>omnes</strong></span> <span class='ocrx_word' id='word_1_147' title='bbox 1082 2417 1282 2473; x_wconf 85' lang='lat' dir='ltr'><strong>commercium</strong></span> <span class='ocrx_word' id='word_1_148' title='bbox 1308 2417 1390 2470; x_wconf 74' lang='lat' dir='ltr'><strong>habu·</strong></span> 
     </span>
     <span class='ocr_line' id='line_1_20' title="bbox 259 2503 1390 2574; baseline -0.001 -13"><span class='ocrx_word' id='word_1_149' title='bbox 259 2507 321 2572; x_wconf 90' lang='lat' dir='ltr'><strong>isse,</strong></span> <span class='ocrx_word' id='word_1_150' title='bbox 340 2508 386 2562; x_wconf 88' lang='lat' dir='ltr'><strong>sed</strong></span> <span class='ocrx_word' id='word_1_151' title='bbox 407 2508 552 2563; x_wconf 88' lang='lat' dir='ltr'><strong>duodecim</strong></span> <span class='ocrx_word' id='word_1_152' title='bbox 570 2508 629 2562; x_wconf 88' lang='lat' dir='ltr'><strong>eius</strong></span> <span class='ocrx_word' id='word_1_153' title='bbox 648 2508 795 2563; x_wconf 87' lang='lat' dir='ltr'><strong>amissione</strong></span> <span class='ocrx_word' id='word_1_154' title='bbox 821 2509 951 2564; x_wconf 88' lang='lat' dir='ltr'><strong>multatas</strong></span> <span class='ocrx_word' id='word_1_155' title='bbox 970 2509 1166 2562; x_wconf 82' lang='lat' dir='ltr'><strong>coniectarunt.</strong></span> <span class='ocrx_word' id='word_1_156' title='bbox 1204 2503 1313 2574; x_wconf 81' lang='lat' dir='ltr'><strong>[Aliam</strong></span> <span class='ocrx_word' id='word_1_157' title='bbox 1332 2523 1390 2561; x_wconf 87' lang='lat' dir='ltr'><strong>oon·</strong></span> 
     </span>
     <span class='ocr_line' id='line_1_21' title="bbox 259 2595 1390 2653; baseline -0.002 -4"><span class='ocrx_word' id='word_1_158' title='bbox 259 2596 391 2650; x_wconf 88' lang='lat' dir='ltr'><strong>iecturam</strong></span> <span class='ocrx_word' id='word_1_159' title='bbox 422 2595 599 2649; x_wconf 84' lang='lat' dir='ltr'><strong>infeliciorem</strong></span> <span class='ocrx_word' id='word_1_160' title='bbox 628 2597 662 2649; x_wconf 92' lang='lat' dir='ltr'><strong>de</strong></span> <span class='ocrx_word' id='word_1_161' title='bbox 687 2598 830 2653; x_wconf 90' lang='lat' dir='ltr'><strong>duodecim</strong></span> <span class='ocrx_word' id='word_1_162' title='bbox 854 2598 907 2652; x_wconf 93' lang='lat' dir='ltr'><strong>illis</strong></span> <span class='ocrx_word' id='word_1_163' title='bbox 931 2597 1043 2652; x_wconf 89' lang='lat' dir='ltr'><strong>coloniis</strong></span> <span class='ocrx_word' id='word_1_164' title='bbox 1066 2596 1138 2650; x_wconf 82' lang='lat' dir='ltr'><strong>infra</strong></span> <span class='ocrx_word' id='word_1_165' title='bbox 1156 2595 1390 2650; x_wconf 84' lang='lat' dir='ltr'><strong>commemorabo.</strong></span> 
     </span>
     <span class='ocr_line' id='line_1_22' title="bbox 258 2683 1391 2756; baseline -0.001 -18"><span class='ocrx_word' id='word_1_166' title='bbox 258 2685 289 2739; x_wconf 94' lang='lat' dir='ltr'><strong>Id</strong></span> <span class='ocrx_word' id='word_1_167' title='bbox 309 2685 419 2753; x_wconf 87' lang='lat' dir='ltr'><strong>quidem</strong></span> <span class='ocrx_word' id='word_1_168' title='bbox 439 2685 566 2753; x_wconf 72' lang='lat' dir='ltr'><strong>Savipnio</strong></span> <span class='ocrx_word' id='word_1_169' title='bbox 585 2685 685 2753; x_wconf 92' lang='lat' dir='ltr'><strong>opponi</strong></span> <span class='ocrx_word' id='word_1_170' title='bbox 705 2703 761 2740; x_wconf 91' lang='lat' dir='ltr'><strong>non</strong></span> <span class='ocrx_word' id='word_1_171' title='bbox 780 2688 906 2752; x_wconf 90' lang='lat' dir='ltr'><strong>debebat,</strong></span> <span class='ocrx_word' id='word_1_172' title='bbox 931 2688 1004 2756; x_wconf 84' lang='lat' dir='ltr'><strong>quod</strong></span> <span class='ocrx_word' id='word_1_173' title='bbox 1028 2687 1076 2741; x_wconf 87' lang='lat' dir='ltr'><strong>illa</strong></span> <span class='ocrx_word' id='word_1_174' title='bbox 1094 2701 1137 2738; x_wconf 90' lang='lat' dir='ltr'><strong>res</strong></span> <span class='ocrx_word' id='word_1_175' title='bbox 1156 2700 1190 2738; x_wconf 84' lang='lat' dir='ltr'><strong>ex</strong></span> <span class='ocrx_word' id='word_1_176' title='bbox 1208 2684 1276 2738; x_wconf 89' lang='lat' dir='ltr'><strong>belli</strong></span> <span class='ocrx_word' id='word_1_177' title='bbox 1296 2683 1391 2739; x_wconf 87' lang='lat' dir='ltr'><strong>Punici</strong></span> 
     </span>
     <span class='ocr_line' id='line_1_23' title="bbox 259 2773 1391 2844; baseline -0.001 -16"><span class='ocrx_word' id='word_1_178' title='bbox 259 2775 392 2828; x_wconf 86' lang='lat' dir='ltr'><strong>memoria</strong></span> <span class='ocrx_word' id='word_1_179' title='bbox 411 2775 527 2842; x_wconf 86' lang='lat' dir='ltr'><strong>repetita</strong></span> <span class='ocrx_word' id='word_1_180' title='bbox 546 2773 677 2827; x_wconf 88' lang='lat' dir='ltr'><strong>remotior</strong></span> <span class='ocrx_word' id='word_1_181' title='bbox 694 2780 773 2839; x_wconf 89' lang='lat' dir='ltr'><strong>esset,</strong></span> <span class='ocrx_word' id='word_1_182' title='bbox 802 2793 886 2844; x_wconf 86' lang='lat' dir='ltr'><strong>quam</strong></span> <span class='ocrx_word' id='word_1_183' title='bbox 906 2793 967 2844; x_wconf 82' lang='lat' dir='ltr'><strong>quae</strong></span> <span class='ocrx_word' id='word_1_184' title='bbox 987 2781 1119 2844; x_wconf 86' lang='lat' dir='ltr'><strong>tanquam</strong></span> <span class='ocrx_word' id='word_1_185' title='bbox 1139 2779 1204 2827; x_wconf 85' lang='lat' dir='ltr'><strong>uota</strong></span> <span class='ocrx_word' id='word_1_186' title='bbox 1223 2789 1242 2827; x_wconf 87' lang='lat' dir='ltr'><strong>a</strong></span> <span class='ocrx_word' id='word_1_187' title='bbox 1260 2773 1391 2827; x_wconf 80' lang='lat' dir='ltr'><strong>Cicerone</strong></span> 
     </span>
     <span class='ocr_line' id='line_1_24' title="bbox 259 2862 1392 2934; baseline -0.001 -17"><span class='ocrx_word' id='word_1_188' title='bbox 259 2862 469 2917; x_wconf 86' lang='lat' dir='ltr'><strong>commemorari</strong></span> <span class='ocrx_word' id='word_1_189' title='bbox 492 2869 592 2931; x_wconf 89' lang='lat' dir='ltr'><strong>posset.</strong></span> <span class='ocrx_word' id='word_1_190' title='bbox 635 2864 727 2917; x_wconf 89' lang='lat' dir='ltr'><strong>Cicero</strong></span> <span class='ocrx_word' id='word_1_191' title='bbox 751 2881 807 2918; x_wconf 92' lang='lat' dir='ltr'><strong>non</strong></span> <span class='ocrx_word' id='word_1_192' title='bbox 831 2864 964 2934; x_wconf 80' lang='lat' dir='ltr'><strong>originem</strong></span> <span class='ocrx_word' id='word_1_193' title='bbox 988 2863 1054 2918; x_wconf 92' lang='lat' dir='ltr'><strong>iuris</strong></span> <span class='ocrx_word' id='word_1_194' title='bbox 1077 2862 1317 2925; x_wconf 80' lang='lat' dir='ltr'><strong>commemoravit,</strong></span> <span class='ocrx_word' id='word_1_195' title='bbox 1346 2863 1392 2916; x_wconf 82' lang='lat' dir='ltr'><strong>sed</strong></span> 
     </span>
     <span class='ocr_line' id='line_1_25' title="bbox 259 2949 1210 3021; baseline 0 -16"><span class='ocrx_word' id='word_1_196' title='bbox 259 2952 302 3005; x_wconf 91' lang='lat' dir='ltr'><strong>ius</strong></span> <span class='ocrx_word' id='word_1_197' title='bbox 320 2953 419 3021; x_wconf 88' lang='lat' dir='ltr'><strong>ipsum,</strong></span> <span class='ocrx_word' id='word_1_198' title='bbox 438 2952 511 3020; x_wconf 86' lang='lat' dir='ltr'><strong>quod</strong></span> <span class='ocrx_word' id='word_1_199' title='bbox 531 2969 586 3006; x_wconf 90' lang='lat' dir='ltr'><strong>non</strong></span> <span class='ocrx_word' id='word_1_200' title='bbox 606 2952 644 3006; x_wconf 86' lang='lat' dir='ltr'><strong>ita</strong></span> <span class='ocrx_word' id='word_1_201' title='bbox 665 2954 753 3008; x_wconf 91' lang='lat' dir='ltr'><strong>multo</strong></span> <span class='ocrx_word' id='word_1_202' title='bbox 772 2959 836 3008; x_wconf 87' lang='lat' dir='ltr'><strong>ante</strong></span> <span class='ocrx_word' id='word_1_203' title='bbox 855 2954 995 3008; x_wconf 88' lang='lat' dir='ltr'><strong>sublatum</strong></span> <span class='ocrx_word' id='word_1_204' title='bbox 1015 2957 1081 3006; x_wconf 88' lang='lat' dir='ltr'><strong>erat.</strong></span> <span class='ocrx_word' id='word_1_205' title='bbox 1119 2949 1210 3018; x_wconf 62' lang='lat'>1834]</span> 
     </span>
    </p>

    <p class='ocr_par' dir='ltr' id='par_1_6' title="bbox 216 3037 1396 4445">
     <span class='ocr_line' id='line_1_26' title="bbox 216 3037 1393 3111; baseline 0.001 -18"><span class='ocrx_word' id='word_1_206' title='bbox 216 3037 303 3105; x_wconf 86' lang='lat'><strong>²)111,</strong></span> <span class='ocrx_word' id='word_1_207' title='bbox 323 3039 369 3094; x_wconf 79' lang='lat'><strong>56:</strong></span> <span class='ocrx_word' id='word_1_208' title='bbox 394 3043 508 3095; x_wconf 84' lang='lat' dir='ltr'><strong>Latinos</strong></span> <span class='ocrx_word' id='word_1_209' title='bbox 527 3044 584 3095; x_wconf 77' lang='lat' dir='ltr'><strong>ideo</strong></span> <span class='ocrx_word' id='word_1_210' title='bbox 603 3040 766 3110; x_wconf 88' lang='lat' dir='ltr'><strong>(appellatos</strong></span> <span class='ocrx_word' id='word_1_211' title='bbox 785 3039 858 3108; x_wconf 83' lang='lat' dir='ltr'><strong>dixi),</strong></span> <span class='ocrx_word' id='word_1_212' title='bbox 882 3045 948 3111; x_wconf 81' lang='lat' dir='ltr'><strong>quia</strong></span> <span class='ocrx_word' id='word_1_213' title='bbox 967 3043 1010 3094; x_wconf 77' lang='lat' dir='ltr'><strong>les</strong></span> <span class='ocrx_word' id='word_1_214' title='bbox 1027 3059 1071 3095; x_wconf 78' lang='lat' dir='ltr'><strong>eoa</strong></span> <span class='ocrx_word' id='word_1_215' title='bbox 1088 3042 1187 3095; x_wconf 70' lang='lat' dir='ltr'><strong>liberos</strong></span> <span class='ocrx_word' id='word_1_216' title='bbox 1200 3043 1321 3108; x_wconf 78' lang='lat' dir='ltr'><strong>perinde</strong></span> <span class='ocrx_word' id='word_1_217' title='bbox 1339 3058 1393 3094; x_wconf 77' lang='lat' dir='ltr'><strong>esse</strong></span> 
     </span>
     <span class='ocr_line' id='line_1_27' title="bbox 259 3131 1394 3200; baseline 0.001 -17"><span class='ocrx_word' id='word_1_218' title='bbox 259 3132 350 3197; x_wconf 77' lang='lat' dir='ltr'><strong>coluit,</strong></span> <span class='ocrx_word' id='word_1_219' title='bbox 369 3138 449 3199; x_wconf 79' lang='lat' dir='ltr'><strong>atque</strong></span> <span class='ocrx_word' id='word_1_220' title='bbox 467 3134 493 3184; x_wconf 81' lang='lat' dir='ltr'><strong>si</strong></span> <span class='ocrx_word' id='word_1_221' title='bbox 510 3139 596 3184; x_wconf 78' lang='lat' dir='ltr'><strong>essent</strong></span> <span class='ocrx_word' id='word_1_222' title='bbox 614 3134 682 3183; x_wconf 79' lang='lat' dir='ltr'><strong>cives</strong></span> <span class='ocrx_word' id='word_1_223' title='bbox 701 3132 819 3185; x_wconf 82' lang='lat' dir='ltr'><strong>Romani</strong></span> <span class='ocrx_word' id='word_1_224' title='bbox 836 3134 954 3198; x_wconf 76' lang='lat' dir='ltr'><strong>inpenui,</strong></span> <span class='ocrx_word' id='word_1_225' title='bbox 979 3134 1027 3200; x_wconf 78' lang='lat' dir='ltr'><strong>qui</strong></span> <span class='ocrx_word' id='word_1_226' title='bbox 1044 3149 1077 3184; x_wconf 78' lang='lat' dir='ltr'><strong>ex</strong></span> <span class='ocrx_word' id='word_1_227' title='bbox 1095 3131 1161 3183; x_wconf 83' lang='lat' dir='ltr'><strong>urbe</strong></span> <span class='ocrx_word' id='word_1_228' title='bbox 1180 3131 1268 3184; x_wconf 73' lang='lat' dir='ltr'><strong>Barna</strong></span> <span class='ocrx_word' id='word_1_229' title='bbox 1288 3133 1319 3183; x_wconf 77' lang='lat' dir='ltr'><strong>in</strong></span> <span class='ocrx_word' id='word_1_230' title='bbox 1338 3131 1394 3184; x_wconf 82' lang='lat' dir='ltr'><strong>Lo·</strong></span> 
     </span>
     <span class='ocr_line' id='line_1_28' title="bbox 259 3217 1393 3287; baseline 0 -15"><span class='ocrx_word' id='word_1_231' title='bbox 259 3223 332 3273; x_wconf 83' lang='lat' dir='ltr'><strong>tinae</strong></span> <span class='ocrx_word' id='word_1_232' title='bbox 351 3221 470 3274; x_wconf 76' lang='lat' dir='ltr'><strong>colonius</strong></span> <span class='ocrx_word' id='word_1_233' title='bbox 488 3223 595 3274; x_wconf 69' lang='lat' dir='ltr'><strong>macti</strong></span> <span class='ocrx_word' id='word_1_234' title='bbox 612 3221 709 3274; x_wconf 81' lang='lat' dir='ltr'><strong>Latini</strong></span> <span class='ocrx_word' id='word_1_235' title='bbox 727 3221 870 3274; x_wconf 76' lang='lat' dir='ltr'><strong>coloniarii</strong></span> <span class='ocrx_word' id='word_1_236' title='bbox 887 3237 942 3273; x_wconf 83' lang='lat' dir='ltr'><strong>esse</strong></span> <span class='ocrx_word' id='word_1_237' title='bbox 961 3227 1105 3287; x_wconf 68' lang='lat' dir='ltr'><strong>coeperunt.</strong></span> <span class='ocrx_word' id='word_1_238' title='bbox 1143 3218 1247 3272; x_wconf 80' lang='lat' dir='ltr'><strong>Eadem</strong></span> <span class='ocrx_word' id='word_1_239' title='bbox 1271 3217 1331 3273; x_wconf 81' lang='lat' dir='ltr'><strong>fere</strong></span> <span class='ocrx_word' id='word_1_240' title='bbox 1358 3218 1393 3272; x_wconf 86' lang='lat' dir='ltr'><strong>le·</strong></span> 
     </span>
     <span class='ocr_line' id='line_1_29' title="bbox 259 3307 1393 3378; baseline -0.001 -16"><span class='ocrx_word' id='word_1_241' title='bbox 259 3313 361 3377; x_wconf 73' lang='lat' dir='ltr'><strong>guntur</strong></span> <span class='ocrx_word' id='word_1_242' title='bbox 379 3308 407 3362; x_wconf 90' lang='lat' dir='ltr'><strong>in</strong></span> <span class='ocrx_word' id='word_1_243' title='bbox 420 3308 573 3378; x_wconf 75' lang='lat' dir='ltr'><strong>fragmento</strong></span> <span class='ocrx_word' id='word_1_244' title='bbox 586 3309 682 3363; x_wconf 87' lang='lat' dir='ltr'><strong>incerti</strong></span> <span class='ocrx_word' id='word_1_245' title='bbox 695 3308 887 3367; x_wconf 85' lang='lat' dir='ltr'><strong>iurisconsulti,</strong></span> <span class='ocrx_word' id='word_1_246' title='bbox 907 3309 980 3378; x_wconf 87' lang='lat' dir='ltr'><strong>quod</strong></span> <span class='ocrx_word' id='word_1_247' title='bbox 993 3308 1115 3362; x_wconf 89' lang='lat' dir='ltr'><strong>Pithoeus</strong></span> <span class='ocrx_word' id='word_1_248' title='bbox 1133 3311 1195 3376; x_wconf 89' lang='lat' dir='ltr'><strong>post</strong></span> <span class='ocrx_word' id='word_1_249' title='bbox 1215 3307 1393 3363; x_wconf 81' lang='lat' dir='ltr'><strong>collationem</strong></span> 
     </span>
     <span class='ocr_line' id='line_1_30' title="bbox 260 3394 1395 3466; baseline 0 -16"><span class='ocrx_word' id='word_1_250' title='bbox 260 3396 326 3466; x_wconf 75' lang='lat' dir='ltr'><strong>legis</strong></span> <span class='ocrx_word' id='word_1_251' title='bbox 348 3397 472 3451; x_wconf 77' lang='lat' dir='ltr'><strong>llosaicae</strong></span> <span class='ocrx_word' id='word_1_252' title='bbox 495 3398 579 3452; x_wconf 86' lang='lat' dir='ltr'><strong>edidit</strong></span> <span class='ocrx_word' id='word_1_253' title='bbox 602 3397 762 3466; x_wconf 77' lang='lat' dir='ltr'><strong>(Schulting.</strong></span> <span class='ocrx_word' id='word_1_254' title='bbox 786 3396 937 3466; x_wconf 87' lang='lat' dir='ltr'><strong>Iurisprud.</strong></span> <span class='ocrx_word' id='word_1_255' title='bbox 961 3396 1125 3450; x_wconf 85' lang='lat' dir='ltr'><strong>Anteiustin.</strong></span> <span class='ocrx_word' id='word_1_256' title='bbox 1153 3414 1179 3465; x_wconf 92' lang='lat' dir='ltr'><strong>p.</strong></span> <span class='ocrx_word' id='word_1_257' title='bbox 1198 3394 1277 3461; x_wconf 84' lang='lat'>805):</span> <span class='ocrx_word' id='word_1_258' title='bbox 1306 3398 1395 3450; x_wconf 76' lang='lat' dir='ltr'><strong>Fiunt</strong></span> 
     </span>
     <span class='ocr_line' id='line_1_31' title="bbox 260 3486 1395 3556; baseline 0 -17"><span class='ocrx_word' id='word_1_259' title='bbox 260 3487 358 3540; x_wconf 79' lang='lat' dir='ltr'><strong>Latini</strong></span> <span class='ocrx_word' id='word_1_260' title='bbox 376 3489 497 3554; x_wconf 78' lang='lat' dir='ltr'><strong>Iuniani,</strong></span> <span class='ocrx_word' id='word_1_261' title='bbox 515 3490 644 3556; x_wconf 80' lang='lat' dir='ltr'><strong>quonium</strong></span> <span class='ocrx_word' id='word_1_262' title='bbox 662 3489 706 3540; x_wconf 69' lang='lat' dir='ltr'><strong>lea</strong></span> <span class='ocrx_word' id='word_1_263' title='bbox 724 3488 815 3554; x_wconf 80' lang='lat' dir='ltr'><strong>Iunia,</strong></span> <span class='ocrx_word' id='word_1_264' title='bbox 839 3503 900 3555; x_wconf 81' lang='lat' dir='ltr'><strong>quoe</strong></span> <span class='ocrx_word' id='word_1_265' title='bbox 917 3487 1065 3539; x_wconf 70' lang='lat' dir='ltr'><strong>libertatem</strong></span> <span class='ocrx_word' id='word_1_266' title='bbox 1084 3488 1123 3538; x_wconf 77' lang='lat' dir='ltr'><strong>eis</strong></span> <span class='ocrx_word' id='word_1_267' title='bbox 1140 3486 1221 3553; x_wconf 71' lang='lat' dir='ltr'><strong>dedit,</strong></span> <span class='ocrx_word' id='word_1_268' title='bbox 1239 3489 1395 3554; x_wconf 69' lang='lat' dir='ltr'><strong>evoequacit</strong></span> 
     </span>
     <span class='ocr_line' id='line_1_32' title="bbox 259 3575 1395 3645; baseline -0.004 -14"><span class='ocrx_word' id='word_1_269' title='bbox 259 3593 303 3631; x_wconf 80' lang='lat' dir='ltr'><strong>eos</strong></span> <span class='ocrx_word' id='word_1_270' title='bbox 321 3577 431 3629; x_wconf 81' lang='lat' dir='ltr'><strong>Latinis</strong></span> <span class='ocrx_word' id='word_1_271' title='bbox 449 3577 602 3643; x_wconf 76' lang='lat' dir='ltr'><strong>colonariis,</strong></span> <span class='ocrx_word' id='word_1_272' title='bbox 631 3579 679 3645; x_wconf 80' lang='lat' dir='ltr'><strong>qui</strong></span> <span class='ocrx_word' id='word_1_273' title='bbox 701 3584 764 3629; x_wconf 80' lang='lat' dir='ltr'><strong>tunc</strong></span> <span class='ocrx_word' id='word_1_274' title='bbox 786 3583 865 3628; x_wconf 73' lang='lat' dir='ltr'><strong>eram</strong></span> <span class='ocrx_word' id='word_1_275' title='bbox 884 3577 952 3627; x_wconf 78' lang='lat' dir='ltr'><strong>cives</strong></span> <span class='ocrx_word' id='word_1_276' title='bbox 970 3575 1089 3628; x_wconf 76' lang='lat' dir='ltr'><strong>Romani</strong></span> <span class='ocrx_word' id='word_1_277' title='bbox 1106 3581 1130 3626; x_wconf 84' lang='lat' dir='ltr'><strong>et</strong></span> <span class='ocrx_word' id='word_1_278' title='bbox 1147 3591 1243 3628; x_wconf 79' lang='lat' dir='ltr'><strong>nomen</strong></span> <span class='ocrx_word' id='word_1_279' title='bbox 1262 3591 1344 3628; x_wconf 64' lang='lat' dir='ltr'><strong>mum</strong></span> <span class='ocrx_word' id='word_1_280' title='bbox 1367 3577 1395 3628; x_wconf 83' lang='lat' dir='ltr'><strong>in</strong></span> 
     </span>
     <span class='ocr_line' id='line_1_33' title="bbox 260 3661 1394 3733; baseline -0.002 -14"><span class='ocrx_word' id='word_1_281' title='bbox 260 3666 390 3719; x_wconf 76' lang='lat' dir='ltr'><strong>coloniam</strong></span> <span class='ocrx_word' id='word_1_282' title='bbox 414 3667 552 3719; x_wconf 66' lang='lat' dir='ltr'><strong>dederam</strong></span> <span class='ocrx_word' id='word_1_283' title='bbox 589 3665 722 3719; x_wconf 89' lang='lat' dir='ltr'><strong>Videntur</strong></span> <span class='ocrx_word' id='word_1_284' title='bbox 746 3664 886 3733; x_wconf 70' lang='lat' dir='ltr'><strong>cogitasse,</strong></span> <span class='ocrx_word' id='word_1_285' title='bbox 915 3663 942 3717; x_wconf 92' lang='lat' dir='ltr'><strong>in</strong></span> <span class='ocrx_word' id='word_1_286' title='bbox 971 3663 1091 3717; x_wconf 89' lang='lat' dir='ltr'><strong>colonias</strong></span> <span class='ocrx_word' id='word_1_287' title='bbox 1119 3661 1230 3716; x_wconf 84' lang='lat' dir='ltr'><strong>Latinas</strong></span> <span class='ocrx_word' id='word_1_288' title='bbox 1258 3662 1334 3717; x_wconf 77' lang='lat' dir='ltr'><strong>cives</strong></span> <span class='ocrx_word' id='word_1_289' title='bbox 1360 3680 1394 3718; x_wconf 83' lang='lat' dir='ltr'><strong>ex</strong></span> 
     </span>
     <span class='ocr_line' id='line_1_34' title="bbox 259 3750 1396 3823; baseline -0.003 -15"><span class='ocrx_word' id='word_1_290' title='bbox 259 3753 327 3808; x_wconf 90' lang='lat' dir='ltr'><strong>urbe</strong></span> <span class='ocrx_word' id='word_1_291' title='bbox 350 3770 460 3823; x_wconf 87' lang='lat' dir='ltr'><strong>semper</strong></span> <span class='ocrx_word' id='word_1_292' title='bbox 482 3754 588 3808; x_wconf 87' lang='lat' dir='ltr'><strong>missos.</strong></span> <span class='ocrx_word' id='word_1_293' title='bbox 630 3753 658 3806; x_wconf 89' lang='lat' dir='ltr'><strong>Si</strong></span> <span class='ocrx_word' id='word_1_294' title='bbox 687 3758 813 3808; x_wconf 86' lang='lat' dir='ltr'><strong>accurate</strong></span> <span class='ocrx_word' id='word_1_295' title='bbox 841 3753 925 3807; x_wconf 91' lang='lat' dir='ltr'><strong>locuti</strong></span> <span class='ocrx_word' id='word_1_296' title='bbox 952 3758 1025 3817; x_wconf 91' lang='lat' dir='ltr'><strong>sunt,</strong></span> <span class='ocrx_word' id='word_1_297' title='bbox 1053 3769 1096 3806; x_wconf 90' lang='lat' dir='ltr'><strong>res</strong></span> <span class='ocrx_word' id='word_1_298' title='bbox 1124 3750 1189 3804; x_wconf 90' lang='lat' dir='ltr'><strong>hinc</strong></span> <span class='ocrx_word' id='word_1_299' title='bbox 1216 3751 1396 3820; x_wconf 76' lang='lat' dir='ltr'><strong>cognoscitur</strong></span> 
     </span>
     <span class='ocr_line' id='line_1_35' title="bbox 260 3840 1395 3911; baseline -0.002 -14"><span class='ocrx_word' id='word_1_300' title='bbox 260 3841 373 3897; x_wconf 90' lang='lat' dir='ltr'><strong>minime</strong></span> <span class='ocrx_word' id='word_1_301' title='bbox 392 3840 470 3906; x_wconf 86' lang='lat' dir='ltr'><strong>mira,</strong></span> <span class='ocrx_word' id='word_1_302' title='bbox 490 3842 659 3911; x_wconf 73' lang='lat' dir='ltr'><strong>singulorum</strong></span> <span class='ocrx_word' id='word_1_303' title='bbox 679 3842 780 3896; x_wconf 81' lang='lat' dir='ltr'><strong>civium</strong></span> <span class='ocrx_word' id='word_1_304' title='bbox 800 3841 998 3905; x_wconf 84' lang='lat' dir='ltr'><strong>Romanorum,</strong></span> <span class='ocrx_word' id='word_1_305' title='bbox 1018 3840 1065 3909; x_wconf 87' lang='lat' dir='ltr'><strong>qui</strong></span> <span class='ocrx_word' id='word_1_306' title='bbox 1083 3840 1174 3894; x_wconf 83' lang='lat' dir='ltr'><strong>Latini</strong></span> <span class='ocrx_word' id='word_1_307' title='bbox 1192 3840 1301 3905; x_wconf 86' lang='lat' dir='ltr'><strong>flerent,</strong></span> <span class='ocrx_word' id='word_1_308' title='bbox 1320 3840 1395 3895; x_wconf 85' lang='lat' dir='ltr'><strong>hauc</strong></span> 
     </span>
     <span class='ocr_line' id='line_1_36' title="bbox 260 3929 1395 3999; baseline -0.001 -14"><span class='ocrx_word' id='word_1_309' title='bbox 260 3931 383 3985; x_wconf 87' lang='lat' dir='ltr'><strong>habitam</strong></span> <span class='ocrx_word' id='word_1_310' title='bbox 402 3947 461 3985; x_wconf 84' lang='lat' dir='ltr'><strong>esse</strong></span> <span class='ocrx_word' id='word_1_311' title='bbox 480 3946 583 3996; x_wconf 91' lang='lat' dir='ltr'><strong>curam,</strong></span> <span class='ocrx_word' id='word_1_312' title='bbox 612 3947 647 3985; x_wconf 89' lang='lat' dir='ltr'><strong>ne</strong></span> <span class='ocrx_word' id='word_1_313' title='bbox 670 3947 742 3984; x_wconf 87' lang='lat' dir='ltr'><strong>nexa</strong></span> <span class='ocrx_word' id='word_1_314' title='bbox 765 3946 864 3999; x_wconf 82' lang='lat' dir='ltr'><strong>resque</strong></span> <span class='ocrx_word' id='word_1_315' title='bbox 887 3929 946 3984; x_wconf 91' lang='lat' dir='ltr'><strong>iure</strong></span> <span class='ocrx_word' id='word_1_316' title='bbox 965 3929 1112 3997; x_wconf 89' lang='lat' dir='ltr'><strong>Quiritium</strong></span> <span class='ocrx_word' id='word_1_317' title='bbox 1131 3933 1279 3983; x_wconf 71' lang='lat' dir='ltr'><strong>contractu</strong></span> <span class='ocrx_word' id='word_1_318' title='bbox 1300 3930 1395 3984; x_wconf 90' lang='lat' dir='ltr'><strong>turba·</strong></span> 
     </span>
     <span class='ocr_line' id='line_1_37' title="bbox 260 4016 1396 4089; baseline 0 -16"><span class='ocrx_word' id='word_1_319' title='bbox 260 4025 363 4084; x_wconf 88' lang='lat' dir='ltr'><strong>rentur,</strong></span> <span class='ocrx_word' id='word_1_320' title='bbox 383 4019 483 4074; x_wconf 84' lang='lat' dir='ltr'><strong>amisso</strong></span> <span class='ocrx_word' id='word_1_321' title='bbox 502 4019 674 4075; x_wconf 87' lang='lat' dir='ltr'><strong>commercio.</strong></span> <span class='ocrx_word' id='word_1_322' title='bbox 711 4016 882 4089; x_wconf 87' lang='lat' dir='ltr'><strong>[Suspicatus</strong></span> <span class='ocrx_word' id='word_1_323' title='bbox 901 4036 976 4074; x_wconf 84' lang='lat' dir='ltr'><strong>eram</strong></span> <span class='ocrx_word' id='word_1_324' title='bbox 996 4023 1086 4082; x_wconf 84' lang='lat' dir='ltr'><strong>antea,</strong></span> <span class='ocrx_word' id='word_1_325' title='bbox 1105 4017 1250 4074; x_wconf 88' lang='lat' dir='ltr'><strong>duodecim</strong></span> <span class='ocrx_word' id='word_1_326' title='bbox 1269 4018 1396 4073; x_wconf 85' lang='lat' dir='ltr'><strong>colonias</strong></span> 
     </span>
     <span class='ocr_line' id='line_1_38' title="bbox 260 4106 1395 4177; baseline -0.001 -14"><span class='ocrx_word' id='word_1_327' title='bbox 260 4108 371 4163; x_wconf 87' lang='lat' dir='ltr'><strong>Latinas</strong></span> <span class='ocrx_word' id='word_1_328' title='bbox 390 4108 505 4163; x_wconf 69' lang='lat' dir='ltr'><strong>leuasse</strong></span> <span class='ocrx_word' id='word_1_329' title='bbox 523 4109 562 4163; x_wconf 84' lang='lat' dir='ltr'><strong>ita</strong></span> <span class='ocrx_word' id='word_1_330' title='bbox 581 4109 744 4164; x_wconf 84' lang='lat' dir='ltr'><strong>constitutas</strong></span> <span class='ocrx_word' id='word_1_331' title='bbox 762 4108 855 4173; x_wconf 85' lang='lat' dir='ltr'><strong>fuisse,</strong></span> <span class='ocrx_word' id='word_1_332' title='bbox 879 4113 918 4173; x_wconf 91' lang='lat' dir='ltr'><strong>ut,</strong></span> <span class='ocrx_word' id='word_1_333' title='bbox 947 4124 1034 4177; x_wconf 90' lang='lat' dir='ltr'><strong>quum</strong></span> <span class='ocrx_word' id='word_1_334' title='bbox 1053 4107 1124 4162; x_wconf 91' lang='lat' dir='ltr'><strong>inter</strong></span> <span class='ocrx_word' id='word_1_335' title='bbox 1143 4106 1254 4161; x_wconf 88' lang='lat' dir='ltr'><strong>colonos</strong></span> <span class='ocrx_word' id='word_1_336' title='bbox 1272 4122 1395 4176; x_wconf 68' lang='lat' dir='ltr'><strong>magnus</strong></span> 
     </span>
     <span class='ocr_line' id='line_1_39' title="bbox 260 4195 1394 4268; baseline 0 -17"><span class='ocrx_word' id='word_1_337' title='bbox 260 4196 361 4251; x_wconf 80' lang='lat' dir='ltr'><strong>civium</strong></span> <span class='ocrx_word' id='word_1_338' title='bbox 380 4214 512 4253; x_wconf 84' lang='lat' dir='ltr'><strong>numerus</strong></span> <span class='ocrx_word' id='word_1_339' title='bbox 531 4204 611 4263; x_wconf 85' lang='lat' dir='ltr'><strong>esset,</strong></span> <span class='ocrx_word' id='word_1_340' title='bbox 639 4202 772 4268; x_wconf 89' lang='lat' dir='ltr'><strong>perpetua</strong></span> <span class='ocrx_word' id='word_1_341' title='bbox 795 4197 827 4251; x_wconf 88' lang='lat' dir='ltr'><strong>iis</strong></span> <span class='ocrx_word' id='word_1_342' title='bbox 851 4197 1047 4251; x_wconf 89' lang='lat' dir='ltr'><strong>concederetur</strong></span> <span class='ocrx_word' id='word_1_343' title='bbox 1065 4195 1222 4251; x_wconf 88' lang='lat' dir='ltr'><strong>commercii</strong></span> <span class='ocrx_word' id='word_1_344' title='bbox 1240 4197 1394 4265; x_wconf 68' lang='lat' dir='ltr'><strong>possessim</strong></span> 
     </span>
     <span class='ocr_line' id='line_1_40' title="bbox 261 4284 1395 4357; baseline 0.002 -19"><span class='ocrx_word' id='word_1_345' title='bbox 261 4301 326 4339; x_wconf 86' lang='lat' dir='ltr'><strong>narn</strong></span> <span class='ocrx_word' id='word_1_346' title='bbox 345 4285 373 4339; x_wconf 92' lang='lat' dir='ltr'><strong>in</strong></span> <span class='ocrx_word' id='word_1_347' title='bbox 391 4285 505 4356; x_wconf 67' lang='lat' dir='ltr'><strong>singulis</strong></span> <span class='ocrx_word' id='word_1_348' title='bbox 524 4286 577 4341; x_wconf 90' lang='lat' dir='ltr'><strong>illis</strong></span> <span class='ocrx_word' id='word_1_349' title='bbox 596 4287 719 4357; x_wconf 89' lang='lat' dir='ltr'><strong>ipsorum</strong></span> <span class='ocrx_word' id='word_1_350' title='bbox 738 4291 827 4340; x_wconf 91' lang='lat' dir='ltr'><strong>morte</strong></span> <span class='ocrx_word' id='word_1_351' title='bbox 846 4286 1078 4354; x_wconf 72' lang='lat' dir='ltr'><strong>exstinguebatur.</strong></span> <span class='ocrx_word' id='word_1_352' title='bbox 1116 4284 1183 4339; x_wconf 80' lang='lat' dir='ltr'><strong>Earn</strong></span> <span class='ocrx_word' id='word_1_353' title='bbox 1203 4284 1395 4340; x_wconf 83' lang='lat' dir='ltr'><strong>coniecturam</strong></span> 
     </span>
     <span class='ocr_line' id='line_1_41' title="bbox 262 4371 838 4445; baseline 0.002 -18"><span class='ocrx_word' id='word_1_354' title='bbox 262 4372 317 4428; x_wconf 87' lang='lat' dir='ltr'><strong>iam</strong></span> <span class='ocrx_word' id='word_1_355' title='bbox 335 4374 427 4429; x_wconf 91' lang='lat' dir='ltr'><strong>minus</strong></span> <span class='ocrx_word' id='word_1_356' title='bbox 445 4374 616 4445; x_wconf 80' lang='lat' dir='ltr'><strong>probabilem</strong></span> <span class='ocrx_word' id='word_1_357' title='bbox 635 4380 710 4445; x_wconf 89' lang='lat' dir='ltr'><strong>puto.</strong></span> <span class='ocrx_word' id='word_1_358' title='bbox 748 4371 838 4442; x_wconf 66' lang='lat'>1834]</span> 
     </span>
    </p>

    <p class='ocr_par' dir='ltr' id='par_1_7' title="bbox 218 4458 1393 4622">
     <span class='ocr_line' id='line_1_42' title="bbox 218 4458 1393 4533; baseline 0 -16"><span class='ocrx_word' id='word_1_359' title='bbox 218 4458 242 4526; x_wconf 82' lang='lat'><strong>⁸)</strong></span> <span class='ocrx_word' id='word_1_360' title='bbox 260 4463 343 4517; x_wconf 82' lang='lat' dir='ltr'><strong>Extra</strong></span> <span class='ocrx_word' id='word_1_361' title='bbox 360 4464 486 4518; x_wconf 91' lang='lat' dir='ltr'><strong>ordinem</strong></span> <span class='ocrx_word' id='word_1_362' title='bbox 504 4463 667 4519; x_wconf 84' lang='lat' dir='ltr'><strong>Narnienses</strong></span> <span class='ocrx_word' id='word_1_363' title='bbox 686 4480 710 4518; x_wconf 84' lang='lat' dir='ltr'><strong>a.</strong></span> <span class='ocrx_word' id='word_1_364' title='bbox 731 4463 783 4516; x_wconf 87' lang='grc'><strong>199</strong></span> <span class='ocrx_word' id='word_1_365' title='bbox 802 4464 897 4518; x_wconf 81' lang='lat' dir='ltr'><strong>Romae</strong></span> <span class='ocrx_word' id='word_1_366' title='bbox 916 4463 1005 4533; x_wconf 83' lang='lat' dir='ltr'><strong>questi</strong></span> <span class='ocrx_word' id='word_1_367' title='bbox 1024 4466 1098 4522; x_wconf 78' lang='lat' dir='ltr'><strong>sunt,</strong></span> <span class='ocrx_word' id='word_1_368' title='bbox 1118 4462 1253 4530; x_wconf 88' lang='lat' dir='ltr'><strong>quosdam</strong></span> <span class='ocrx_word' id='word_1_369' title='bbox 1272 4478 1329 4517; x_wconf 89' lang='lat' dir='ltr'><strong>non</strong></span> <span class='ocrx_word' id='word_1_370' title='bbox 1348 4463 1393 4517; x_wconf 87' lang='lat' dir='ltr'><strong>sui</strong></span> 
     </span>
     <span class='ocr_line' id='line_1_43' title="bbox 260 4548 1392 4622; baseline 0.001 -16"><span class='ocrx_word' id='word_1_371' title='bbox 260 4552 367 4621; x_wconf 73' lang='lat' dir='ltr'><strong>generis</strong></span> <span class='ocrx_word' id='word_1_372' title='bbox 385 4569 435 4622; x_wconf 90' lang='lat' dir='ltr'><strong>pro</strong></span> <span class='ocrx_word' id='word_1_373' title='bbox 453 4552 557 4608; x_wconf 86' lang='lat' dir='ltr'><strong>colonis</strong></span> <span class='ocrx_word' id='word_1_374' title='bbox 575 4569 605 4607; x_wconf 91' lang='lat' dir='ltr'><strong>ss</strong></span> <span class='ocrx_word' id='word_1_375' title='bbox 622 4569 715 4622; x_wconf 67' lang='lat' dir='ltr'><strong>gerere</strong></span> <span class='ocrx_word' id='word_1_376' title='bbox 734 4550 803 4618; x_wconf 82' lang='lat' dir='ltr'><strong>(biv.</strong></span> <span class='ocrx_word' id='word_1_377' title='bbox 823 4552 929 4617; x_wconf 82' lang='lat' dir='ltr'><strong>XXXII,</strong></span> <span class='ocrx_word' id='word_1_378' title='bbox 948 4549 984 4617; x_wconf 77' lang='lat'><strong>2).</strong></span> <span class='ocrx_word' id='word_1_379' title='bbox 1018 4551 1109 4605; x_wconf 78' lang='lat' dir='ltr'><strong>Poenae</strong></span> <span class='ocrx_word' id='word_1_380' title='bbox 1127 4566 1211 4605; x_wconf 85' lang='lat' dir='ltr'><strong>causa</strong></span> <span class='ocrx_word' id='word_1_381' title='bbox 1229 4548 1392 4621; x_wconf 87' lang='lat' dir='ltr'><strong>impositum</strong></span> 
     </span>
    </p>
   </div>
   <div class='ocr_carea' id='block_1_4' title="bbox 0 0 1497 5190">
    <p class='ocr_par' dir='ltr' id='par_1_8' title="bbox 0 0 1497 5190">
     <span class='ocr_line' id='line_1_44' title="bbox 0 0 1497 5190; baseline 0 0"><span class='ocrx_word' id='word_1_382' title='bbox 0 0 1497 5190; x_wconf 95' lang='lat' dir='ltr'><strong> </strong></span> 
     </span>
    </p>
   </div>
  </div>
 </body>
</html>
