2948 5206
647 303 687 368 13

58 520 216 566 morosus
238 500 444 583 ingeniorum
468 519 583 564 censor
606 499 732 575 scribit;
757 520 798 563 ex
821 500 881 576 his,
906 521 1046 582 quorum
1064 502 1153 567 haud
1170 505 1267 585 pauci

58 607 196 673 anullo
217 607 283 672 1110
307 606 467 689 scriptore
489 605 709 685 nominantur,
733 626 800 672 non
823 607 930 672 minus
951 628 1051 689 quam
1070 609 1182 690 viginti
1200 617 1267 674 tres

59 714 221 797 Apuleius
244 718 346 778 testes
369 712 464 788 citat3
498 713 532 777 in
554 711 718 777 nonnullis
747 733 849 794 quum
877 715 968 796 apud
990 714 1143 779 Ovidium
1166 717 1266 782 libro·

60 839 135 885 mm
163 821 394 886 tantummodo
422 823 616 901 argumenta
644 818 875 901 significentur,
910 821 1097 894 nominibus
1126 823 1265 896 omissis,

61 927 125 1003 bic,
148 926 270 992 additis
292 926 492 1002 nominibus,
522 925 634 991 titulos
665 926 709 989 ad
732 945 790 990 eas
813 925 1065 1008 significationes
1088 933 1184 1012 aptos
1208 931 1266 996 de-

63 1033 309 1116 prehendimus.
356 1033 441 1097 Tam
464 1031 648 1097 mirabilem
672 1051 868 1097 consensum
892 1032 920 1097 si
954 1033 1027 1115 quis
1051 1054 1131 1100 casu
1157 1045 1265 1102 ortum

65 1145 168 1223 putat,
202 1140 343 1204 multum
372 1159 453 1204 sane
482 1139 572 1204 casui
602 1138 723 1203 tribuit.
770 1139 835 1203 Sed
863 1139 892 1203 si
920 1139 953 1203 in
976 1140 1056 1222 ipsis
1080 1143 1266 1208 nominibus

66 1248 232 1312 bominum
256 1246 463 1327 liborumque
486 1245 590 1309 multa
614 1244 760 1320 confusa,
796 1265 961 1328 perversa,
998 1247 1081 1312 falsa
1110 1259 1184 1314 esse
1207 1251 1265 1315 do·

69 1373 173 1421 cuero.
207 1372 306 1418 nemo
336 1353 411 1427 erit,
447 1352 525 1434 quin
553 1352 761 1427 confiteatur,
798 1352 963 1416 hominem
992 1373 1059 1418 non
1087 1355 1265 1425 indoctum.

71 1460 313 1525 renascentibus
347 1459 472 1535 litteris,
508 1459 647 1540 arreptis
682 1479 723 1522 111
757 1458 863 1523 Ovidii
899 1459 1037 1541 epistola
1071 1462 1265 1544 scriptorum

73 1566 261 1643 nominibus,
285 1566 443 1631 librorum
467 1585 636 1647 nunquam
660 1585 680 1630 a
703 1586 738 1629 se
763 1565 907 1630 visorum
930 1566 1042 1631 titulos
1060 1574 1117 1631 aut
1134 1569 1265 1633 aliunde

75 1673 230 1739 addidisse
253 1678 313 1738 aut
335 1672 540 1738 confinxisse.

11 1792 13 1805 ·
155 1779 253 1844 Primi
279 1779 370 1861 apud
397 1778 550 1844 Ovidium
580 1777 624 1860 (v.
649 1774 679 1855 δ’,
704 1778 739 1859 o)
767 1780 910 1854 Marsus,
946 1779 1111 1857 Rabirius,
1147 1781 1264 1853 Macer,

79 1884 158 1950 Pedo
179 1887 398 1963 nominantur,
434 1905 515 1966 quos
544 1905 657 1951 omnes
687 1885 845 1967 Apuleius
874 1882 1038 1968 laudat¹);
1074 1887 1107 1951 in
1130 1887 1265 1952 Rabirio

81 1991 175 2073 operis
208 1992 348 2067 titulum,
382 1992 472 2074 apud
507 1990 659 2056 Ovidium
695 2011 760 2056 non
794 1992 1021 2074 significatum,
1057 2013 1099 2057 ne
1133 1994 1265 2058 aliunde

83 2097 198 2177 quidem
227 2118 287 2180 pro
314 2106 404 2162 certo
432 2105 561 2173 notum,
597 2118 662 2163 non
691 2099 809 2180 posuit.
856 2099 966 2175 Macri,
1002 2119 1100 2180 quem
1130 2100 1265 2164 Ovidius

84 2202 198 2269 lliacum
220 2205 376 2287 appellat,
400 2204 522 2269 bellum
547 2206 728 2270 Troianum
751 2205 839 2275 citat,
865 2225 981 2287 parurn
1005 2206 1048 2269 ad
1067 2226 1164 2270 usum
1180 2207 1265 2270 illius
1355 2248 1360 2258 ·
1447 2245 1452 2253 ·

86 2311 176 2375 atntis
200 2311 484 2376 accommodatum
513 2331 648 2386 nomen,
684 2332 785 2393 quum
814 2311 995 2394 praes'ertim
1025 2313 1134 2377 Macer
1162 2315 1265 2378 Ante-

84 2416 230 2482 bomerica
253 2427 287 2482 11
309 2418 555 2483 Posthomerica
579 2418 746 2500 scripsisse
771 2418 929 2482 videatur.
939 2414 966 2498 ²)
1001 2419 1155 2501 Sequitur
1176 2422 1265 2502 apud

53 2586 57 2597 ,
85 2521 218 2589 Ovidium
241 2524 302 2606 (111

177 2632 214 2696 Et
239 2632 294 2713 qui
318 2632 474 2696 lunonem
498 2632 635 2695 loesisset
659 2632 691 2694 in
716 2631 866 2707 Hercule,
892 2634 1004 2707 (larus,

178 2738 307 2802 lunonis
331 2739 357 2801 si
381 2758 447 2804 uon
470 2739 536 2802 iam
559 2758 658 2819 gener
682 2739 733 2801 ille
760 2739 852 2802 soret.

82 2842 153 2907 Hinc
185 2846 272 2926 apud
307 2845 481 2926 Apuleium
518 2865 549 2926 p.
580 2846 599 2907 9
629 2845 647 2923 ,ξ
677 2848 715 2908 21
754 2846 872 2909 citatur
909 2850 1012 2909 (lorus
1047 2848 1079 2908 iu
1116 2846 1263 2920 Hercule.
1280 2871 1304 2908 17

77 2948 235 3014 Proximus
259 2957 309 3014 est
332 2936 438 3015 uvion
462 2971 590 3016 versus:
975 3020 978 3025 ,

176 3057 303 3138 Quique
328 3058 418 3121 dedit
441 3058 532 3122 Latio
557 3078 689 3122 carmen
713 3059 821 3139 regale
844 3059 1001 3129 Severusz

69 3183 162 3244 quern
186 3183 328 3240 versum,
358 3170 584 3246 comparatum
609 3186 683 3229 cum
707 3166 798 3229 initio
821 3159 967 3246 epistolae
991 3167 1144 3229 secundae
1168 3165 1263 3229 huius

67 3270 146 3345 libri,
171 3270 275 3344 multi,
299 3274 336 3333 ut
359 3270 523 3348 Heinsius
549 3272 589 3335 de
614 3273 773 3354 tragoedia
796 3272 988 3353 intelligunt,
1013 3272 1083 3335 aliis
1110 3272 1264 3335 dubitan-

63 3372 201 3456 tibus³);
237 3397 277 3439 ex
313 3397 378 3457 quo
414 3377 447 3440 in
474 3378 624 3442 Scriverii
658 3379 796 3442 indicem
832 3379 1028 3459 tragicorum
1064 3378 1185 3442 relatus
1215 3387 1260 3455 est

61 3484 233 3548 s'ornelius
257 3484 408 3560 Severus,
433 3484 476 3548 ad
500 3504 598 3565 quem
616 3485 670 3548 illa
688 3486 825 3566 epistola
845 3486 966 3567 scripta
985 3492 1130 3567 putatur.
1166 3486 1264 3567 Apud

43 3591 239 3673 ,Apuleium
270 3590 423 3654 laudatur
451 3612 483 3672 p.
508 3592 528 3654 9
552 3590 570 3671 ᾗ
595 3592 652 3655 28:
690 3592 818 3654 Cassius
849 3591 981 3654 Seuerus·
1011 3594 1043 3655 in
1073 3593 1126 3654 IV
1150 3601 1263 3676 tropo>-

56 3699 135 3769 dia,
174 3696 322 3761 inaudito
356 3698 524 3778 tragoediae
560 3698 698 3761 citandae
734 3699 841 3762 modo.
897 3698 1049 3762 01111111
1085 3705 1196 3762 tamen
1232 3700 1263 3761 id

56 3806 163 3870 refert
203 3804 248 3867 ad
288 3804 435 3867 Cassium
476 3804 634 3868 Severum
674 3805 900 3871 Parmensem.
946 3825 1043 3885 quem
1087 3806 1262 3887 tragoedias

55 3912 243 3994 scripsisse.
267 3910 336 3975 solo
360 3910 608 3974 scholiastarum
634 3911 676 3974 ad
694 3911 809 3974 Horat.
828 3912 909 3993 Epp.
929 3913 950 3977 l.
975 3913 1006 3985 4,
1032 3913 1051 3975 3
1078 3912 1263 3975 testimonio

85 4124 107 4191 ¹)
126 4126 160 4179 P.
181 4125 206 4187 ἶ,
226 4123 251 4185 ι’),
270 4122 440 4186 8011111111
459 4129 486 4176 et
505 4123 654 4185 Pedonem
673 4129 704 4176 ut
723 4123 795 4191 apud
816 4124 953 4187 Ovidium,
973 4124 1154 4183 coniunctos).

85 4212 109 4279 ²)
128 4214 185 4268 cfr.
206 4212 332 4265 Wernsd
356 4212 431 4265 Poet.
456 4212 515 4264 Lat.
540 4211 603 4264 Min.
629 4212 681 4263 vol.
707 4212 741 4264 ll'
760 4229 786 4280 p.
806 4211 858 4262 578
877 4230 916 4279 sq.
955 4213 1123 4266 Henrichsen
1149 4215 1181 4265 de
1206 4230 1262 4265 car·

131 4304 200 4356 mim
221 4302 300 4370 Cypr.
320 4318 346 4369 p.
365 4301 408 4359 99.
433 4301 480 4369 qui
499 4305 573 4354 recte
598 4316 693 4367 graves
712 4300 824 4363 Osanni,
850 4301 918 4353 duos
937 4301 1041 4353 Macros
1061 4301 1261 4359 confundentis.

130 4407 241 4444 errores
260 4395 346 4442 notat.

83 4478 107 4546 ’1
130 4480 205 4532 121,
227 4478 326 4531 Funcc.
345 4478 380 4531 de
398 4477 468 4531 virili
487 4483 559 4530 relat.
575 4477 603 4530 L.
619 4477 647 4529 L.
663 4477 711 4544 lp.
731 4475 791 4530 281.
837 4478 944 4530 Scboell.
964 4479 1027 4530 hist.
1049 4480 1163 4546 abregee
1183 4480 1217 4533 de
1236 4480 1263 4532 la

150 4569 203 4622 litt.
242 4568 322 4620 Rom.
342 4584 368 4635 p.
388 4565 449 4619 250.
