2956 5190
687 352 750 418 337

112 548 317 615 debuerant.
363 548 457 631 Ergo
470 568 535 613 non
559 548 752 613 variandum
781 549 851 625 fuit,
881 552 918 614 ut
940 548 1078 614 Orellius
1101 553 1206 632 putat,
1242 550 1320 616 illud

112 662 187 721 lam
210 655 360 740 improbe,
384 655 554 720 sedidem
578 655 803 737 repetendum.
839 655 991 721 Ceterum
1014 655 1051 733 si,
1075 657 1164 737 quod
1188 656 1222 720 in
1240 657 1320 721 Ber·

112 764 280 829 nensihus
303 769 363 839 est,
393 762 427 827 in
451 761 561 826 codice
584 762 761 845 archetypo
785 763 884 826 etiarn
907 760 982 826 fuit:
1017 762 1105 826 illios
1127 765 1231 827 oratio
1254 770 1321 827 torn

112 868 279 954 irnprobo,
304 903 347 914 -
368 870 404 932 in
428 889 503 954 quos
526 868 584 932 illa
606 869 708 932 oratio
731 875 797 932 tom
819 867 973 951 improbo,
996 887 1103 951 neque
1118 870 1146 934 is
1163 888 1253 935 error
1270 873 1321 933 est

112 976 225 1047 solius
249 976 382 1054 librarii,
407 975 462 1057 qui
485 975 581 1040 Bern.
608 976 624 1038 l
650 974 787 1057 scripsit,
817 975 972 1039 mendum
996 974 1030 1038 id
1053 995 1133 1040 sane
1157 975 1228 1052 fuit,
1263 975 1322 1040 sed

112 1082 212 1165 quod
236 1081 325 1160 illud,
360 1082 448 1164 quod
471 1082 547 1160 dixi,
583 1081 767 1158 confirmet3
802 1101 879 1146 nam
903 1085 972 1146 tum
1002 1081 1057 1146 illa
1085 1075 1151 1145 t'om
1178 1082 1322 1166 improbo

112 1206 162 1255 ne
188 1191 224 1253 in
247 1188 425 1271 archetypo
449 1188 581 1271 quidem
605 1187 718 1253 addita
736 1189 835 1253 fuisse
853 1192 954 1270 patet,
978 1187 1037 1252 sed
1055 1207 1095 1252 ex
1112 1188 1220 1253 adhuc
1238 1188 1323 1252 anti·

112 1296 237 1379 quiore
260 1298 387 1360 retenta
411 1299 445 1359 et
467 1294 609 1376 quidem,
634 1314 735 1378 quum
758 1295 859 1359 semel
888 1295 1002 1359 subiici
1032 1294 1192 1360 vocabulo
1221 1296 1324 1359 oratio

112 1401 293 1479 deberent,
328 1405 471 1467 retracta
505 1402 605 1467 etiam
639 1401 673 1465 in
705 1402 848 1483 priorem
876 1402 983 1467 locum
1013 1421 1094 1467 esse.
1141 1402 1207 1466 Sed
1229 1420 1322 1466 men·
1337 1421 1377 1462 no

113 1507 204 1574 dum
237 1528 309 1573 esse
340 1508 458 1573 codicis
490 1509 674 1585 Bemensis,
709 1528 775 1573 non
805 1509 983 1592 archetypi,
1019 1509 1125 1592 arguit
1156 1508 1259 1574 codex
1290 1509 1322 1573 S.

115 1614 274 1680 Victoris.

213 1721 335 1786 Verum
358 1721 506 1786 Vaticani
535 1721 618 1786 illius
647 1722 766 1787 codicis
796 1741 869 1786 cum
901 1723 1016 1786 ceteris
1047 1720 1249 1802 comparatio
1281 1720 1325 1785 ad

116 1846 249 1911 paucam»
283 1828 444 1908 quasdam
479 1832 512 1892 et
547 1830 678 1910 exiguas
713 1828 888 1910 particulas
923 1827 1078 1910 pertinet,
1108 1829 1206 1891 extra
1241 1845 1324 1908 quas

117 1935 242 1999 ceteris
265 1934 326 1998 illis
350 1934 508 1999 utendum
532 1939 582 1998 est
604 1936 691 2000 solis.
726 1924 789 2000 llos
813 1936 925 1999 omnes
949 1954 990 1998 ex
1012 1952 1078 1998 uno
1102 1919 1221 1999 oodice⁴
1234 1933 1324 1997 Vati-

117 2042 198 2106 cani
222 2041 307 2105 illius
330 2044 463 2106 aetatem
486 2061 553 2106 non
575 2045 727 2124 oequante
757 2045 790 2106 et
820 2042 885 2107 iam
917 2041 1027 2106 multis
1058 2041 1136 2105 locis
1167 2039 1325 2104 mendoso

118 2167 185 2212 nec
209 2147 255 2211 ad
282 2147 455 2229 legendum
490 2147 577 2212 facili
611 2138 774 2215 derivatos
809 2168 890 2225 esse,
926 2147 1230 2213 manifestissimum
1264 2149 1323 2222 est,

118 2253 215 2336 quod
237 2254 407 2335 permultis
431 2255 509 2320 locis
532 2275 597 2320 non
615 2256 712 2320 modo
729 2275 844 2321 omnes
862 2259 979 2339 aperte
991 2256 1133 2336 corrupti
1157 2258 1243 2332 sunt,
1267 2253 1326 2317 sed

118 2362 226 2425 etiarn
249 2362 283 2425 in
306 2362 490 2443 corruptela
513 2363 645 2427 eosdem
676 2382 809 2444 prorsus
838 2364 1019 2427 litterarum
1048 2361 1158 2443 apices
1186 2360 1322 2437 habent,

120 2486 315 2550 quanquam
350 2467 461 2532 multis
496 2469 574 2533 locis
613 2470 647 2533 in
684 2471 919 2535 recentioribus
955 2468 1048 2533 codd.
1084 2468 1155 2531 hoec
1188 2466 1326 2548 vestigia

121 2572 318 2662 omittendo·
333 2577 366 2637 et
388 2575 616 2656 interpolando
639 2576 801 2641 occultata
823 2580 909 2641 sunt.
955 2574 1063 2656 Atque
1090 2592 1204 2638 eorum
1233 2591 1326 2637 men·

121 2679 245 2745 dorum
268 2680 424 2744 nonnulla
447 2684 524 2745 sunt
544 2681 592 2746 'ita
616 2686 731 2764 aperta
754 2683 926 2764 faciliaque
957 2682 1000 2746 ad
1029 2678 1265 2762 corrigendum,
1290 2682 1326 2742 ut

121 2785 337 2869 perspicuum
360 2788 412 2864 sit,
437 2787 616 2866 librarium,
645 2790 701 2871 qui
725 2790 869 2854 codicem
894 2791 1107 2871 archetypum
1131 2786 1269 2868 scripsit,
1294 2784 1328 2849 id

122 2899 187 2970 est,
225 2913 310 2969 eum,
346 2913 386 2959 ex
415 2915 480 2975 quo
508 2896 611 2959 nostri
635 2896 723 2960 ducti
747 2900 823 2960 sunt
845 2899 1004 2977 tanquam
1028 2913 1067 2959 ex
1091 2894 1198 2976 capite
1221 2891 1326 2969 rivuli,

122 3000 268 3065 fideliter
290 3019 376 3077 eum,
412 3020 510 3082 quem
538 3003 607 3084 ipse
636 3006 836 3084 sequeretur,
872 3001 1081 3084 expressisse,
1116 3000 1196 3064 nihil
1220 2999 1328 3081 ipsum

123 3110 368 3173 immutantem.
404 3107 440 3172 ld
464 3128 594 3190 quoque
618 3113 719 3191 patet,
744 3111 810 3173 iam
833 3111 867 3173 in
891 3107 1000 3173 codice
1024 3107 1203 3189 archetypo
1226 3106 1328 3170 verba

123 3215 308 3298 separatim
331 3215 452 3296 scripta
475 3214 591 3290 fuisse;
626 3235 731 3297 neque
761 3217 847 3280 enim
872 3215 1014 3295 alioquin
1036 3214 1070 3277 in
1093 3213 1246 3277 omnibus
1269 3231 1328 3276 no·

124 3323 206 3387 stris
230 3322 396 3386 codicibus
420 3321 577 3386 resideret
600 3322 770 3386 ridiculum
794 3321 950 3385 mendum
974 3340 1014 3384 ex
1037 3321 1145 3384 verbis
1170 3318 1255 3383 male
1280 3318 1329 3382 di·

124 3429 206 3493 visis
229 3433 338 3494 ortum
362 3447 390 3493 c.
414 3428 467 3505 40,
496 3429 539 3516 87
571 3427 599 3509 (o
622 3449 657 3491 ro
674 3448 710 3511 p.
734 3435 800 3512 tom
830 3448 889 3510 pro
913 3424 1074 3510 ereptum).
1127 3426 1194 3490 Nec
1223 3424 1329 3489 minus

125 3539 207 3601 sunt
230 3535 403 3618 perspicua
426 3535 552 3616 reliqua
575 3535 756 3599 communis
780 3533 911 3616 originis
934 3533 1079 3615 vestigia.
1090 3527 1115 3612 ¹)

155 3817 178 3884 ¹)
198 3817 339 3888 Exempla,
358 3819 392 3873 de
412 3819 511 3888 quibus
524 3817 600 3872 nulla
612 3818 647 3871 sit
659 3817 793 3871 dubitatio
806 3833 856 3871 nec
869 3816 1010 3884 dissensio,
1029 3816 1073 3869 hic
1086 3815 1187 3868 selecta
1203 3813 1330 3882 quedam

200 3906 346 3962 subiiciam
364 3914 465 3977 preter
483 3924 524 3971 ea,
549 3923 611 3976 quae
629 3906 817 3976 supraposui,
842 3905 1004 3959 Vaticanum
1024 3904 1082 3958 cod.
1103 3916 1330 3956 commemorans.

201 3996 231 4051 C.
251 3995 276 4060 5,
300 3996 334 4048 12
357 4013 453 4050 omnes
479 3987 556 4050 codd'.
581 3994 696 4048 habent:
724 3994 832 4047 stabulo
850 3996 990 4062 preclaro
1013 3992 1124 4063 (preter
1148 3991 1238 4045 Ursini
1263 3989 1330 4055 cod,

165 4103 173 4120 ·
201 4085 251 4155 qni
269 4102 378 4154 semper
396 4089 496 4155 presto
515 4089 582 4148 erat,
606 4080 725 4149 flotum);
754 4083 778 4147 ll,
797 4081 845 4136 21:
873 4091 898 4136 ot
920 4099 1001 4136 senes
1024 4085 1056 4135 dc
1078 4081 1235 4149 republica
1253 4081 1333 4131 meri·

202 4184 293 4228 rorum
311 4190 374 4243 pro:
393 4182 418 4227 et
435 4174 498 4226 bene
516 4175 548 4226 dc
559 4190 628 4240 rep.
641 4175 799 4226 meritorum
818 4169 951 4240 (apparet,
976 4188 1060 4240 quarn
1078 4169 1209 4223 ridiculus
1228 4172 1257 4221 et
1274 4183 1333 4236 per·

200 4263 314 4334 spicnus
332 4263 369 4317 sit
387 4277 476 4321 error;
505 4261 668 4316 nominatim
692 4259 768 4313 citari
787 4266 902 4329 possunt
921 4261 991 4324 Par,
1010 4261 1090 4315 Bern.
1112 4258 1136 4322 l,
1164 4257 1189 4324 2,
1217 4256 1249 4320 is,
1278 4271 1332 4326 quo

202 4369 270 4429 usus
289 4352 441 4421 Hervagius
460 4356 509 4415 est,
533 4356 718 4420 quattuorque
737 4348 813 4413 Oxx,
839 4349 865 4402 id
885 4355 934 4415 est,
959 4366 1069 4413 omnes;
1093 4363 1159 4400 nam
1178 4347 1233 4400 duo
1252 4361 1267 4398 e
1286 4360 1334 4398 sex

203 4440 264 4494 haee
282 4438 437 4507 omittunt);
457 4457 480 4494 c.
498 4439 542 4504 27,
567 4439 613 4493 59:
646 4439 725 4505 lule,
752 4441 834 4504 pessit
857 4438 933 4506 (narn
952 4438 1037 4492 codex
1055 4435 1237 4490 Memmianus
1255 4434 1334 4487 Lam·

204 4528 271 4593 bini,
289 4534 321 4583 ut
339 4546 419 4599 saepe,
448 4529 605 4583 coniectura
623 4526 688 4594 est);
717 4525 759 4591 62,
788 4527 852 4581 130:
882 4529 919 4580 od
942 4544 1025 4579 unum
1043 4527 1112 4579 dicto
1132 4527 1212 4577 citius
1230 4540 1279 4592 pro
1298 4524 1335 4576 od

205 4619 346 4672 Numidici
363 4620 447 4672 ullius.

1085 4701 1120 4753 ‘2⁴2
