2948 5206
655 276 719 341 369

130 467 325 556 culpando)
348 470 530 535 habentia
552 471 625 554 foro
648 480 700 536 tuo
724 474 957 557 arcopistratu-m,
994 472 1108 554 [etiam
1132 475 1218 551 Pan,
1254 475 1285 539 in

128 598 171 660 quo
186 578 336 660 Krarupio
360 577 565 642 credideram
589 578 686 643 scribi
714 581 749 642 ia
770 578 844 661 foro
866 587 932 643 tum
955 580 1205 664 magistratum}
1250 582 1287 645 li

127 688 188 749 lanto
211 685 311 766 magis
342 703 395 747 me
428 683 583 761 advertit,
617 685 704 767 quod
734 705 795 750 nee
826 685 1009 769 asyndeton
1041 689 1165 769 placet,
1195 689 1286 752 cuius

128 788 162 854 hic
177 790 251 855 nulla
275 794 325 854 est
348 791 442 868 ratio,
478 811 539 856 nec
569 792 641 874 ipsa
674 794 856 857 coniunctio
886 794 922 855 ia
950 793 1023 876 foro
1049 815 1157 877 perere
1185 797 1286 879 azagi·

126 903 230 962 cruam.
287 897 372 962 Nam
407 899 618 980 magistratus
653 901 756 981 gestio
790 898 972 981 generalius
1008 900 1135 978 dicitur,
1171 905 1208 966 ut
1242 903 1285 966 ad

125 1020 193 1067 nun
216 1003 400 1070 huiusmodi
430 1004 536 1069 locum
569 1005 726 1087 adstringi
760 1025 825 1070 non
859 1003 1014 1088 possit¹);
1050 1011 1163 1072 contra
1197 1012 1285 1073 recto

124 1106 205 1175 dicitur
229 1132 294 1174 rem
321 1110 485 1195 publicam
516 1113 552 1174 iu
580 1111 653 1194 foro
685 1111 922 1189 administrare,
960 1114 1047 1195 quod
1081 1119 1208 1196 spectat
1241 1117 1285 1180 ad

123 1214 227 1298 ringrlas
249 1217 395 1282 actiones
419 1218 574 1282 forenses.
615 1219 728 1300 ltaque
752 1220 885 1284 coniicio
908 1221 1117 1287 scribendum
1141 1241 1226 1286 esse:
1250 1231 1286 1286 at

127 1326 361 1388 recismundus
384 1331 448 1388 tuto
471 1325 505 1387 ia
527 1323 611 1406 foro,
639 1325 714 1388 dum
738 1327 960 1409 mopistratum
983 1335 1114 1411 gereret,
1138 1349 1203 1391 rem
1222 1350 1284 1412 pu-

123 1423 202 1493 llicum
221 1431 472 1495 admi-matram.

182 1536 212 1601 ln
232 1538 349 1602 eodem
373 1538 479 1620 capite
504 1541 661 1615 extremo,
685 1537 774 1619 §aa
799 1539 915 1603 edunt:
939 1541 1062 1605 Accma
1080 1541 1283 1621 Lentidium

121 1659 162 1703 m
177 1646 326 1727 permessit
353 1646 474 1725 locam;
507 1644 687 1708 maledicito
716 1644 861 1724 Subicio,
897 1647 1018 1710 honr-ini
1046 1648 1191 1729 Reatino,
1226 1670 1284 1712 cur

120 1750 162 1809 tom
184 1758 313 1836 ternpore
343 1750 454 1833 (scrib.
486 1770 527 1815 ex
557 1751 733 1816 Parisiensi
763 1756 796 1817 et
818 1752 889 1817 aliis
912 1750 1071 1835 temerati)
1096 1756 1283 1819 exclamarit

119 1856 223 1922 mcum.
267 1857 440 1940 Discrepat
469 1858 585 1923 vitiose
622 1879 745 1940 accusa,
781 1859 975 1935 raalcdicilm
1009 1881 1069 1925 nec
1104 1861 1282 1939 maledicito

118 1963 168 2039 rori
185 1964 240 2029 hoc
263 1965 336 2030 loco
359 1965 480 2047 potuit3
510 1965 551 2028 de
583 1965 674 2030 cuius
698 1965 811 2030 formae
836 1986 897 2030 usu
921 1967 1098 2048 disputavit
1122 1971 1198 2032 ante
1222 1968 1281 2032 ali·

118 2072 169 2146 quot
196 2091 295 2137 annos
330 2072 454 2136 amicus
489 2090 582 2136 meus
618 2073 809 2154 Krarupius‚
845 2073 945 2137 futuri
980 2081 1090 2137 tamen
1124 2076 1281 2156 temporis

117 2175 243 2243 monem
266 2179 364 2243 nimis
391 2197 562 2261 premens;
598 2179 782 2244 mirabilem
818 2179 1086 2261 significationem
1121 2200 1231 2245 rerum
1261 2202 1280 2245 a

117 2275 258 2350 humum
286 2285 576 2368 grammaticarum
605 2286 736 2350 notione
771 2286 869 2368 plane
903 2287 1125 2351 seiunctarum
1160 2288 1280 2352 Rams·

116 2383 214 2457 homins
235 2391 373 2467 affinxit,
397 2392 558 2475 exempla,
590 2396 627 2456 ut
649 2411 782 2457 necesse
807 2396 878 2457 erat
901 2386 980 2470 lieri,
1016 2394 1134 2477 regulis
1158 2395 1278 2459 adscri-

116 2486 178 2575 bens,
197 2517 259 2564 non
282 2498 545 2564 accommodans.
592 2489 742 2564 A'oristus
767 2503 817 2564 est
839 2499 1034 2582 imperativi,
1058 2521 1124 2565 non
1141 2521 1277 2583 genera-

116 2594 164 2665 liter
180 2609 208 2668 et
233 2606 422 2688 simpliciter
451 2606 577 2682 iubens,
613 2606 671 2669 sed
707 2614 836 2688 tempus
872 2607 1004 2689 aliquod
1038 2607 1084 2671 rei
1120 2607 1277 2671 faciendae

117 2702 298 2777 deleminans
321 2712 390 2777 sive
414 2712 550 2794 simplex
575 2713 643 2776 sive
666 2713 787 2794 saepius
811 2732 997 2788 recurrens;
1020 2713 1079 2777 sed
1102 2714 1173 2777 haec
1197 2713 1277 2778 alias

117 2814 256 2894 explicabo.
301 2818 374 2884 Hoc
409 2819 572 2883 Ciceronis
607 2818 677 2883 loco
712 2838 825 2882 veram
855 2821 1049 2900 scripturam
1074 2822 1278 2884 conservavit
1291 2837 1331 2876 ⁴⁷⁷

117 2919 306 2991 merearis.
331 2925 528 3006 agnovitque
550 2925 676 3006 pridem
707 2946 746 2989 ex
775 2925 872 2989 simili
907 2926 1016 2990 codice
1051 2926 1276 3008 Pantagathus

118 3019 189 3103 (cuius
207 3033 391 3098 correctura
423 3031 510 3113 apud
535 3031 691 3096 Orellinm
724 3032 812 3096 foedo
844 3052 952 3097 errore
983 3036 1136 3115 typorum
1167 3033 1276 3097 desor-

118 3137 178 3199 uala
195 3137 266 3220 est):
303 3137 443 3202 Malcdic
475 3137 559 3201 Tit-io
583 3138 710 3201 Sabino.
756 3134 879 3204 Eadem
908 3140 949 3203 de
974 3160 1074 3205 causa
1097 3159 1274 3222 cognomen

120 3235 187 3323 lidii,
205 3246 245 3310 ob
268 3265 369 3328 quam
393 3245 448 3310 illa
472 3245 596 3309 adiicit:
620 3244 740 3308 homirvi
757 3245 902 3322 Beatam,
927 3252 963 3310 ut
983 3247 1149 3311 hominem
1168 3248 1276 3310 minus

120 3343 184 3427 iflico
201 3357 309 3417 notum
337 3372 437 3434 qnam
466 3351 661 3428 Lentidium,
697 3353 751 3432 qui
784 3372 823 3417 ex
855 3353 937 3418 urbe
969 3358 1064 3430 esset,
1100 3353 1274 3418 describat.

123 3442 208 3534 (ltaque
228 3459 309 3524 alius
333 3462 382 3523 est
406 3459 511 3523 Titius
534 3459 620 3523 infra
643 3479 670 3522 c.
689 3459 742 3534 52,
767 3479 865 3541 quem
890 3460 1029 3524 eundem
1048 3480 1119 3524 esse
1138 3461 1274 3523 Ursinus

123 3558 242 3645 lutabat.)
285 3565 371 3631 Nihil
395 3565 492 3647 igitur
514 3569 626 3639 restat,
651 3566 684 3629 in
708 3585 773 3646 quo
797 3567 869 3648 quis
892 3568 1026 3631 haereat.
1062 3566 1165 3631 Panlo
1188 3571 1273 3647 post,

126 3674 145 3719 θ·
159 3663 196 3741 38,
214 3670 259 3749 81,
282 3673 339 3737 uhi
363 3676 429 3736 est:
452 3674 613 3755 pensiaco
639 3672 762 3749 Clodio,
787 3692 853 3737 non
876 3674 973 3737 credo
997 3673 1126 3747 Orellio‚
1157 3693 1273 3754 operas

126 3759 252 3841 Clodianas
274 3779 320 3844 sic
342 3779 501 3861 appellari
524 3783 682 3859 tanquam
715 3798 834 3843 novam
868 3779 1010 3861 aliquam
1042 3787 1172 3861 gentem
1204 3780 1272 3860 ple-

128 3865 210 3956 beiam,
236 3883 300 3950 iooo
334 3889 367 3950 et
401 3885 516 3968 frigido
552 3890 584 3949 et
619 3886 673 3966 qni
709 3886 761 3948 vix
796 3885 929 3967 intelligi
959 3906 998 3948 ex
1029 3884 1135 3949 verbis
1159 3887 1272 3967 possit.

130 4040 338 4071 κ-

152 4162 168 4228 'l
180 4169 223 4270 ism
236 4180 324 4250 ignoro,
343 4186 446 4256 optime
464 4186 526 4250 diei,
545 4186 735 4254 magistratum
755 4185 875 4254 aliquem
894 4202 987 4253 gerere
1006 4187 1109 4250 Romae,
1129 4187 1156 4238 in
1176 4186 1271 4254 Hispa·

154 4333 162 4363 ι
183 4273 221 4325 ¹1¹³.
235 4277 283 4336 ea,
300 4276 424 4329 universe
443 4275 563 4329 indicata
582 4276 656 4338 sede,
677 4275 704 4328 in
724 4292 778 4342 qua
797 4275 858 4342 quis
878 4275 1037 4342 magistratu
1056 4276 1192 4343 fungatur.

163 4341 289 4422 lllempore
304 4380 357 4418 non
376 4370 418 4418 est
437 4368 496 4427 cilo,
524 4365 571 4417 sed
597 4373 667 4417 recto
691 4367 812 4432 iustoque
835 4372 963 4430 tempore;
992 4363 1078 4416 Titius
1103 4381 1156 4416 non
1181 4365 1270 4416 solum

186 4443 344 4595 anie]lenrpus,
363 4454 410 4507 sed
429 4470 540 4521 prorsus
560 4453 629 4506 salso
648 4453 849 4506 exclamaverat
869 4454 980 4516 iactum,
1000 4453 1071 4520 quod
1093 4453 1194 4505 lactum
1215 4469 1269 4505 non

187 4531 234 4580 aa

1021 4626 1055 4680 24
