2948 5206
588 295 738 374 Ι71)

163 488 261 552 limodo
280 491 345 552 iam
367 488 486 552 dictam
515 489 684 555 videretur.
732 491 782 554 De
812 490 941 574 Cyclope
971 490 1089 569 itidem,
1126 494 1238 578 inquit,
1273 495 1321 558 ael
1334 513 1361 554 ss

162 597 258 658 eodm
278 595 360 680 quod
382 596 534 658 naomdus
555 595 631 677 fuit,
661 617 728 660 rem
755 604 821 660 tam
850 599 1006 681 lusionem
1034 619 1097 661 mom
1114 602 1319 682 preterisset,

160 703 202 764 risi
217 722 289 787 aare
306 703 433 786 prioris
456 701 592 766 Hesiodi
614 702 810 768 carminibus
833 705 996 788 calcatam
1019 713 1105 769 esset.

217 808 392 873 Secundum
416 808 536 872 librum
560 808 612 872 bis
636 808 714 873 citat
737 809 872 875 Nonius.
907 811 944 875 P.
971 811 1034 875 165
1057 809 1112 894 (de
1135 812 1263 877 honest.
1288 816 1321 876 et

157 933 206 978 nov.
224 919 282 980 vet.
305 916 382 980 dict.
407 935 437 979 v.
462 913 637 997 radiosi-it),
661 916 769 998 posito
792 917 884 981 verbi
907 918 1082 981 redhostire
1106 918 1256 1000 exemplo
1279 938 1320 982 ex

155 1021 208 1085 titi
226 1022 470 1104 Amphitruone,
495 1022 602 1088 addit:
627 1022 719 1087 Idem
736 1022 953 1087 didascalicam
970 1021 1014 1105 (v.
1033 1020 1241 1104 didascalico)
1264 1023 1318 1087 lib.

155 1125 192 1190 ll:
223 1127 256 1191 lli
278 1128 355 1191 dum
379 1130 474 1192 odiat
502 1128 684 1192 brevitatem
712 1131 857 1214 coruequi
884 1129 1059 1210 verboram,
1095 1130 1189 1192 aliter
1219 1150 1257 1191 ac
1279 1131 1320 1192 sit

151 1235 253 1297 eddam
291 1234 467 1298 redhostire
504 1256 662 1318 sparsura.
724 1235 760 1299 In
799 1235 953 1299 extremis
993 1235 1157 1299 Mercerus
1197 1239 1318 1299 tentat:

148 1339 245 1421 lotam
264 1341 415 1405 redhostit
432 1362 628 1424 responsam
653 1361 693 1405 ex
710 1341 829 1423 quibus
845 1361 1029 1424 respersam
1045 1361 1160 1405 verum
1178 1341 1317 1416 videtur,

145 1446 236 1509 dduxi
257 1448 426 1523 incertum,
452 1447 603 1511 radiastit
626 1448 755 1512 salsum.
801 1449 837 1513 P.
859 1447 921 1511 178
946 1446 1000 1528 (de
1023 1447 1100 1512 hon.
1124 1451 1157 1511 et
1180 1468 1233 1512 no.
1253 1451 1318 1511 vet.

142 1551 200 1616 dict.
221 1573 249 1616 r.
272 1552 432 1634 temerius)
456 1554 526 1617 haec
550 1555 660 1619 affert:
685 1553 759 1617 Ace.
784 1554 1001 1618 didascalicon
1019 1552 1241 1635 (didascalico)
1264 1553 1318 1617 lil.

142 1657 184 1722 n·
203 1659 261 1723 sa
283 1659 467 1744 armna,
491 1663 546 1746 qa·
568 1661 677 1724 caros
699 1660 1052 1742 caesaraeam.
1087 1661 1177 1724 mem
1195 1660 1318 1724 nonius

138 1764 237 1828 librum
271 1770 424 1830 octavum
459 1767 538 1831 citat
565 1788 597 1850 p.
625 1768 687 1831 194
722 1766 777 1848 (de
811 1767 942 1831 indiscr.
970 1787 1079 1848 gener.
1108 1786 1139 1830 x.
1170 1764 1317 1846 balteum:

136 1873 235 1935 Accius
267 1872 484 1937 didascalicon
512 1874 592 1938 libro
629 1872 732 1937 VIII:
768 1872 959 1937 Auctoribus
993 1874 1168 1952 rnamaleos,
1205 1872 1318 1953 baltea,
1398 1875 1401 1881 '

134 1977 304 2043 naiores.
350 1980 414 2044 Pro
444 1980 624 2045 auctor-ibas
650 1982 684 2046 in
713 1981 859 2062 margine
887 1979 1082 2061 exemplaris
1111 1972 1318 2044 bibliotheca

133 2085 337 2150 universitatis
367 2085 486 2163 Haun„
517 2087 605 2167 quod
634 2087 671 2151 G.
695 2087 718 2150 l.
742 2086 857 2162 Vossii,
885 2087 1011 2168 Marqu.
1036 2085 1142 2163 Gudii,
1173 2085 1217 2150 lo.
1241 2085 1317 2149 Alb.

132 2190 257 2256 Fabricii
285 2193 356 2268 tuit,
392 2192 593 2275 adscriptum
618 2197 683 2258 est:
716 2194 744 2275 f.
774 2192 971 2269 dmtoribas3
1007 2192 1124 2256 deinde
1153 2193 1319 2256 menalcas

132 2297 326 2363 scribendum
354 2303 414 2376 est,
439 2303 475 2363 ut
498 2299 643 2364 Scheller
666 2300 699 2364 in
722 2300 824 2364 lexico
848 2299 984 2364 monuit.

210 2404 291 2468 Noni
320 2405 394 2469 libri
422 2405 486 2469 tria
515 2406 700 2487 fragmenta
722 2410 809 2482 sunt,
845 2406 987 2487 primum
1016 2405 1105 2487 apud
1134 2404 1318 2469 Charisium

131 2508 214 2573 lib.l
242 2532 272 2593 p.
304 2513 368 2575 114
395 2513 450 2575 P.:
491 2512 607 2576 Accius
641 2535 759 2598 qaoque
793 2512 1060 2576 didascalicormm
1097 2532 1196 2575 nomo:
1233 2511 1319 2575 Nam

133 2637 216 2698 miani
240 2620 331 2681 caria
358 2621 421 2681 sirit
443 2640 560 2703 acriora
583 2628 811 2701 poematorum,
843 2619 943 2699 Boot,
973 2639 1126 2703 quaerique
1154 2619 1243 2703 loreqe
1270 2618 1319 2680 di·
1426 2675 1432 2691 ,

133 2723 233 2785 eliada
260 2724 299 2787 ab
330 2727 415 2803 aliis,
451 2746 555 2801 mosce3
592 2727 647 2788 ubi
676 2725 884 2788 scribendum
914 2729 978 2788 est:
1015 2725 1164 2788 distincta
1188 2725 1256 2787 alia
1280 2725 1319 2787 ab

134 2829 212 2899 ultim
235 2831 374 2895 altemm
399 2832 489 2914 apud
512 2833 653 2896 eundem
678 2835 727 2895 cst
750 2831 805 2894 lib.
831 2831 857 2893 ll
880 2851 912 2913 p.
940 2831 1017 2894 195:
1044 2830 1168 2894 Statim.
1204 2829 1320 2893 Accitis

136 2935 164 2996 in
192 2936 406 3002 didascalicon
442 2938 509 3001 IX:
558 2937 732 3022 Vectiaalia
770 2939 911 3021 leceranl
952 2944 1055 3000 vestra
1090 2945 1117 3000 et
1151 2945 1320 3010 servaretur

136 3045 247 3123 statio&
275 3065 339 3127 pro
368 3053 481 3109 statede
510 3053 537 3108 et
565 3045 721 3108 ordinate.
773 3044 843 3107 Vox
872 3045 1012 3127 lcqeronl
1041 3048 1193 3126 corrupta
1222 3040 1340 3123 eststt

135 3147 304 3215 Priscianus
346 3152 486 3232 denique
526 3172 558 3232 p.
588 3152 652 3215 603
682 3151 717 3214 P.
760 3151 831 3213 haec
874 3151 990 3214 habet:
1036 3148 1151 3213 Accius
1190 3151 1225 3213 ia
1266 3150 1324 3213 IX

135 3261 339 3321 immanior:
363 3267 392 3322 et
414 3258 668 3342 maonificissime
692 3259 950 3340 eccellissimeque
967 3257 1097 3332 leomare3
1122 3277 1181 3339 pro
1199 3258 1317 3339 quibus

135 3360 220 3426 Krehl
248 3384 266 3427 e
295 3364 391 3429 codd.
416 3365 513 3445 paulo
543 3365 657 3428 melius
687 3365 803 3428 edidit:
839 3363 1090 3447 aiaaaificissimi
1118 3364 1318 3427 excelsissimi

134 3466 244 3547 locare,
280 3476 368 3535 recte
398 3472 501 3536 altero
532 3471 691 3535 adiectivo
715 3475 852 3534 mutato.
899 3470 964 3533 Sed
987 3470 1209 3550 praeterhac,
1245 3490 1318 3550 qum

134 3577 313 3642 nominatim
338 3598 357 3642 e
380 3577 599 3641 didascalicon
622 3578 712 3641 libris
737 3577 887 3652 citantur,
912 3577 1026 3640 eodem
1052 3576 1213 3658 pertinere
1230 3579 1317 3638 recte
1331 3600 1358 3639 94

135 3682 304 3748 indicantur
329 3686 349 3748 ii
374 3690 521 3748 veterum
550 3685 745 3765 scriptorum
774 3684 843 3757 loci,
874 3683 928 3746 ubi
954 3684 987 3745 L.
1013 3683 1091 3747 Attii
1120 3680 1316 3755 testimonie,

134 3790 377 3855 connominato
401 3790 493 3866 libro,
517 3794 675 3873 tanquam
699 3791 732 3854 in
756 3810 791 3854 re
815 3811 880 3854 non
904 3791 1023 3871 ignota,
1048 3791 1080 3853 in
1103 3790 1211 3865 rebus,
1244 3807 1317 3868 quae

135 3895 168 3958 ad
189 3916 293 3961 scenae
316 3897 485 3961 historiam
511 3900 669 3978 spectant,
695 3901 840 3961 utuntur.
887 3898 1000 3978 ltaque
1024 3900 1110 3959 recte
1134 3894 1267 3958 Vossius
1285 3894 1318 3956 in

135 3999 206 4065 lssiro
227 4003 268 4066 de
291 4004 397 4084 poetis
422 4003 553 4079 Latinis
578 4023 598 4066 a
622 4022 687 4084 quo
710 4024 775 4067 non
799 4004 1005 4066 dissensisset
1029 4002 1169 4084 Baylius‚
1194 4000 1220 4064 si
1239 4000 1318 4063 satis

136 4108 264 4173 rationes
285 4130 362 4174 suas
379 4109 512 4173 Vossius
537 4109 749 4189 exposuisset,
774 4109 817 4173 ad
839 4110 899 4173 hos
923 4110 1022 4174 libros
1045 4107 1177 4184 rettulit,
1202 4126 1276 4189 quse
1300 4127 1319 4169 a

138 4211 276 4279 Cicerone
310 4217 343 4280 in
380 4216 480 4279 Bruto
516 4215 556 4278 de
591 4214 673 4278 miro
709 4234 817 4278 errore
845 4216 925 4278 Attii
960 4216 994 4278 in
1030 4219 1175 4295 tempore
1204 4214 1320 4294 primae

164 4456 181 4521 ι1
198 4458 397 4527 [Scribendumz
416 4465 470 4528 leae
489 4469 567 4514 morit
585 4469 674 4514 vestra
692 4469 716 4513 rt
735 4463 922 4517 cavebuntur.
951 4464 1028 4516 Hanc
1047 4462 1232 4517 coniecturam
1251 4477 1318 4513 num

202 4552 257 4617 quis
274 4551 440 4621 praeceperit,
460 4565 582 4617 quaerere
601 4567 674 4604 nunc
692 4568 748 4604 non
767 4550 867 4617 vacat]
