2956 5190
693 296 760 360 312

130 493 230 559 etiam
253 493 318 558 duo
341 490 543 558 Oxonienses
565 491 766 568 contundam,
791 490 967 580 utmerIto
989 491 1094 555 mirer
1115 488 1227 555 Orellii
1244 491 1304 555 ine·

131 600 278 683 ligIosom
311 599 511 682 religionem,
545 598 703 663 mendum
737 597 873 665 alicuius
900 597 1062 663 'editionis
1097 615 1174 662 cum
1200 595 1307 679 relitp'

130 706 351 799 propaguntIs.
401 704 543 770 Additur
576 704 619 770 ad
652 705 744 771 Fam.
767 704 822 783 IX,
852 704 889 769 2:
924 703 968 788 od
1002 702 1233 787 ‹edificandm
1259 724 1309 769 m

128 813 302 896 prdlteom
332 811 436 877 haeret
458 814 520 878 hoc
542 811 577 876 in
599 811 796 877 editionibus
819 815 893 894 post
915 809 1103 887 (trevium,
1137 811 1311 893 superium

130 923 167 984 ut
189 919 260 985 ood.
283 918 379 996 Med„
403 918 527 984 habent
550 918 784 1002 edificandam.
830 919 903 1001 Ipse
929 921 1042 982 tumen
1066 934 1175 982 unum
1198 915 1312 983 danto·

130 1027 243 1091 strabo
265 1026 383 1103 locum,
407 1024 464 1089 ubi
487 1025 587 1091 etium
609 1027 644 1091 ln
658 1025 805 1093 Medioeo
828 1023 985 1090 mendum
1000 1023 1061 1100 sit3
1085 1042 1168 1088 nam
1184 1022 1313 1088 adium

130 1132 183 1211 IX,
209 1133 261 1210 16,
285 1132 306 1196 2
329 1132 363 1202 in
385 1151 425 1197 eo
448 1150 578 1214 quoque
600 1132 758 1215 scriptum
781 1134 845 1197 est:
871 1130 915 1196 od
937 1132 1073 1195 istorum
1092 1129 1314 1194 benevolentia

130 1238 363 1303 connitendum
398 1245 426 1302 et
459 1238 687 1324 conlipendum.
744 1238 863 1305 Restat
890 1237 981 1302 Brut.
1008 1236 1061 1313 16,
1086 1236 1149 1301 62:
1185 1235 1230 1299 od
1258 1234 1315 1300 oz*

129 1345 298 1411 strandum
320 1366 387 1409 rem
404 1344 578 1429 publicam,
613 1346 668 1429 qui
696 1365 787 1412 error
815 1348 865 1411 est
893 1343 1044 1409 editionis
1072 1342 1223 1419 ordinm
1253 1362 1315 1409 nu

130 1454 313 1536 superiores
336 1455 425 1517 recte
448 1450 684 1529 illustrandam,
708 1449 752 1516 ad
775 1451 864 1534 quod
887 1470 963 1516 mox
979 1449 1127 1515 reditum
1144 1453 1208 1515 est„
1240 1448 1316 1514 Orel-

131 1559 193 1625 lius
214 1562 327 1624 tamen
351 1558 398 1642 (ln
421 1559 498 1624 edit.
522 1555 614 1640 miu.)
638 1577 704 1623 non
726 1561 851 1623 temere
875 1557 1089 1623 reiiciendum
1112 1560 1227 1639 putat3
1254 1574 1317 1621 non

131 1666 316 1732 huiusmodi
340 1666 501 1749 elegantia
524 1670 558 1730 et
586 1665 753 1731 recondita
783 1665 904 1731 mendo
932 1663 1087 1748 philologi
1117 1682 1185 1729 non
1214 1662 1318 1729 mendi

131 1772 345 1855 appellamus.
353 1767 380 1855 ¹)
425 1772 533 1849 Vides,
570 1771 648 1855 quid
679 1774 721 1837 sit
751 1773 939 1838 testimonio
965 1771 1037 1849 sihi,
1072 1774 1112 1835 ut
1137 1772 1262 1853 antiqui
1279 1769 1319 1835 lo·
1364 1766 1366 1797 ¹

131 1882 284 1974 quuntur,
319 1898 420 1945 manu
443 1879 560 1944 lacere.
606 1878 815 1944 ACicerone
839 1880 988 1943 venimus
1012 1876 1056 1942 ad
1079 1876 1258 1955 Caesarem,
1287 1896 1320 1941 ex

131 1986 221 2050 cuius
244 1985 290 2050 Β.·
306 1985 343 2051 G.
368 1987 391 2063 I,
423 1986 465 2050 38
488 1985 728 2051 Ramshornius
759 1986 853 2051 citat:
890 1983 933 2049 od
964 1983 1185 2068 occupandum
1223 1982 1320 2048 Vme-

130 2094 254 2156 tionem
300 2092 424 2157 Vellem
449 2092 584 2157 dixisset
606 2092 713 2170 simul,
738 2092 827 2175 apud
843 2091 950 2175 'quem
968 2090 1165 2172 scriptorem
1182 2091 1321 2156 Latmum

130 2198 214 2263 illius
238 2199 350 2282 oppidi
372 2219 492 2266 nomen
516 2199 671 2265 feminino
699 2219 818 2283 genere
849 2200 992 2282 positum
1023 2188 1241 2279 repperisset3
1273 2216 1322 2280 ego

77 2302 79 2306 '
130 2324 196 2370 non
231 2306 338 2371 minus
373 2305 538 2371 Caesarem
574 2307 791 2371 masculinum
830 2325 933 2389 genus
968 2308 1119 2369 secutum
1156 2322 1230 2368 esse
1262 2302 1323 2369 dloo

131 2431 230 2493 quam
254 2412 391 2478 Dinnem
415 2412 574 2490 Cassium,
604 2414 659 2495 qui
683 2413 854 2490 XXXVIII,
884 2413 927 2476 34
950 2411 1080 2493 scripsit
1105 2412 1154 2468 etr
1171 2416 1203 2468 ol
1220 2414 1255 2481 n·
1274 2413 1324 2469 οὔθ

130 2531 267 2591 cantora,
291 2519 504 2584 confirmante
528 2518 691 2584 Narbonis
714 2524 747 2585 et
768 2521 906 2585 aliorum
922 2515 1083 2600 analogia.
1118 2517 1209 2582 Dixit
1224 2521 1325 2583 tumen

131 2626 217 2690 idem
241 2625 301 2691 Dio
329 2625 461 2692 Cassius
490 2623 611 2708 (LXIII,
645 2624 716 2708 24):
744 2630 890 2704 γενόμενος
918 2633 951 2684 δὲ
978 2631 1009 2685 ἓν
1034 2628 1211 2684 dimum
1239 2628 1325 2695 Μἠν

130 2735 292 2810 tuomque
326 2753 404 2798 nam
433 2736 466 2798 et
494 2732 602 2817 Hippo
632 2754 714 2798 novo
737 2738 769 2799 et
786 2734 1006 2818 pulcherrimo
1031 2726 1142 2798 Narbo
1175 2742 1207 2800 et
1228 2732 1326 2820 calido

131 2838 289 2904 Proencuc
323 2840 489 2922 leguntur,
525 2841 672 2905 variante
707 2861 783 2918 usu,
824 2841 967 2905 maxime
1001 2839 1155 2906 interiore
1192 2834 1326 2919 aetate'I

59 2968 117 3037 ‚nc
130 2945 245 3010 Verius
269 2945 380 3011 forsan
404 2946 553 3011 videatur
576 2946 620 3010 od
642 2946 859 3030 occupandum
880 2946 1062 3012 Maecilium
1085 2949 1178 3031 apud
1195 2942 1348 3014 eundem

131 3053 294 3118 Caesarem
317 3054 354 3118 B.
379 3053 414 3118 C.
439 3053 461 3131 Ι,
486 3054 543 3130 34;
578 3073 693 3118 verum
717 3052 970 3135 Oudendorpius
1000 3053 1176 3137 plerosque
1200 3076 1278 3120 mss.
1299 3057 1327 3118 et

131 3158 204 3223 edd.
228 3164 307 3224 vett.
332 3159 548 3244 occupandam
571 3160 693 3224 habere
717 3161 844 3236 scribit3
868 3159 911 3224 ad
935 3160 977 3227 III
1001 3164 1111 3225 autem
1136 3161 1174 3225 B.
1192 3162 1230 3227 G.
1248 3181 1274 3226 c.
1291 3161 1328 3225 14

131 3266 227 3349 vulgo
249 3266 465 3351 occupandum
489 3266 540 3330 hic
564 3266 626 3349 legi
650 3271 796 3343 annotat,
821 3267 880 3331 sed
904 3268 1000 3350 vulgo
1023 3272 1153 3332 tantum
1173 3273 1207 3333 et
1220 3268 1327 3352 (oreon

131 3373 163 3435 in
187 3392 252 3438 uno
276 3374 444 3454 alteroque
468 3393 529 3437 ms.
554 3393 683 3455 quoque
707 3376 752 3438 ita
776 3373 884 3438 scribi.
931 3374 1003 3452 Quo
1033 3374 1104 3440 loco
1129 3374 1221 3457 quod
1244 3377 1328 3457 Apu·

131 3478 183 3543 leil
212 3479 356 3544 codicem
388 3480 548 3561 optimum
579 3480 800 3546 Florentinum
828 3481 883 3544 lib.
907 3481 936 3545 X
960 3502 992 3562 p.
1017 3482 1082 3546 222
1105 3482 1192 3547 Pric.
1218 3481 1262 3547 od
1284 3502 1329 3545 cr·

125 3585 321 3669 plorandum
345 3587 616 3652 monsuetudinem
641 3588 765 3652 habere
789 3588 927 3669 scripsit,
958 3587 1001 3665 id,
1031 3608 1132 3670 quum
1158 3589 1329 3671 Apuleium

160 3850 183 3916 ¹)
201 3850 264 3920 [vn
282 3869 351 3922 opus
370 3857 411 3906 est
430 3854 530 3908 addere
548 3853 651 3907 similes
671 3870 776 3910 errores
796 3872 829 3909 ex
853 3854 973 3908 editione
996 3854 1089 3922 aliqua
1113 3860 1162 3907 out
1186 3855 1275 3909 intimi
1292 3870 1332 3922 ge

202 3943 275 3996 neris
298 3942 390 3996 codice
413 3948 576 4012 propagatos
600 3949 649 3997 out
672 3950 813 4013 susceptos
837 3943 953 4012 Philipp.
974 3942 1010 3996 XI
1034 3940 1132 4007 539,
1148 3943 1246 3997 Somn.
1265 3943 1332 4011 Scip.

202 4048 224 4085 c.
243 4031 269 4094 3,
289 4032 323 4085 de
342 4031 400 4084 Diu.
420 4031 432 4084 I
450 4029 467 4097 fi
487 4031 528 4085 il.
557 4032 596 4085 De
615 4032 646 4085 N.
661 4032 692 4085 D.
706 4032 738 4095 II,
758 4032 783 4095 3,
803 4032 828 4096 9,
848 4032 895 4085 ubi
913 4031 1041 4085 scribitur
1060 4033 1098 4084 od
1115 4032 1332 4100 tumultuando*

202 4137 284 4184 mom,
303 4125 475 4189 postremum
489 4122 655 4175 vocabulum
669 4122 871 4190 iuepIIssirnum
891 4137 951 4174 esse
970 4126 1046 4189 patet
1064 4135 1098 4172 ox
1111 4119 1123 4171 I
1136 4119 1171 4172 do
1184 4118 1246 4173 Div.
1259 4116 1276 4186 fl
1287 4117 1332 4181 31;

202 4225 298 4263 verum
323 4225 378 4263 non
402 4211 625 4265 substituendum
648 4215 708 4265 erat
731 4213 768 4264 od
794 4212 1011 4277 Investipandom
1034 4226 1129 4273 uvam,
1159 4209 1208 4262 sed
1233 4206 1332 4277 slmpll·

202 4299 270 4352 citer
288 4299 440 4353 tollendum
460 4301 672 4363 substantium,
697 4306 728 4354 ut
751 4300 877 4354 obsolute
896 4299 1015 4353 dicotur:
1040 4300 1077 4351 od
1095 4291 1333 4365 inomandum]

159 4382 181 4451 ¹)
199 4385 300 4452 [Etiam
320 4389 393 4456 quod
412 4390 486 4457 opud
504 4389 565 4443 Cic..
577 4390 611 4442 ad
631 4390 687 4443 Au.
703 4389 722 4448 I,
744 4387 785 4455 13,
806 4388 819 4439 1
841 4388 939 4457 legitur
958 4390 995 4441 ad
1015 4388 1155 4454 Sicyonem
1174 4403 1334 4454 oppam

201 4477 275 4538 dum,
294 4475 483 4546 Xenophontis
499 4484 527 4532 et
539 4479 656 4532 oliorum
669 4477 795 4546 exemplo
808 4477 973 4540 detenditur,
987 4490 1148 4544 quanquam
1162 4473 1333 4542 trequentIm

203 4562 335 4617 feminino
354 4582 452 4634 penore
472 4567 537 4620 urbs
556 4563 731 4635 appellatur]
