2956 5190
580 251 591 292 '
751 288 817 353 384
858 318 861 323 -

184 483 319 547 terianis
349 484 512 547 silentium
542 488 607 560 est,
644 482 726 548 Oxx.
755 483 900 548 lacunosi
928 482 1029 563 sunt),
1065 502 1107 547 ex
1140 502 1207 565 quo
1231 482 1266 547 lit
1288 483 1350 548 llos

185 590 350 654 diabilorit.
397 590 553 671 Superius
584 590 663 654 illud
689 591 774 670 (alid
796 592 900 655 enim?
935 590 1114 655 ernendare
1147 608 1215 655 nou
1242 610 1353 672 possum

185 697 250 761 Sed
273 717 393 780 magna
422 699 455 761 in
478 698 540 762 hoc
563 702 596 761 et
619 699 767 779 proximo
797 699 904 779 capite
935 696 1113 761 difficultas
1143 696 1222 761 oriri
1250 697 1355 775 videtu,

185 804 273 886 quod
296 805 317 868 ii
340 824 465 877 versus,
495 824 576 886 quos
601 804 714 869 Cicero
748 803 963 886 tanquam'in
987 803 1107 869 eadem
1130 802 1246 868 tabula
1265 806 1357 887 positos

185 912 271 985 citet,
295 930 336 974 ex
359 911 495 975 diversis
518 913 639 993 sumpti
663 912 737 976 sint.
784 912 898 994 ltaque
921 911 1065 975 haeretur
1089 910 1237 975 maxime
1257 911 1287 975 in
1305 930 1357 975 rer·

184 1017 235 1081 bis
260 1019 293 1080 in
316 1017 424 1081 eodem
448 1017 563 1099 fabulo
587 1038 614 1082 c.
638 1019 679 1083 57
704 1019 773 1082 init.
808 1018 874 1083 Sed
897 1037 971 1082 eam
995 1016 1228 1082 difficultatem
1245 1019 1359 1083 maxima

185 1144 225 1188 ex
248 1128 342 1205 parte
365 1125 426 1188 sibi
449 1125 512 1205 ipsi
536 1129 658 1188 creant.
705 1125 789 1190 Nam
819 1144 894 1206 quae
917 1123 935 1205 ἓ
962 1125 1025 1188 122
1053 1123 1165 1206 posita
1194 1127 1277 1199 sunt,
1305 1144 1358 1207 qua

185 1234 218 1294 et
240 1249 300 1311 per
322 1250 358 1295 se
382 1234 532 1312 apertum
557 1236 607 1295 est
629 1251 670 1295 ex
692 1231 787 1295 Ennii
810 1231 1043 1296 Andromacha
1065 1234 1203 1313 sumpta
1219 1250 1283 1295 non
1299 1250 1359 1305 aaa

185 1356 224 1400 ex
248 1356 313 1418 qua
344 1338 493 1418 proxima
520 1339 690 1419 superiora
717 1342 804 1414 sunt,
840 1342 873 1402 ei
906 1338 1099 1403 scholiastes
1133 1338 1306 1403 Vaticanus
1331 1359 1360 1403 er

183 1443 264 1506 Attii
288 1443 452 1526 Eurysace
484 1444 583 1508 ducta
611 1444 720 1519 tradit,
756 1464 796 1509 ea
827 1445 939 1509 Cicero
970 1448 1100 1509 tantum
1135 1445 1243 1523 abest,
1276 1450 1308 1509 ul
1332 1465 1361 1509 er

185 1549 312 1626 eadem,
348 1570 414 1632 qua
437 1552 616 1631 superiora,
653 1550 766 1616 tabula
788 1557 921 1634 sumpta
943 1551 1113 1634 significet,
1151 1555 1188 1616 ut
1211 1557 1317 1617 oonlra
1332 1572 1361 1615 er
1402 1582 1404 1639 ᾗ

185 1657 249 1720 alia
273 1676 345 1721 esse
369 1661 497 1721 tantum
528 1677 594 1722 non
625 1658 747 1739 apertis
775 1658 883 1722 verbis
907 1657 1004 1722 dicat.
1051 1658 1138 1722 Nam
1162 1677 1266 1740 quum
1286 1678 1363 1740 supra

184 1764 334 1828 dixisset:
353 1765 454 1848 poulo
471 1771 544 1847 post
566 1765 602 1827 in
624 1763 734 1827 eodem
754 1763 879 1845 subulo,
903 1764 955 1828 hic
971 1765 1049 1828 nihil
1066 1764 1175 1829 simile
1191 1766 1292 1847 ponit
1312 1764 1362 1833 soll

183 1874 341 1952 tanquam
366 1871 407 1935 de
430 1872 494 1935 alia
517 1890 553 1935 re
576 1872 705 1952 alioque
727 1875 890 1951 tempore:
919 1871 1019 1956 qaid?
1039 1872 1099 1935 illo
1123 1872 1364 1956 qumadmodan

184 1976 267 2040 dixit
291 1977 398 2040 idem?
430 1977 525 2056 Quod
554 1986 664 2042 autem
693 1978 764 2041 haec
792 1981 939 2042 extrema
966 1978 1153 2042 necessario
1176 1981 1321 2043 statuunt
1337 1997 1366 2042 ex

185 2083 301 2148 eadem
325 2083 438 2148 tabula
462 2103 543 2159 esse,
569 2104 608 2148 ex
631 2104 697 2166 qua
720 2085 790 2149 illa:
822 2087 876 2170 qai
898 2084 1148 2168 rempublicam
1172 2088 1236 2149 cet.
1281 2084 1367 2165 §120

185 2194 218 2254 et
243 2191 302 2254 121
330 2191 478 2267 citentur,
508 2210 582 2272 quae
611 2191 775 2256 Ciceronis
802 2192 904 2256 rerba
932 2191 981 2274 (in
1003 2191 1113 2255 eadem
1134 2192 1265 2274 fabulo,
1293 2213 1318 2257 c.
1336 2192 1366 2257 al

184 2297 267 2378 init.)
291 2317 331 2362 ex
354 2298 586 2362 Andromacha
609 2318 682 2362 esse
706 2298 890 2375 ostendunt,
920 2318 959 2363 ea
987 2298 1157 2363 Garatonii
1186 2302 1239 2363 est
1261 2298 1367 2364 coniec-

185 2408 268 2480 tura,
292 2405 382 2468 nulla
406 2424 445 2469 ex
468 2405 533 2468 alia
556 2404 655 2469 (lucta
677 2425 723 2481 re,
747 2405 808 2469 nisi
831 2406 918 2488 quod
942 2406 1104 2488 prioribus
1124 2406 1277 2470 versibus
1293 2405 1366 2470 Gra·

185 2529 242 2575 cus
265 2511 381 2593 aliquis
405 2511 567 2587 laudatur,
603 2514 640 2574 ut
671 2511 808 2588 ridetur,
845 2531 918 2575 curn
950 2511 1082 2593 querela
1115 2510 1239 2594 aliqua,
1274 2511 1367 2576 alteris

184 2617 245 2681 illis
269 2619 359 2682 exsul
383 2619 499 2700 aliquis
524 2617 656 2682 Graecus
685 2619 894 2700 significatur.
940 2618 1061 2681 Verum
1096 2618 1169 2682 haec
1204 2638 1285 2683 sane
1315 2635 1366 2682 nou

184 2725 350 2788 sufficiunt
384 2724 426 2789 ad
461 2725 670 2789 evertendam
705 2726 910 2807 aptissimam
927 2744 1003 2805 ‚per
1036 2743 1072 2788 se
1101 2728 1133 2788 et
1162 2724 1365 2789 firmissimam

184 2831 376 2896 testimoniis
400 2833 596 2913 scripturam
620 2831 793 2895 verborum
819 2832 852 2893 io
875 2830 984 2894 eadem
1005 2829 1131 2911 fabulo,
1168 2850 1268 2912 quam
1295 2850 1363 2913 pra·

184 2939 296 3002 sertim
330 2938 525 3002 narrationis
560 2937 640 3002 ordo
674 2937 863 3019 planissime
892 2937 1071 3000 confirmet.
1117 2936 1184 3001 Cur
1213 2939 1296 3002 enim
1321 2936 1363 3001 illa

130 3065 170 3106 oe
185 3063 224 3107 ex
247 3044 479 3108 Andromacha
510 3044 581 3108 aliis
613 3044 698 3108 ludis
728 3048 802 3108 acta
837 3043 948 3108 Cicero
983 3043 1181 3107 interiiceret
1215 3045 1296 3108 iuter
1324 3061 1361 3113 ea.

184 3170 258 3233 quae
282 3151 448 3215 adunam
472 3151 617 3215 tabulam
642 3150 862 3232 pertinerent?
885 3149 1100 3232 Relinquitur,
1124 3169 1185 3215 nos
1202 3152 1361 3221 nescirer

184 3277 249 3338 quo
273 3258 381 3340 priora
406 3259 459 3322 illa
483 3259 516 3322 in
539 3256 771 3322 Andromacha
794 3257 881 3321 dicta
904 3259 968 3321 sint
992 3260 1024 3320 et
1048 3256 1089 3321 de
1112 3277 1194 3338 qu03
1218 3257 1275 3322 sed
1297 3256 1358 3320 ula

184 3364 287 3428 multa
311 3364 512 3446 ignorantur.

273 3471 380 3548 (1.57,
407 3472 480 3548 122,
504 3470 561 3534 ubi
585 3474 650 3534 est:
677 3477 709 3532 ut
726 3470 773 3533 vel
796 3491 817 3532 o
836 3469 946 3533 Catulo
969 3506 1013 3513 -
1030 3470 1190 3553 preclare
1207 3489 1296 3553 posse
1311 3465 1360 3529 ilici

184 3576 375 3654 viderentur,
400 3583 488 3642 recte
511 3577 582 3642 cod.
606 3576 708 3640 Paris.
732 3576 855 3639 habere
879 3575 1022 3640 videtur:
1059 3597 1078 3639 a
1105 3576 1140 3656 Q.
1168 3576 1286 3651 Catulo,
1314 3570 1360 3636 esi

183 3685 210 3748 is
233 3685 332 3767 paulo
356 3689 432 3749 ante
455 3686 642 3749 nominatus
671 3687 730 3765 est,
766 3682 824 3746 sed
855 3683 918 3747 alio
949 3683 1063 3759 modo;
1098 3683 1160 3746 hoc
1192 3683 1262 3747 loco
1291 3679 1360 3744 enin

184 3796 341 3874 tanquam
365 3811 449 3855 unus
472 3790 643 3873 singularis
666 3788 794 3854 virtutis
817 3794 849 3854 et
873 3789 1038 3871 dignitatis
1062 3790 1161 3853 homo
1185 3788 1359 3871 appellatur,

184 3899 271 3979 quod
306 3899 374 3963 fieri
409 3900 493 3964 solet
520 3899 632 3963 addito
659 3897 870 3980 praenomine.
917 3895 982 3960 Sed
1016 3897 1049 3959 in
1084 3894 1202 3959 eadem
1236 3893 1360 3958 sectione

184 4007 369 4070 coniectura
393 4006 580 4070 adhibenda
596 4009 646 4069 est
662 4004 704 4069 ad
723 4006 846 4067 certum
868 4001 1024 4067 mendum
1041 4001 1232 4066 tollendum.
1267 3999 1365 4064 Editur

184 4113 270 4175 enim
295 4112 337 4176 ab
361 4113 522 4190 omnibus,
547 4112 694 4178 codicum
719 4109 928 4174 auctoritate:
952 4109 1007 4173 sed
1029 4116 1134 4172 tomen
1158 4106 1248 4201 iltuit.
1256 4105 1366 4190 scripsit

183 4218 409 4283 ‹lisettissimus
434 4228 529 4303 poeto
554 4240 617 4304 pro
648 4239 705 4299 me,
741 4218 802 4301 epit
830 4216 1025 4297 fortissimus
1057 4222 1154 4297 octor,
1191 4235 1252 4278 »ron
1282 4213 1368 4278 solum

184 4328 327 4408 aptitatus,
359 4327 397 4390 cle
427 4348 483 4390 irre.
528 4327 649 4390 Verum
673 4324 728 4407 qui
752 4325 857 4406 potuit
887 4325 995 4387 Attius
1027 4322 1137 4387 multis
1169 4323 1264 4387 annis
1295 4325 1370 4386 ante.

184 4451 284 4513 quum
309 4433 421 4498 Cicero
445 4433 583 4498 sortasse
606 4451 647 4495 ne
670 4435 768 4495 natus
792 4431 924 4513 quidem
949 4435 1045 4507 esset,
1070 4450 1130 4511 pro
1155 4448 1194 4494 eo
1217 4428 1372 4493 scriberet

184 4538 283 4620 Igitur
313 4539 459 4604 Graevius
491 4540 741 4621 interpretatur:
780 4537 844 4614 „sic
874 4538 1012 4620 scripsit,
1047 4542 1083 4601 ut
1111 4535 1235 4618 optime
1264 4552 1374 4601 conve-
