2948 5206
659 274 726 339 295

175 469 263 550 Quae
286 492 314 535 c.
339 471 394 549 64,
429 470 502 556 144,
516 469 677 553 legtmtur,
713 489 813 552 quam
845 471 986 552 graviter
1018 473 1170 552 corrupta
1202 469 1291 534 vide·
1307 487 1346 528 aar

115 579 201 655 utrm,
235 578 420 662 expositum
453 580 504 641 est
534 577 568 640 in
597 595 647 659 ep.
679 576 723 641 ad
746 575 844 641 Orell.
868 597 901 658 p.
926 577 968 641 85
991 597 1079 659 sqq.;
1113 576 1292 659 Zumptius

115 683 152 761 pli
183 683 311 767 singula
345 687 481 748 excusat
515 680 566 765 (ut
595 682 675 748 illud
703 683 966 765 conmonefacere
988 680 1203 766 preclaram),
1227 682 1301 748 non'

115 789 179 854 satis
211 790 388 856 attendisse
422 790 561 866 videtur,
597 809 696 872 quam
731 789 835 854 multa
869 789 1135 872 perturbationis
1158 790 1300 873 vestigia,

117 901 341 973 mammetem
376 896 436 979 qui
455 896 544 979 quod
568 915 663 961 voces
687 896 863 959 miccmodc'
892 904 1020 974 canstat,
1056 916 1138 979 quas
1167 896 1294 962 codices

124 1001 225 1087 addunt
244 1007 318 1087 post
340 1011 550 1088 consumptae,
586 1023 604 1068 e
632 1003 855 1086 superioribus
883 1004 1039 1086 repetitas
1063 1007 1169 1085 putat,
1203 1005 1293 1086 prius

129 1110 290 1175 rotabulum
313 1130 415 1194 supra
438 1111 571 1176 omnino
594 1129 660 1175 non
683 1109 810 1191 legitur.
845 1109 941 1175 Addo
965 1110 1013 1187 iis,
1037 1129 1112 1192 quae
1135 1109 1198 1174 illic
1218 1110 1294 1188 dixi,

134 1215 202 1282 uiris
229 1237 361 1300 operose
395 1219 528 1282 tertium
563 1216 642 1282 illud
673 1216 859 1281 membrum
887 1217 1082 1299 praeparari:
1119 1215 1189 1280 Hoc
1222 1237 1295 1281 cero

139 1324 247 1406 sapum
268 1345 332 1389 csse
355 1332 427 1404 cet,
463 1345 565 1408 quum
593 1324 673 1389 illud
704 1343 797 1406 aeque
821 1322 963 1416 breviter
986 1343 1025 1389 ac
1048 1325 1218 1407 superiora
1241 1325 1294 1390 Ci-

142 1445 188 1494 cero
204 1430 359 1509 absolvat3
383 1451 454 1509 nec,
478 1452 552 1514 quae
576 1430 736 1507 dicuntur,
761 1430 802 1495 de
824 1429 880 1495 illa
902 1433 996 1512 parte
1020 1431 1294 1497 senatusconsulti

144 1538 209 1618 mais
226 1557 320 1620 quam
344 1539 386 1603 de
409 1538 632 1621 superioribus
655 1537 718 1601 dici
740 1540 905 1619 poterant.

198 1643 275 1709 loc.
298 1643 358 1723 65,
393 1645 456 1709 146
492 1646 593 1709 miror
626 1644 798 1709 retinuisse
829 1643 1017 1727 Zumptium
1048 1644 1215 1728 vulgatam
1245 1643 1294 1708 di·

144 1748 299 1816 maionem
322 1770 385 1815 nec
408 1750 509 1816 verbo
532 1754 645 1815 tamen
668 1750 852 1816 defendisse
874 1753 1019 1834 ineptam
1035 1752 1125 1817 illam
1141 1751 1294 1827 coniunc-

143 1852 234 1921 tiorem:
266 1878 284 1921 o
317 1856 474 1921 bominem
501 1858 644 1922 relictum
673 1879 694 1921 a
728 1859 919 1942 accpistratc
953 1858 1069 1936 Siculo,
1105 1859 1198 1940 quasi
1232 1858 1295 1923 hoc
1339 1935 1341 1938 ¹

142 1974 251 2044 mgnum
273 1969 306 2030 et
329 1964 567 2029 exclamatione
591 1965 726 2046 dignum
750 1967 836 2028 esset
860 1969 917 2029 aut
947 1969 1035 2030 recte
1066 1965 1183 2030 saltem
1207 1964 1294 2029 dice·

115 2156 117 2165 Ι
140 2070 197 2133 retu
213 2070 249 2135 de
270 2091 320 2149 eo,
344 2090 444 2153 quem
467 2091 533 2136 non
556 2071 767 2153 magistratus
791 2071 928 2147 Siculus,
952 2071 1012 2135 sed
1034 2072 1139 2136 omnis
1161 2074 1295 2137 senatus

115 2167 317 2256 'Syncmanus
341 2197 408 2242 non
430 2177 624 2259 reliquisset,
648 2178 707 2242 sed
723 2177 840 2260 insigni
856 2176 973 2242 iniuria
989 2179 1161 2243 affecisset.
1199 2176 1296 2256 Quod

135 2285 211 2347 mum
231 2286 263 2350 in
284 2303 364 2349 vera
396 2284 667 2366 interpunctione,
703 2303 768 2365 qua
799 2281 1070 2350 exclamationem
1102 2285 1296 2368 generaliter

128 2389 272 2468 ponam:
306 2411 325 2455 o
358 2389 516 2454 desmum
551 2389 718 2472 laninam,
753 2390 964 2474 despcrctum,
999 2393 1143 2456 relictum
1178 2392 1296 2482 excipit

126 2496 277 2577 explicam·
299 2498 346 2562 rei
382 2495 536 2575 ridiculae,
572 2496 742 2579 Zumptius
776 2501 875 2580 negat
902 2502 1027 2580 patere,
1063 2518 1161 2582 quem
1192 2498 1296 2580 magi-

118 2606 234 2668 stratum
256 2608 368 2669 orator
392 2603 488 2681 dicat,
524 2604 644 2681 nescio,
680 2604 735 2687 qui
766 2604 869 2686 magis
901 2605 935 2669 in
964 2605 1067 2670 altera
1091 2605 1296 2671 distinctione

115 2725 255 2790 apparere
278 2711 385 2776 visum
408 2711 460 2790 sit,
486 2730 567 2790 esse,
592 2711 647 2794 qui
671 2714 823 2776 senatum
846 2711 1031 2789 habuisset;
1055 2711 1098 2776 ab
1123 2732 1162 2777 eo
1185 2714 1295 2793 itaque

115 2814 263 2897 [quoniam
286 2819 320 2881 in
344 2836 384 2882 eo
408 2836 538 2899 quoque
562 2817 731 2900 ZumptIus
756 2817 992 2895 difficultatem,
1025 2839 1099 2901 quae
1122 2818 1211 2884 nulla
1235 2824 1295 2893 est,

115 2921 280 3006 excogitat),
315 2924 362 2988 rei
395 2927 495 3006 gestae
526 2930 669 3000 auctore,
706 2924 863 2989 Caesetius
898 2928 1074 3007 praetorem
1109 2927 1296 2990 Romanurn

115 3030 300 3113 appellabat.

182 3137 220 3202 C.
244 3139 297 3213 66,
329 3138 392 3202 146
422 3157 523 3219 quum
553 3139 586 3202 in
614 3137 803 3220 vulgaribus
832 3137 921 3202 libris
946 3143 1032 3202 esset
1056 3139 1228 3203 mendose:
1263 3140 1298 3201 in

115 3243 208 3307 uittas
229 3245 357 3328 ricardo
374 3246 556 3328 perscripta
585 3252 686 3320 ercan,
722 3244 846 3309 editum
875 3247 924 3308 est
953 3245 1087 3309 deinde:
1124 3247 1159 3307 irc
1187 3245 1298 3330 pacibus

115 3350 188 3416 ’.0.
208 3353 391 3434 perscripta
414 3358 515 3428 eram,
551 3351 636 3415 notis
659 3351 797 3433 sumptis
823 3370 861 3415 ex
885 3351 1073 3416 melioribus
1098 3351 1203 3428 libris;
1239 3352 1296 3415 sed
1311 3362 1351 3402 tat

133 3461 301 3541 praeterea
324 3477 438 3522 omnes
465 3457 599 3529 habent,
613 3460 877 3541 perscripserunt,
913 3462 950 3522 ut
978 3458 1297 3523 senatusconsultum
1425 3443 1427 3446 ⁵

115 3585 197 3630 num
231 3563 448 3646 intelligatur,
488 3563 576 3646 quod
615 3564 819 3646 apertissime
860 3567 930 3628 tota
963 3567 1108 3629 narratio
1142 3563 1296 3647 postulat.

115 3673 213 3738 lirum
238 3675 289 3736 est
312 3671 420 3754 igitur,
456 3670 644 3752 Zumptium
669 3671 755 3734 idem
780 3670 958 3734 admodum
982 3670 1116 3735 licenter
1139 3669 1297 3735 mutando

115 3780 223 3844 fficere
249 3777 342 3855 velle,
378 3780 416 3841 ut
438 3777 614 3842 scribatur:
645 3779 859 3860 perscriptum
883 3784 961 3840 crat.
1007 3777 1092 3841 Nam
1116 3776 1203 3858 quod
1227 3775 1297 3839 illos

115 3887 274 3951 conitores
297 3904 365 3948 non
387 3885 476 3966 ipsos
500 3883 625 3948 scribas
657 3884 756 3947 luisse
781 3884 835 3960 ait,
872 3882 991 3947 nollem
1023 3881 1196 3947 excidisset
1227 3881 1297 3945 viro

159 4185 300 4254 scriptura
317 4182 406 4237 videri
430 4188 532 4251 potest;
561 4189 629 4248 tum,
653 4202 702 4238 cur
725 4185 845 4253 parvitas
869 4185 957 4252 primo
980 4184 1040 4237 loco
1063 4182 1184 4236 notanda
1206 4181 1297 4246 luerit,

159 4289 265 4343 parum
291 4270 469 4342 perspiritum
497 4271 556 4341 ipse
584 4289 693 4341 quoque
719 4271 868 4326 ‘verborum
887 4273 962 4337 ordo,
990 4272 1012 4326 si
1037 4273 1072 4325 ad
1096 4271 1179 4324 fidem
1198 4271 1297 4324 codicis

159 4362 252 4415 Paris.
270 4353 306 4426 et,
325 4365 357 4415 ut
369 4359 475 4430 opinor,
494 4359 591 4415 Guelff.
605 4367 729 4415 mutatus
746 4361 837 4430 fuerit,
856 4363 903 4415 illa
921 4361 1056 4430 scriptura
1075 4367 1106 4414 ut
1118 4360 1296 4429 improbetur,

158 4451 257 4505 saciet.
291 4450 372 4504 latet
391 4448 557 4504 reconditius
576 4450 688 4518 aliquid,
708 4451 782 4518 quod
803 4467 858 4503 non
872 4450 990 4518 reperio;
1010 4464 1074 4503 nam
1095 4450 1212 4502 Parium
1224 4452 1298 4501 recte

156 4537 309 4608 Zumptius
327 4537 436 4593 refellit
