2956 5190
725 257 792 323 410

134 451 288 515 'lectam
335 450 402 516 Neo
430 472 575 535 possum,
612 454 690 535 quin
720 454 932 518 vehementer
961 450 993 516 ei
1023 454 1059 516 et
1091 450 1226 515 Baitero
1251 455 1339 517 auctor

160 559 231 634 sim,
255 560 293 622 ut
315 558 348 621 in
371 577 457 623 nova
474 558 637 624 Ciceronis
661 579 797 641 operum
818 558 968 636 editione,
993 559 1089 623 cuius
1113 557 1180 622 hoc
1202 555 1342 639 specium

160 683 231 728 esse
265 663 447 742 voluerunt,
483 667 515 730 in
550 666 684 749 singulis
717 665 809 730 libris
836 685 995 730 novorum
1025 657 1194 740 codicum,
1228 681 1343 744 quamn

158 771 258 836 fidem
292 770 326 834 in
360 773 507 836 oratione
542 772 769 837 constituenda
803 771 913 853 aliqua
953 790 994 836 ex
1028 774 1129 853 parte
1163 768 1344 852 sequendam

35 917 39 924 -
158 877 314 960 putarint,
349 878 463 959 plenas
494 880 673 961 scripturas
705 877 887 956 subiciant,
922 878 980 942 ubi
1009 897 1087 943 cum
1114 879 1270 942 contexta
1289 895 1346 940 on·

158 985 246 1049 tione
273 984 424 1049 contendi
447 986 558 1050 statim
587 984 721 1068 possint,
757 1003 818 1049 nec
848 1003 904 1049 eas
936 1004 972 1049 se
1003 983 1190 1065 aiiquando
1223 981 1348 1047 editruos

158 1091 361 1172 promittant.
407 1090 493 1155 Nam
528 1091 714 1156 huiusmodi
749 1089 882 1155 consilia
916 1090 1020 1155 multa
1055 1090 1193 1154 evenire
1230 1096 1347 1171 possm&

159 1216 232 1277 quae
256 1196 451 1262 conturbent
474 1200 507 1262 et
529 1197 724 1279 impediant;
748 1200 782 1261 et
804 1196 990 1261 siexsecuti
1005 1196 1143 1274 fuerint,
1168 1195 1250 1277 quid
1264 1194 1350 1259 habe

54 1290 79 1366 .
158 1303 207 1367 bit
229 1302 376 1367 utilitatis
400 1304 522 1369 selecta
544 1304 598 1368 illa
621 1304 790 1386 scriptura
806 1304 969 1367 varietas?
996 1301 1114 1384 Spatio
1131 1301 1269 1384 uiridem
1284 1320 1351 1383 opus

160 1411 222 1475 erit
244 1410 287 1474 ad
309 1410 398 1475 illam
422 1430 492 1475 rem
516 1430 582 1475 non
605 1410 700 1475 valde
723 1429 852 1492 magno,
876 1428 976 1491 quum
999 1411 1202 1491 praesertim,
1232 1408 1351 1473 metiore

158 1517 264 1599 posito
286 1518 386 1581 totius
411 1516 607 1582 recensionis
636 1517 860 1591 fundamento,
896 1515 1000 1580 multa
1031 1515 1143 1581 omitti
1174 1517 1301 1598 possint
1326 1518 1352 1579 et

131 1624 301 1688 ⁴debeant
323 1643 363 1688 ex
386 1623 552 1705 superiore
576 1627 748 1705 apparatu,
784 1642 858 1704 quae
889 1625 986 1686 antea
1010 1621 1155 1687 tortasse
1180 1623 1253 1687 iure
1275 1640 1352 1686 com·

158 1734 429 1796 memorarentur.
486 1729 544 1794 Sin
578 1729 672 1794 aliter
706 1729 854 1807 fecerint,
891 1747 1036 1810 semper,
1073 1728 1184 1793 donec
1217 1728 1352 1810 pleniora

158 1838 365 1914 habebimus,
400 1836 596 1912 verebimur,
632 1855 673 1900 ne
696 1855 763 1899 non
785 1834 832 1900 ita
854 1854 971 1918 pauca,
1006 1854 1082 1917 quae
1105 1838 1167 1899 aut
1190 1832 1351 1917 probanda

158 1945 279 2008 fuerint
308 1947 367 2008 aut
396 1943 542 2007 veritatis
574 1941 709 2024 vestigia
738 1945 770 2005 et
793 1941 988 2006 mendorum
1011 1941 1219 2006 occultorum
1243 1940 1349 2005 indicia

158 2050 341 2127 habuerint,
377 2049 556 2114 editoribus
591 2068 651 2113 nec
686 2047 856 2130 probanda
884 2067 944 2111 neo
974 2047 1269 2113 commemoranda
1291 2046 1351 2111 risa

157 2158 232 2221 sint.
278 2156 374 2234 Quod
397 2155 494 2236 quale
518 2155 568 2232 sit,
600 2155 721 2236 partim
745 2156 778 2218 in
801 2154 948 2219 oratione
971 2154 1116 2220 Caeliana
1140 2157 1176 2218 et
1200 2153 1351 2219 Sestiana

67 2287 69 2292 ·
122 2348 125 2354 ³
158 2263 214 2327 ubi
238 2262 385 2327 codicum
408 2261 622 2326 Bernensium
646 2261 788 2343 integras
812 2260 989 2342 scripturas
1007 2280 1081 2326 curn
1100 2259 1238 2342 reliquis
1254 2258 1349 2327 codd..

157 2369 300 2434 maxime
322 2368 507 2445 parisiensi,
544 2385 734 2449 comparare
762 2370 921 2448 poteram,
957 2367 1182 2449 superioribus
1211 2367 1349 2449 disputa·

157 2475 299 2540 tionibus
323 2476 392 2539 sine
416 2475 482 2539 ulla
505 2475 740 2538 obtrectatione
757 2473 1017 2538 demonstratum
1034 2493 1107 2537 esse
1122 2477 1217 2555 puto,
1240 2473 1350 2556 partin

158 2602 223 2646 non
245 2601 313 2645 una
336 2601 396 2644 nec
418 2582 594 2645 temeraria
617 2580 801 2661 suspicione
832 2579 865 2643 in
897 2580 960 2644 hac
990 2579 1061 2662 ipsa
1090 2580 1243 2646 oratione
1266 2582 1350 2663 pate·

157 2689 223 2764 fiet,
248 2689 339 2751 cuius
363 2687 516 2768 deinceps
540 2686 682 2768 singulos
706 2686 793 2750 locos
817 2705 1005 2767 persequar,
1034 2688 1068 2749 in
1091 2685 1214 2767 quibus
1237 2687 1280 2750 ab
1302 2685 1349 2750 illa

158 2796 345 2858 recensione
370 2794 602 2858 discedendum
627 2792 765 2856 videtur.
812 2792 947 2869 Minora,
984 2792 1025 2856 de
1054 2791 1174 2873 quibus
1199 2791 1348 2874 explicate

158 2901 220 2964 dici
244 2921 326 2983 opus
349 2920 416 2965 non
440 2904 497 2977 est,
534 2900 689 2981 quoniam
718 2903 830 2963 tamen
860 2900 1010 2963 omittere
1033 2897 1118 2976 nolo,
1154 2900 1189 2962 in
1213 2899 1348 2981 margine

157 3001 325 3088 ponam.¹)

246 3113 281 3178 C.
307 3113 337 3181 3.
373 3114 392 3175 6
429 3114 536 3176 minus
571 3115 657 3176 recte
694 3112 817 3176 editum
853 3115 903 3176 est
937 3132 976 3175 ex
1006 3112 1120 3203 'codioe
1158 3111 1345 3177 Erfurtensi:

161 3220 273 3283 Omitto
297 3218 547 3283 iurisdictionem
569 3219 602 3281 iu
627 3217 760 3281 liberam·
788 3219 943 3281 ciuitatem
972 3225 1080 3281 contra
1110 3218 1192 3302 lepos
1206 3226 1344 3284 -aeaotua

157 3347 214 3410 quc
237 3326 388 3402 cornulto,
421 3325 478 3388 ubi
502 3326 534 3388 in
558 3324 689 3406 reliquis
714 3324 807 3389 codd.
832 3324 939 3406 (PAB,
969 3324 1145 3388 Dresdensi
1169 3344 1299 3408 quoque
1319 3328 1343 3387 et

158 3430 286 3513 ceteris)
310 3436 369 3508 est,
394 3436 431 3495 ut
446 3431 542 3512 vulgo
559 3431 729 3507 edebatur,
754 3433 788 3494 in
811 3430 912 3495 libera
935 3432 1068 3495 civitate.
1104 3431 1193 3496 Infra
1217 3452 1245 3495 c.
1269 3432 1298 3503 4,
1320 3431 1345 3495 i.

157 3559 221 3620 quo
245 3540 315 3604 loco
339 3537 477 3603 Orellius
508 3539 618 3616 utitur,
653 3538 815 3620 singulare
844 3558 946 3620 genus
976 3542 1252 3603 commemoratur
1278 3556 1344 3602 cau·

156 3665 267 3709 sarum
299 3645 383 3708 inter
417 3644 537 3709 liberos
571 3646 708 3727 populos
744 3648 776 3708 et
810 3644 896 3708 cives
931 3644 1098 3708 Romanos
1134 3643 1176 3708 de
1210 3643 1345 3727 pecuniis

158 3753 297 3829 creditis
334 3752 374 3815 de
406 3771 471 3833 quo
499 3771 617 3832 genere
646 3752 793 3833 pecuniae
824 3752 927 3815 multa
956 3751 1081 3832 legibus
1105 3754 1139 3814 et
1161 3750 1254 3815 SCtis
1278 3769 1344 3815 con·

157 3860 270 3924 stituta
294 3859 392 3923 fuisse
416 3858 536 3922 scimus
560 3856 637 3939 (vid.
661 3878 691 3922 r.
717 3879 743 3922 c.
767 3859 886 3922 Ascon.
911 3857 944 3920 in
967 3861 1049 3921 orat.
1073 3876 1133 3939 pro
1152 3857 1249 3922 Corn.
1267 3856 1341 3940 p.9l

157 3966 244 4041 Hot,
269 3965 335 4030 Cic.
360 3965 403 4029 ad
419 3964 516 4029 Attio.
541 3965 578 4041 V,
602 3965 730 4042 21,V1‚
758 3967 785 4042 1,
810 3963 854 4044 2),
879 3968 976 4046 atque
1001 3963 1034 4026 in
1057 3963 1096 4027 iis
1117 3966 1226 4028 causis
1243 3963 1344 4028 Cicero

186 4244 208 4312 ¹)
227 4246 277 4315 [Ea
295 4249 323 4301 in
342 4250 393 4302 hac
412 4247 531 4301 editione
550 4246 607 4300 iere
630 4248 746 4302 delenda
765 4243 880 4316 putavi]
912 4245 1023 4300 Codices
1042 4224 1195 4314 praecipuos
1214 4243 1344 4300 brevitatis

227 4354 310 4390 causa
337 4337 374 4390 sic
402 4337 512 4400 notabo,
540 4342 570 4389 ut
594 4336 618 4390 A
641 4336 820 4405 intelligatur,
848 4336 1082 4405 quemadmodum
1110 4336 1184 4405 apud
1214 4335 1344 4391 Orellium.

227 4426 373 4480 Beruensis
396 4426 477 4495 prior,
506 4426 527 4479 B
551 4426 620 4479 alter
642 4424 754 4492 (nullius
778 4442 827 4495 per
851 4441 880 4478 se
904 4422 1056 4490 momenti),
1084 4424 1105 4477 E
1130 4425 1303 4485 Erfurtens'm
1327 4421 1344 4474 P

227 4514 395 4568 Parisiensis
