2948 5206
665 308 747 422 ase

89 474 93 633 ζ
142 545 219 610 rullo
236 549 356 612 omnino
378 549 414 613 ir
436 571 472 614 re
493 551 674 616 minutatim
696 552 885 637 interropoti
908 587 950 596 —
974 559 1090 638 quomo
1108 561 1166 618 aut
1189 553 1298 618 addito

89 636 93 723 l
140 659 180 716 m
194 652 299 739 derepto
321 663 440 720 eertum
462 657 716 740 respondeamus,
740 678 803 722 mon
825 657 984 722 haimom.
1030 658 1102 725 Non
1126 660 1224 725 valde
1248 660 1297 724 di·
1311 676 1351 718 eos

139 777 232 825 renum
253 765 303 827 est
329 761 374 826 ad
396 761 511 828 Famil.
534 762 603 841 XII,
631 763 690 828 24:
725 763 794 849 Epo
824 764 947 828 nullum
973 765 1073 829 locum
1090 767 1298 850 praetermitto

89 904 91 925 .
137 863 184 946 (sec
200 869 271 931 mim
293 865 400 950 debeo)
422 889 487 932 mom
509 868 600 933 modo
622 869 762 934 meandi
778 872 835 953 tui,
859 870 914 935 sed
929 892 968 934 ne
986 871 1146 936 laudandi
1161 873 1297 959 quidem.

89 954 91 967 '
136 968 290 1052 [trouv.
314 974 367 1053 m,
392 975 445 1054 24,
468 975 517 1059 4.]
561 976 918 1041 perdestruendum
942 981 993 1042 est
1016 997 1056 1042 ex
1078 977 1164 1056 rae,
1189 978 1296 1055 aem,

135 1076 194 1144 diis:
220 1101 331 1167 eosque
363 1084 399 1146 in
432 1081 490 1146 iroe
516 1083 635 1146 iudicio
670 1103 734 1147 esse
767 1085 926 1148 recitatos.
972 1083 1213 1150 Demonstratio
1242 1084 1297 1150 illa

134 1182 201 1251 Sati
219 1185 338 1271 (inires)
361 1209 427 1254 non
450 1192 530 1273 apta
552 1192 612 1266 est,
645 1209 746 1272 quum
776 1208 817 1253 ex
838 1190 959 1254 Vatinii
981 1210 1123 1275 persona
1145 1191 1298 1273 loquatur

134 1294 156 1354 et
170 1291 208 1359 his
227 1295 293 1360 iam
315 1295 424 1378 ipsum
447 1315 568 1361 nomen
589 1295 627 1360 P.
651 1295 748 1361 Sestii
770 1297 926 1378 posuerit.
972 1296 1081 1361 Huius
1103 1300 1213 1362 autem
1237 1318 1297 1380 pro

133 1394 172 1461 loe
187 1399 329 1484 frequens
353 1406 403 1467 est
430 1402 464 1466 in
491 1402 673 1468 Erfurtensi
701 1400 749 1485 (et
770 1403 840 1468 Pal.
864 1401 898 1485 9)
927 1402 1093 1483 mendum,
1128 1405 1165 1468 ut
1194 1404 1297 1469 multa

134 1501 217 1571 ithae
239 1512 270 1572 et
293 1509 364 1574 aliis
386 1508 550 1575 nonnullis
574 1510 786 1586 orationibus,
811 1529 851 1574 ex
875 1510 1068 1591 compendio
1091 1509 1178 1574 male
1201 1509 1297 1574 intel·
1421 1520 1424 1526 '

134 1606 191 1676 lacto
212 1618 328 1679 ortum
384 1613 470 1698 (vid.
498 1616 620 1680 Wund.
645 1616 737 1699 praei.
761 1637 794 1698 p.
817 1616 964 1681 XXXVII
988 1619 1021 1680 et
1043 1617 1214 1699 scripturae
1237 1636 1296 1681 an·

134 1718 220 1783 nuce
252 1720 296 1785 ad
324 1719 397 1802 36,
427 1721 459 1800 9,
491 1723 542 1799 11,
575 1722 625 1800 15,
651 1720 718 1803 20.)
764 1723 884 1789 Contra
919 1722 975 1787 hoc
1008 1743 1068 1805 pro
1102 1722 1198 1787 iuius
1231 1742 1297 1788 non

134 1823 257 1891 scribitur.
309 1828 397 1892 Tum
431 1827 549 1892 edunt:
586 1828 627 1892 lm
661 1849 794 1915 quorum
829 1829 928 1892 altero
963 1849 994 1893 ee
1028 1828 1188 1912 confessis
1223 1837 1294 1906 cet,

133 1930 193 2007 quod
210 1934 354 2016 sequitur
376 1936 411 1998 in
434 1935 543 1999 altero.
588 1935 710 1999 Verum
734 1934 846 2000 Cicero
868 1955 935 1999 non
958 1935 1040 1999 duas
1063 1954 1115 1999 res
1139 1935 1296 2000 distinxe-

133 2041 168 2097 rat
183 2040 470 2123 commemorando,
505 2040 548 2106 ad
579 2061 662 2124 quas
695 2044 765 2106 haec
797 2041 911 2107 referri
941 2040 1128 2123 singulatim
1151 2046 1295 2123 possent,
1358 2056 1362 2063 ’

133 2140 172 2205 sad
187 2162 281 2211 unum
304 2147 425 2211 Vatinii
447 2148 668 2213 testimonium
693 2149 803 2232 plures
832 2152 943 2230 partas
967 2147 1173 2229 complexum
1196 2148 1295 2230 signi·
1432 2180 1438 2194 ·

132 2240 260 2316 inererat
306 2253 421 2335 Itaque
445 2273 485 2318 ex
509 2254 579 2319 cod.
603 2255 707 2320 Paris.
731 2255 941 2320 scribendum
966 2258 1031 2320 est:
1067 2254 1109 2318 ln
1136 2275 1196 2339 quo
1219 2255 1295 2318 olte-

133 2368 182 2415 rtm
198 2377 226 2421 es
245 2358 406 2442 confessus
429 2363 490 2425 cet.
535 2360 638 2426 Paulo
667 2363 775 2426 minus
805 2364 956 2426 accurate
984 2361 1135 2425 membra
1158 2362 1220 2426 sihi
1243 2380 1295 2426 re·

133 2462 267 2543 portent,
303 2485 443 2548 quorum
466 2468 550 2532 ratio
573 2458 779 2551 intelligetur,
814 2467 841 2532 si
869 2467 1016 2550 pleniora
1039 2467 1110 2532 haec
1134 2468 1295 2532 extulero:

135 2559 162 2626 it
178 2590 226 2652 pso
247 2571 310 2635 duo
332 2575 515 2638 commisisti
536 2574 721 2658 imprudens
727 2597 741 2655 ,·
770 2575 905 2638 alteram
929 2581 1007 2655 erut,
1032 2574 1114 2659 quod
1137 2572 1296 2656 confessus

133 2681 225 2755 acet,
248 2699 286 2742 ee
309 2680 412 2744 altero
430 2688 526 2765 porte
544 2683 792 2745 'inconstantiam
816 2688 904 2744 tuom
927 2681 1083 2762 refellisti,
1108 2685 1168 2744 cet.

192 2783 221 2848 C.
244 2786 274 2864 2,
299 2786 320 2850 5
343 2787 496 2851 scribitur
519 2788 629 2870 vulgo:
655 2786 904 2870 Defemdebotur,
928 2785 1054 2850 testibus
1076 2786 1200 2870 colleqis
1218 2788 1294 2868 suis,

131 2898 173 2946 om
196 2892 350 2956 recitandi
382 2914 480 2957 causa
514 2895 633 2979 lepisse,
667 2895 722 2958 sed
756 2893 1002 2978 recopmoscemdi.
1049 2893 1113 2958 Sed
1141 2893 1296 2976 defendor

130 2985 208 3064 luisse
233 3018 396 3081 nusquam
424 3000 502 3066 alibi
531 3002 656 3085 legitur.
667 2997 691 3082 ¹)
737 3001 872 3067 Codices
907 3001 1018 3064 autem
1053 2997 1152 3082 (Par,
1188 3001 1294 3078 Bam,

131 3088 187 3179 liti.)
203 3104 339 3170 habent:
362 3126 427 3170 nom
448 3128 481 3170 se
503 3108 670 3172 recitandi.
707 3108 921 3189 Perspicuum
944 3109 994 3170 est
1019 3108 1124 3188 igitur,
1148 3106 1295 3189 defende·

132 3194 197 3270 tuor
216 3214 321 3276 ortum
347 3233 419 3278 esse
442 3234 482 3279 ex
505 3214 703 3297 praecedenti
721 3214 893 3291 dicebatur,
918 3213 1207 3295 scribendumque:
1232 3213 1295 3277 De·

130 3302 253 3397 indebat,
277 3319 406 3384 testibus
428 3321 552 3405 eollepis
573 3322 649 3402 suis,
673 3342 736 3384 mon
764 3342 796 3384 se
818 3319 977 3383 recitandi
999 3340 1097 3383 ceusu
1120 3319 1238 3402 lepisse,
1262 3319 1296 3382 id

132 3418 172 3494 eri,
198 3422 323 3489 dicebat
346 3425 380 3489 in
404 3426 601 3505 defensione,
634 3429 726 3492 utin
749 3427 839 3492 Verr.
863 3427 901 3503 V,
931 3427 961 3503 9,
991 3427 1034 3490 22
1059 3429 1091 3490 et
1116 3426 1166 3502 13,
1197 3426 1239 3489 32
1263 3427 1295 3488 ct

132 3517 223 3609 aurp

192 3634 221 3700 C.
243 3637 273 3715 3,
299 3639 330 3717 7,
355 3637 411 3702 uhi
435 3642 499 3703 est:
538 3640 644 3720 Quare
666 3648 739 3724 peto
763 3661 784 3703 o
807 3648 845 3720 te,
876 3647 911 3702 ut
933 3639 1013 3702 milri
1035 3641 1188 3722 ipnoscos,
1233 3636 1348 3700 Ver-no

133 3730 179 3816 llll,
201 3764 288 3827 quum
305 3746 427 3829 petrice
445 3748 650 3830 pepercerim,
686 3768 780 3831 quarn
804 3767 978 3823 servorum,
1014 3744 1047 3808 in
1071 3744 1181 3809 codice
1204 3743 1294 3807 Vati-

133 3848 316 3933 analogum
339 3873 434 3937 quum
458 3860 486 3916 et
502 3850 581 3934 (Eri.
606 3860 633 3916 et
656 3873 736 3930 curu,
761 3853 847 3934 quod
865 3853 1092 3934 in'archetypo
1109 3854 1294 3915 nostrorum

135 3946 243 4022 lodicum
271 3958 371 4023 fuisse
400 3961 556 4042 suspicor,
592 3980 632 4023 ex
668 3960 770 4023 altero
805 3956 938 4040 ortum),
974 3958 1007 4021 id
1043 3961 1102 4034 est,
1138 3977 1232 4042 qreom
1268 3957 1297 4018 ei

131 4059 224 4125 ilitio.
265 4065 330 4130 Sed
365 4071 524 4147 praeterea
558 4066 592 4129 in
625 4066 728 4130 Vatia.
759 4070 808 4130 est
839 4068 1058 4149 pepercissem,
1097 4062 1185 4146 quod
1221 4063 1296 4127 ferri

137 4207 361 4251 &⁹-

155 4325 170 4394 1)
183 4334 237 4404 [lu
259 4354 350 4403 tamen
375 4349 408 4402 dc
432 4350 537 4403 invent.
557 4350 589 4413 ll,
613 4348 656 4409 32,
681 4349 723 4402 98.
761 4349 815 4403 Cir.
836 4349 956 4402 Gramm.
976 4348 1035 4400 Lat.
1054 4346 1070 4413 5
1089 4346 1143 4399 400
1163 4363 1178 4399 c
1198 4345 1240 4399 ed.
1260 4342 1297 4411 3.]

155 4413 274 4491 'litostra
292 4454 405 4507 operam
424 4438 496 4491 sumi
515 4438 543 4491 in
562 4439 696 4507 explenda
716 4438 822 4505 lacuna,
842 4454 904 4506 quae
917 4441 957 4490 ast
971 4436 1047 4489 initio
1061 4434 1163 4504 capitis
1176 4434 1297 4496 secundi,

186 4523 210 4571 ll
223 4522 273 4593 ipsa
289 4544 345 4590 res,
366 4527 507 4595 complura
526 4526 673 4580 desiderari
693 4527 848 4589 ostendens,
868 4526 905 4579 ita
925 4541 998 4578 nunc
1011 4524 1170 4593 planissime
1188 4523 1299 4577 demon·

188 4610 239 4665 Sltat
255 4616 337 4670 codex
355 4615 416 4669 Par.
