2948 5206
676 300 740 366 497

143 498 225 560 turum
246 513 316 560 esse
338 495 551 578 promisisset,
575 497 809 577 interiectaque
832 495 949 561 deinde
973 498 1059 561 esset
1080 495 1161 577 Apri
1178 496 1212 559 in
1229 514 1307 561 con·

144 600 247 666 trariam
268 604 398 685 partem
426 603 604 667 vehemens
632 606 666 667 et
694 602 825 682 elegans
854 603 968 680 oratio,
1002 602 1179 681 Maternus,
1213 601 1308 684 quasi

144 725 240 786 rerens,
272 728 314 773 ne
337 708 463 774 interea
485 708 625 774 Messala
649 710 818 775 consilium
842 708 1027 786 mutaverit,
1066 708 1169 773 Tuam
1192 717 1306 786 tamen,

143 812 228 896 inquit,
260 814 412 898 Messala,
441 818 640 900 prepositum
668 817 851 881 immutasse
877 836 941 880 non
967 815 1067 880 debes
1113 816 1307 899 Legitimum

102 984 105 989 .
143 924 180 985 et
195 921 281 1004 igitur
302 922 496 1005 perfectum.
541 922 665 988 Plinius
689 923 799 1001 etiam,
829 922 889 988 etsi
918 910 1051 987 minime
1074 923 1209 1004 poeticas
1233 941 1308 988 ora·

143 1026 214 1092 lionis
233 1029 373 1094 colorem
404 1028 605 1108 reformidat,
639 1033 753 1094 tamen
780 1029 823 1094 H.
846 1029 886 1093 N.
909 1028 1037 1105 XXXV,
1066 1028 1087 1091 2
1114 1028 1161 1093 sic
1188 1028 1308 1093 dixisse

143 1137 236 1213 potest:
253 1155 334 1219 pace
357 1134 571 1200 Messalarum
594 1135 711 1200 dixisse
734 1136 834 1213 liceat,
857 1138 896 1200 ut
917 1133 1060 1199 maxime
1082 1134 1237 1217 perlectae
1259 1135 1307 1200 rei

144 1235 220 1322 (dicti)
240 1244 392 1306 eventum
416 1240 622 1324 significaret.
668 1242 825 1324 Superest
847 1241 972 1306 Seneca
999 1240 1120 1319 rhetor,
1149 1261 1189 1305 ex
1217 1242 1308 1307 cuius

105 1346 108 1351 '
144 1346 304 1424 prefatione
333 1347 406 1413 libr.
429 1347 444 1412 Ι
467 1346 675 1413 controvers.
726 1347 948 1431 Heusingerus
982 1347 1069 1412 hunc
1096 1347 1204 1413 locum
1232 1367 1308 1430 pro·

144 1451 208 1518 tulit:
236 1453 389 1540 Alioqbin
410 1455 446 1518 in
468 1454 523 1518 illo
547 1454 671 1535 atriolo,
704 1455 740 1517 in
770 1474 829 1540 qao
856 1454 919 1519 dno
945 1452 1087 1539 prandes
1104 1460 1309 1538 protestatos

145 1558 178 1621 cit
193 1579 282 1624 sunm
305 1560 496 1641 declamare,
520 1560 648 1624 audisse
671 1581 740 1624 enm
757 1563 849 1645 potui
871 1569 900 1626 et
921 1559 1004 1625 illud
1025 1561 1197 1645 inqcninm,
1225 1558 1309 1646 qnod
1323 1578 1361 1618 ns

145 1662 217 1727 mem
231 1667 369 1751 popalus
396 1666 561 1731 ananus
578 1687 646 1750 per
671 1668 804 1751 imperio
832 1668 952 1752 babuit,
987 1687 1175 1752 coqnoscere.
1226 1665 1309 1731 Sunt

101 1850 105 1857 Ι
144 1771 264 1849 quedam
287 1772 436 1839 codicum
461 1773 688 1855 discrepantias
717 1774 899 1840 aGiutero
926 1777 1059 1852 notatae,
1095 1793 1168 1856 quae
1195 1776 1309 1837 tamen

101 1914 105 1953 ÷
144 1872 194 1941 lere
209 1882 332 1945 tantum
355 1879 398 1944 ad
415 1881 509 1964 potui
532 1899 552 1944 a
574 1881 737 1945 nonnullis
760 1900 861 1963 prave
890 1883 923 1945 in
940 1882 1111 1964 potuissem
1134 1882 1307 1956 mutatum,

101 1968 104 2029 ἶ
145 1985 212 2063 quasi
230 1986 261 2051 id
284 1986 328 2051 ad
352 1986 606 2051 condicionalem
631 1988 826 2052 sententiam
850 1988 958 2069 aptius
977 1993 1072 2065 esset,
1096 1987 1259 2069 pertinent
1276 1991 1308 2049 et

101 2100 106 2149 ;·
146 2088 176 2153 sd
191 2111 257 2170 mm,
286 2092 376 2175 quod
398 2112 513 2158 omnes
536 2093 630 2158 codd.
659 2093 809 2158 omittere
836 2093 987 2158 videntur
989 2088 1032 2173 1)
1082 2091 1185 2156 Nimis
1212 2090 1309 2174 igitur

101 2192 105 2301 st
146 2195 267 2264 summer
290 2200 405 2276 secuit,
441 2199 497 2282 qui
520 2199 553 2265 id
576 2200 693 2277 effecit,
728 2199 848 2281 quod
840 2219 873 2265 rn
897 2199 1038 2265 editione
1060 2197 1233 2281 Bipontina
1255 2217 1308 2262 re-

101 2301 222 2389 ,perioz
242 2304 430 2392 Alioquin
416 2327 452 2369 sn
474 2307 530 2369 illo
554 2306 678 2386 atriolo,
701 2307 736 2368 in
759 2326 818 2390 quo
837 2307 900 2370 dno
915 2305 1114 2391 prandes-
1072 2303 1309 2368 -declamare

101 2402 104 2483 l
146 2405 235 2493 elios,
264 2413 359 2496 potui
391 2413 632 2497 inqenium—
667 2431 855 2495 coqnoscere
916 2413 1030 2494 Neque
1063 2414 1150 2475 recte
1184 2410 1310 2475 addidit

101 2506 231 2581 elios.
260 2519 345 2583 Nam
369 2518 528 2583 narrabat
550 2517 694 2583 Cicero
686 2537 718 2581 m
742 2519 896 2600 epistolis,
921 2518 992 2583 illos
1015 2537 1054 2583 eo
1071 2517 1142 2600 ipso
1161 2521 1308 2600 ternpore

101 2694 104 2705 ¹
146 2631 229 2686 tecum
248 2624 433 2689 declamare
456 2623 535 2706 (vid.
559 2624 648 2690 Suet.
673 2624 714 2688 de
737 2624 858 2689 rhetor.
878 2624 920 2706 1).
957 2625 997 2689 Et
1019 2629 1131 2689 tamen
1153 2624 1309 2690 mendum

147 2718 250 2809 herere,
278 2750 320 2795 ne
344 2731 423 2796 illud
447 2750 710 2809 commemorem,
743 2730 784 2795 de
807 2752 872 2813 quo
895 2751 982 2795 nunc
1010 2731 1230 2798 controversia
1250 2735 1309 2810 est,

147 2833 213 2906 ittet
238 2857 336 2920 quum
369 2857 408 2902 ex
440 2837 569 2902 defectu
601 2838 800 2919 pronominis
831 2840 863 2902 in
887 2838 1052 2904 codicibus
1075 2842 1145 2902 tum
1170 2858 1210 2902 ex
1232 2857 1309 2903 con·

147 2930 276 3008 luetone
300 2944 429 3008 audisse
451 2951 479 3008 et
501 2965 689 3029 coqnescere,
719 2965 792 3027 quse
821 2947 925 3027 poetis
948 2946 1019 3009 haec
1042 2964 1154 3009 versus
1177 2944 1309 3010 modulo

101 3138 103 3145 Ι
146 3051 438 3116 accommodantibus
473 3050 606 3115 concedi
634 3055 752 3134 potest,
788 3052 862 3116 huic
896 3051 1045 3135 scriptori
1078 3051 1167 3117 nullo
1200 3051 1308 3116 modo.

147 3142 329 3221 scribendum
346 3160 397 3221 est
412 3157 578 3222 lenissima
593 3159 788 3224 mutatione:
822 3158 974 3244 Alioquin
996 3160 1031 3221 in
1053 3158 1107 3221 illo
1131 3159 1244 3222 atriolo
1267 3192 1308 3202 -

101 3278 103 3285 ·
142 3262 210 3335 mci
238 3264 372 3328 adesse
406 3271 434 3327 et
470 3299 510 3308 -
546 3285 734 3350 ceqnosccre.
780 3266 879 3347 Apud
912 3268 1020 3348 ipsum
1055 3283 1184 3345 quoque
1218 3264 1309 3329 Cice·

144 3376 230 3433 rorem
261 3371 444 3453 perfectum
479 3372 627 3437 infinitivi
669 3374 715 3436 sio
755 3372 897 3455 positum
932 3392 1005 3437 esse
1040 3371 1081 3436 de
1115 3371 1253 3436 Divinat.
1282 3370 1309 3434 ll

143 3462 216 3552 ild,
248 3478 388 3556 luerunt,
424 3479 479 3560 qui
508 3482 662 3561 putarent
689 3479 731 3544 ob
760 3479 966 3545 insolentiam
989 3478 1132 3560 aliquam
1156 3477 1309 3543 orationis

141 3573 291 3648 inaura:
309 3578 315 3590 ’
331 3583 412 3648 Tum
443 3586 543 3670 iqitur
573 3594 650 3650 esset
682 3588 869 3670 auspicium,
903 3587 933 3649 si
961 3585 1053 3648 modo
1081 3591 1157 3649 esset
1185 3585 1215 3647 ei
1236 3583 1309 3647 libe-

137 3704 204 3768 mm,
234 3710 266 3754 se
295 3689 474 3755 ostendisse.
521 3691 585 3756 Sed
610 3692 722 3757 Cicero
754 3714 785 3757 se
816 3692 984 3756 ostendisse
1014 3711 1080 3756 non
1110 3691 1152 3755 ad
1176 3691 1307 3753 liberum

131 3801 196 3858 me
227 3797 364 3871 rettulit,
406 3796 465 3861 sed
505 3796 547 3861 ad
588 3800 763 3883 ansqncicsm
804 3807 879 3863 esset
918 3804 1074 3880 tanquam
1110 3798 1308 3860 subiectum:

146 4096 169 4165 ¹)
185 4098 265 4166 Quod
284 4098 369 4152 codex
388 4097 473 4151 Palat.
492 4097 510 4150 3
528 4104 590 4167 post
608 4101 729 4168 alioquin
753 4099 835 4153 habet
853 4103 1002 4168 potuissem
1025 4115 1085 4151 enm
1107 4098 1250 4159 audivisse,
1274 4095 1310 4158 id,

187 4203 273 4257 quum
293 4187 365 4241 idem
386 4191 459 4240 recto
478 4188 538 4240 loco
557 4188 657 4240 babeat
675 4190 783 4240 audmse
797 4191 884 4255 potui,
903 4193 1011 4242 tanturn
1030 4187 1115 4250 abest,
1135 4191 1166 4239 ut
1180 4186 1239 4255 ipss
1252 4184 1311 4239 haec

187 4276 272 4330 rerba
295 4279 423 4343 suspecta
446 4275 535 4339 saciat,
565 4280 594 4329 ut
618 4275 760 4330 confirmet
785 4276 876 4330 etism.
912 4277 981 4330 Nam
1000 4274 1110 4333 librarii.
1139 4290 1190 4327 nec
1208 4273 1309 4327 iustum

185 4365 311 4419 ordinem
332 4365 451 4419 ferentes
470 4382 519 4419 nec
539 4371 644 4419 rectum
663 4366 739 4419 verbi
758 4367 879 4428 modurn,
898 4382 932 4419 ex
951 4381 1015 4419 vera
1031 4365 1163 4417 hactenus
1177 4362 1311 4430 scriptura

184 4469 267 4508 suam
288 4452 363 4506 illam
384 4453 622 4523 interpolationem
641 4456 798 4509 ellecemnt.

1063 4538 1099 4591 32
