<?xml version="1.0" encoding="UTF-8"?>
<!DOCTYPE html PUBLIC "-//W3C//DTD XHTML 1.0 Transitional//EN"
    "http://www.w3.org/TR/xhtml1/DTD/xhtml1-transitional.dtd">
<html xmlns="http://www.w3.org/1999/xhtml" xml:lang="en" lang="en">
 <head>
  <title>
</title>
<meta http-equiv="Content-Type" content="text/html;charset=utf-8" />
  <meta name='ocr-system' content='tesseract 3.04.00' />
  <meta name='ocr-capabilities' content='ocr_page ocr_carea ocr_par ocr_line ocrx_word'/>
</head>
<body>
  <div class='ocr_page' id='page_1' title='image "./ionicolaimadvig02madvgoog/ionicolaimadvig02madvgoog_0530.png"; bbox 0 0 2956 5190; ppageno 0'>
   <div class='ocr_carea' id='block_1_1' title="bbox 631 259 694 325">
    <p class='ocr_par' dir='ltr' id='par_1_1' title="bbox 631 259 694 325">
     <span class='ocr_line' id='line_1_1' title="bbox 631 259 694 325; baseline -0.016 0"><span class='ocrx_word' id='word_1_1' title='bbox 631 259 694 325; x_wconf 74' lang='lat'><strong>507</strong></span> 
     </span>
    </p>
   </div>
   <div class='ocr_carea' id='block_1_2' title="bbox 53 449 1317 2561">
    <p class='ocr_par' dir='ltr' id='par_1_2' title="bbox 53 449 1263 1159">
     <span class='ocr_line' id='line_1_2' title="bbox 55 449 1263 538; baseline 0.002 -21"><span class='ocrx_word' id='word_1_2' title='bbox 55 472 137 518; x_wconf 89' lang='lat' dir='ltr'><strong>rum</strong></span> <span class='ocrx_word' id='word_1_3' title='bbox 171 453 311 535; x_wconf 85' lang='lat' dir='ltr'><strong>denique</strong></span> <span class='ocrx_word' id='word_1_4' title='bbox 345 453 500 519; x_wconf 83' lang='lat' dir='ltr'><strong>similium</strong></span> <span class='ocrx_word' id='word_1_5' title='bbox 534 454 795 538; x_wconf 70' lang='lat' dir='ltr'><strong>significationes</strong></span> <span class='ocrx_word' id='word_1_6' title='bbox 830 454 864 519; x_wconf 95' lang='lat' dir='ltr'><strong>id</strong></span> <span class='ocrx_word' id='word_1_7' title='bbox 898 473 1000 538; x_wconf 83' lang='lat' dir='ltr'><strong>genus</strong></span> <span class='ocrx_word' id='word_1_8' title='bbox 1035 449 1145 536; x_wconf 83' lang='lat' dir='ltr'><strong>alia.¹)</strong></span> <span class='ocrx_word' id='word_1_9' title='bbox 1192 453 1263 520; x_wconf 91' lang='lat' dir='ltr'><strong>Hoc</strong></span> 
     </span>
     <span class='ocr_line' id='line_1_3' title="bbox 54 557 1262 644; baseline 0 -20"><span class='ocrx_word' id='word_1_10' title='bbox 54 557 202 625; x_wconf 84' lang='lat' dir='ltr'><strong>Orellius</strong></span> <span class='ocrx_word' id='word_1_11' title='bbox 231 558 350 643; x_wconf 88' lang='lat' dir='ltr'><strong>(neque</strong></span> <span class='ocrx_word' id='word_1_12' title='bbox 380 561 467 625; x_wconf 91' lang='lat' dir='ltr'><strong>enim</strong></span> <span class='ocrx_word' id='word_1_13' title='bbox 498 562 568 644; x_wconf 87' lang='lat' dir='ltr'><strong>ipse</strong></span> <span class='ocrx_word' id='word_1_14' title='bbox 598 562 762 639; x_wconf 89' lang='lat' dir='ltr'><strong>Moserus‚</strong></span> <span class='ocrx_word' id='word_1_15' title='bbox 798 561 893 626; x_wconf 86' lang='lat' dir='ltr'><strong>allter</strong></span> <span class='ocrx_word' id='word_1_16' title='bbox 923 581 1011 639; x_wconf 82' lang='lat' dir='ltr'><strong>esse,</strong></span> <span class='ocrx_word' id='word_1_17' title='bbox 1046 558 1262 643; x_wconf 83' lang='lat' dir='ltr'><strong>intellexerat)</strong></span> 
     </span>
     <span class='ocr_line' id='line_1_4' title="bbox 53 666 1263 750; baseline 0 -18"><span class='ocrx_word' id='word_1_18' title='bbox 53 666 228 732; x_wconf 68' lang='lat' dir='ltr'><strong>transtulit</strong></span> <span class='ocrx_word' id='word_1_19' title='bbox 250 667 294 731; x_wconf 87' lang='lat' dir='ltr'><strong>ad</strong></span> <span class='ocrx_word' id='word_1_20' title='bbox 318 668 448 746; x_wconf 85' lang='lat' dir='ltr'><strong>alteras,</strong></span> <span class='ocrx_word' id='word_1_21' title='bbox 478 687 619 750; x_wconf 83' lang='lat' dir='ltr'><strong>quarum</strong></span> <span class='ocrx_word' id='word_1_22' title='bbox 642 669 863 733; x_wconf 88' lang='lat' dir='ltr'><strong>diversissima</strong></span> <span class='ocrx_word' id='word_1_23' title='bbox 886 672 937 733; x_wconf 93' lang='lat' dir='ltr'><strong>est</strong></span> <span class='ocrx_word' id='word_1_24' title='bbox 959 669 1053 732; x_wconf 89' lang='lat' dir='ltr'><strong>ratio.</strong></span> <span class='ocrx_word' id='word_1_25' title='bbox 1100 666 1188 732; x_wconf 93' lang='lat' dir='ltr'><strong>Nihil</strong></span> <span class='ocrx_word' id='word_1_26' title='bbox 1211 672 1263 732; x_wconf 85' lang='lat' dir='ltr'><strong>est</strong></span> 
     </span>
     <span class='ocr_line' id='line_1_5' title="bbox 54 765 1262 858; baseline 0.003 -20"><span class='ocrx_word' id='word_1_27' title='bbox 54 773 150 839; x_wconf 88' lang='lat' dir='ltr'><strong>enirn</strong></span> <span class='ocrx_word' id='word_1_28' title='bbox 166 773 200 838; x_wconf 91' lang='lat' dir='ltr'><strong>in</strong></span> <span class='ocrx_word' id='word_1_29' title='bbox 214 773 253 838; x_wconf 90' lang='lat' dir='ltr'><strong>iis</strong></span> <span class='ocrx_word' id='word_1_30' title='bbox 268 778 389 856; x_wconf 87' lang='lat' dir='ltr'><strong>praeter</strong></span> <span class='ocrx_word' id='word_1_31' title='bbox 403 778 596 857; x_wconf 89' lang='lat' dir='ltr'><strong>perpetuam</strong></span> <span class='ocrx_word' id='word_1_32' title='bbox 621 778 653 840; x_wconf 90' lang='lat' dir='ltr'><strong>et</strong></span> <span class='ocrx_word' id='word_1_33' title='bbox 676 774 862 858; x_wconf 83' lang='lat' dir='ltr'><strong>diligentem</strong></span> <span class='ocrx_word' id='word_1_34' title='bbox 885 774 1005 838; x_wconf 83' lang='lat' dir='ltr'><strong>vetusti</strong></span> <span class='ocrx_word' id='word_1_35' title='bbox 1021 773 1139 838; x_wconf 92' lang='lat' dir='ltr'><strong>codicis</strong></span> <span class='ocrx_word' id='word_1_36' title='bbox 1163 765 1262 842; x_wconf 60' lang='lat' dir='ltr'><strong>collass</strong></span> 
     </span>
     <span class='ocr_line' id='line_1_6' title="bbox 54 879 1261 959; baseline -0.001 -14"><span class='ocrx_word' id='word_1_37' title='bbox 54 879 195 959; x_wconf 81' lang='lat' dir='ltr'><strong>tionem,</strong></span> <span class='ocrx_word' id='word_1_38' title='bbox 219 880 402 946; x_wconf 81' lang='lat' dir='ltr'><strong>Hauniensi</strong></span> <span class='ocrx_word' id='word_1_39' title='bbox 425 880 470 945; x_wconf 94' lang='lat' dir='ltr'><strong>illi</strong></span> <span class='ocrx_word' id='word_1_40' title='bbox 489 880 557 946; x_wconf 87' lang='lat' dir='ltr'><strong>sive</strong></span> <span class='ocrx_word' id='word_1_41' title='bbox 573 881 732 947; x_wconf 81' lang='lat' dir='ltr'><strong>Vossiano</strong></span> <span class='ocrx_word' id='word_1_42' title='bbox 755 880 880 959; x_wconf 84' lang='lat' dir='ltr'><strong>similis,</strong></span> <span class='ocrx_word' id='word_1_43' title='bbox 904 880 1024 957; x_wconf 83' lang='lat' dir='ltr'><strong>omnia,</strong></span> <span class='ocrx_word' id='word_1_44' title='bbox 1050 883 1086 945; x_wconf 91' lang='lat' dir='ltr'><strong>ut</strong></span> <span class='ocrx_word' id='word_1_45' title='bbox 1110 883 1205 945; x_wconf 87' lang='lat' dir='ltr'><strong>erant</strong></span> <span class='ocrx_word' id='word_1_46' title='bbox 1228 880 1261 944; x_wconf 92' lang='lat' dir='ltr'><strong>iu</strong></span> 
     </span>
     <span class='ocr_line' id='line_1_7' title="bbox 56 985 1263 1070; baseline -0.002 -17"><span class='ocrx_word' id='word_1_47' title='bbox 56 986 184 1066; x_wconf 85' lang='lat' dir='ltr'><strong>codice,</strong></span> <span class='ocrx_word' id='word_1_48' title='bbox 220 1007 296 1052; x_wconf 91' lang='lat' dir='ltr'><strong>cum</strong></span> <span class='ocrx_word' id='word_1_49' title='bbox 318 987 441 1053; x_wconf 87' lang='lat' dir='ltr'><strong>librarii</strong></span> <span class='ocrx_word' id='word_1_50' title='bbox 470 988 633 1054; x_wconf 90' lang='lat' dir='ltr'><strong>erroribus</strong></span> <span class='ocrx_word' id='word_1_51' title='bbox 657 987 848 1070; x_wconf 73' lang='lat' dir='ltr'><strong>perscripta,</strong></span> <span class='ocrx_word' id='word_1_52' title='bbox 882 986 962 1052; x_wconf 91' lang='lat' dir='ltr'><strong>nihil</strong></span> <span class='ocrx_word' id='word_1_53' title='bbox 987 985 1181 1051; x_wconf 85' lang='lat' dir='ltr'><strong>coniecturae</strong></span> <span class='ocrx_word' id='word_1_54' title='bbox 1204 989 1263 1052; x_wconf 87' lang='lat' dir='ltr'><strong>aut</strong></span> 
     </span>
     <span class='ocr_line' id='line_1_8' title="bbox 56 1093 311 1159; baseline 0 -1"><span class='ocrx_word' id='word_1_55' title='bbox 56 1093 311 1159; x_wconf 86' lang='lat' dir='ltr'><strong>emendationis.</strong></span> 
     </span>
    </p>

    <p class='ocr_par' dir='ltr' id='par_1_3' title="bbox 53 1198 1317 2561">
     <span class='ocr_line' id='line_1_9' title="bbox 151 1198 1262 1283; baseline -0.002 -18"><span class='ocrx_word' id='word_1_56' title='bbox 151 1199 217 1265; x_wconf 88' lang='lat' dir='ltr'><strong>Sed</strong></span> <span class='ocrx_word' id='word_1_57' title='bbox 240 1200 329 1283; x_wconf 90' lang='lat' dir='ltr'><strong>quod</strong></span> <span class='ocrx_word' id='word_1_58' title='bbox 351 1200 411 1266; x_wconf 93' lang='lat' dir='ltr'><strong>hos</strong></span> <span class='ocrx_word' id='word_1_59' title='bbox 436 1200 562 1266; x_wconf 87' lang='lat' dir='ltr'><strong>codices</strong></span> <span class='ocrx_word' id='word_1_60' title='bbox 587 1200 701 1265; x_wconf 88' lang='lat' dir='ltr'><strong>ceteris</strong></span> <span class='ocrx_word' id='word_1_61' title='bbox 725 1200 915 1283; x_wconf 79' lang='lat' dir='ltr'><strong>integriores</strong></span> <span class='ocrx_word' id='word_1_62' title='bbox 933 1199 1040 1269; x_wconf 84' lang='lat' dir='ltr'><strong>iudico</strong></span> <span class='ocrx_word' id='word_1_63' title='bbox 1064 1203 1122 1264; x_wconf 85' lang='lat' dir='ltr'><strong>aut</strong></span> <span class='ocrx_word' id='word_1_64' title='bbox 1144 1198 1262 1264; x_wconf 89' lang='lat' dir='ltr'><strong>saltem</strong></span> 
     </span>
     <span class='ocr_line' id='line_1_10' title="bbox 55 1304 1263 1391; baseline -0.002 -20"><span class='ocrx_word' id='word_1_65' title='bbox 55 1306 170 1372; x_wconf 87' lang='lat' dir='ltr'><strong>nuflos</strong></span> <span class='ocrx_word' id='word_1_66' title='bbox 192 1310 261 1372; x_wconf 86' lang='lat' dir='ltr'><strong>tam</strong></span> <span class='ocrx_word' id='word_1_67' title='bbox 285 1308 428 1390; x_wconf 81' lang='lat' dir='ltr'><strong>integros</strong></span> <span class='ocrx_word' id='word_1_68' title='bbox 452 1307 623 1391; x_wconf 80' lang='lat' dir='ltr'><strong>diligenter</strong></span> <span class='ocrx_word' id='word_1_69' title='bbox 646 1306 779 1372; x_wconf 87' lang='lat' dir='ltr'><strong>collatos</strong></span> <span class='ocrx_word' id='word_1_70' title='bbox 804 1326 875 1371; x_wconf 91' lang='lat' dir='ltr'><strong>esse</strong></span> <span class='ocrx_word' id='word_1_71' title='bbox 904 1305 986 1384; x_wconf 82' lang='lat' dir='ltr'><strong>disc,</strong></span> <span class='ocrx_word' id='word_1_72' title='bbox 1017 1304 1263 1372; x_wconf 86' lang='lat' dir='ltr'><strong>confirmabitur</strong></span> 
     </span>
     <span class='ocr_line' id='line_1_11' title="bbox 57 1411 1262 1497; baseline -0.001 -20"><span class='ocrx_word' id='word_1_73' title='bbox 57 1431 102 1478; x_wconf 83' lang='lat' dir='ltr'><strong>ea</strong></span> <span class='ocrx_word' id='word_1_74' title='bbox 126 1412 288 1479; x_wconf 87' lang='lat' dir='ltr'><strong>sententia</strong></span> <span class='ocrx_word' id='word_1_75' title='bbox 318 1433 497 1497; x_wconf 88' lang='lat' dir='ltr'><strong>paucorum</strong></span> <span class='ocrx_word' id='word_1_76' title='bbox 526 1414 671 1480; x_wconf 90' lang='lat' dir='ltr'><strong>locorum</strong></span> <span class='ocrx_word' id='word_1_77' title='bbox 702 1413 908 1490; x_wconf 80' lang='lat' dir='ltr'><strong>documento,</strong></span> <span class='ocrx_word' id='word_1_78' title='bbox 944 1431 1026 1494; x_wconf 91' lang='lat' dir='ltr'><strong>quos</strong></span> <span class='ocrx_word' id='word_1_79' title='bbox 1061 1414 1153 1477; x_wconf 82' lang='lat' dir='ltr'><strong>extra</strong></span> <span class='ocrx_word' id='word_1_80' title='bbox 1188 1411 1262 1477; x_wconf 94' lang='lat' dir='ltr'><strong>reli·</strong></span> 
     </span>
     <span class='ocr_line' id='line_1_12' title="bbox 58 1517 1317 1603; baseline -0.001 -19"><span class='ocrx_word' id='word_1_81' title='bbox 58 1538 204 1602; x_wconf 87' lang='lat' dir='ltr'><strong>quorum</strong></span> <span class='ocrx_word' id='word_1_82' title='bbox 237 1520 386 1585; x_wconf 88' lang='lat' dir='ltr'><strong>ordinem</strong></span> <span class='ocrx_word' id='word_1_83' title='bbox 420 1520 620 1603; x_wconf 72' lang='lat' dir='ltr'><strong>precipiam.</strong></span> <span class='ocrx_word' id='word_1_84' title='bbox 682 1519 723 1584; x_wconf 83' lang='lat' dir='ltr'><strong>Et</strong></span> <span class='ocrx_word' id='word_1_85' title='bbox 756 1518 882 1602; x_wconf 92' lang='lat' dir='ltr'><strong>primus</strong></span> <span class='ocrx_word' id='word_1_86' title='bbox 918 1517 1050 1600; x_wconf 89' lang='lat' dir='ltr'><strong>quidem</strong></span> <span class='ocrx_word' id='word_1_87' title='bbox 1085 1517 1151 1582; x_wconf 89' lang='lat' dir='ltr'><strong>iarn</strong></span> <span class='ocrx_word' id='word_1_88' title='bbox 1186 1521 1263 1583; x_wconf 82' lang='lat' dir='ltr'><strong>ante</strong></span> <span class='ocrx_word' id='word_1_89' title='bbox 1278 1534 1317 1575; x_wconf 62' lang='grc' dir='ltr'><strong>ιιι</strong></span> 
     </span>
     <span class='ocr_line' id='line_1_13' title="bbox 58 1623 1264 1709; baseline -0.001 -18"><span class='ocrx_word' id='word_1_90' title='bbox 58 1625 258 1691; x_wconf 88' lang='lat' dir='ltr'><strong>emendatus</strong></span> <span class='ocrx_word' id='word_1_91' title='bbox 280 1626 324 1692; x_wconf 90' lang='lat' dir='ltr'><strong>ab</strong></span> <span class='ocrx_word' id='word_1_92' title='bbox 349 1625 582 1709; x_wconf 91' lang='lat' dir='ltr'><strong>Oudendorpio</strong></span> <span class='ocrx_word' id='word_1_93' title='bbox 611 1631 644 1692; x_wconf 90' lang='lat' dir='ltr'><strong>et</strong></span> <span class='ocrx_word' id='word_1_94' title='bbox 672 1646 726 1691; x_wconf 92' lang='lat' dir='ltr'><strong>me</strong></span> <span class='ocrx_word' id='word_1_95' title='bbox 755 1628 814 1704; x_wconf 85' lang='lat' dir='ltr'><strong>est,</strong></span> <span class='ocrx_word' id='word_1_96' title='bbox 844 1627 877 1690; x_wconf 91' lang='lat' dir='ltr'><strong>in</strong></span> <span class='ocrx_word' id='word_1_97' title='bbox 905 1624 989 1689; x_wconf 91' lang='lat' dir='ltr'><strong>libro</strong></span> <span class='ocrx_word' id='word_1_98' title='bbox 1012 1625 1035 1702; x_wconf 87' lang='grc' dir='ltr'><strong>Ι,</strong></span> <span class='ocrx_word' id='word_1_99' title='bbox 1064 1624 1096 1703; x_wconf 88' lang='grc'><strong>4,</strong></span> <span class='ocrx_word' id='word_1_100' title='bbox 1127 1624 1178 1702; x_wconf 88' lang='grc'><strong>14,</strong></span> <span class='ocrx_word' id='word_1_101' title='bbox 1207 1623 1264 1690; x_wconf 91' lang='lat' dir='ltr'><strong>ubi</strong></span> 
     </span>
     <span class='ocr_line' id='line_1_14' title="bbox 57 1730 1263 1815; baseline -0.001 -19"><span class='ocrx_word' id='word_1_102' title='bbox 57 1731 124 1797; x_wconf 91' lang='lat' dir='ltr'><strong>soli</strong></span> <span class='ocrx_word' id='word_1_103' title='bbox 146 1731 190 1810; x_wconf 89' lang='lat' dir='ltr'><strong>hi,</strong></span> <span class='ocrx_word' id='word_1_104' title='bbox 226 1752 308 1815; x_wconf 90' lang='lat' dir='ltr'><strong>quos</strong></span> <span class='ocrx_word' id='word_1_105' title='bbox 332 1734 414 1812; x_wconf 87' lang='lat' dir='ltr'><strong>dico,</strong></span> <span class='ocrx_word' id='word_1_106' title='bbox 450 1732 578 1799; x_wconf 89' lang='lat' dir='ltr'><strong>codices</strong></span> <span class='ocrx_word' id='word_1_107' title='bbox 610 1740 641 1797; x_wconf 85' lang='lat' dir='ltr'><strong>et</strong></span> <span class='ocrx_word' id='word_1_108' title='bbox 671 1736 832 1815; x_wconf 83' lang='lat' dir='ltr'><strong>praeterea</strong></span> <span class='ocrx_word' id='word_1_109' title='bbox 855 1732 920 1796; x_wconf 93' lang='lat' dir='ltr'><strong>duo</strong></span> <span class='ocrx_word' id='word_1_110' title='bbox 944 1730 998 1795; x_wconf 86' lang='lat' dir='ltr'><strong>alii</strong></span> <span class='ocrx_word' id='word_1_111' title='bbox 1021 1730 1195 1796; x_wconf 89' lang='lat' dir='ltr'><strong>Leidenses</strong></span> <span class='ocrx_word' id='word_1_112' title='bbox 1219 1731 1263 1795; x_wconf 85' lang='lat' dir='ltr'><strong>ab</strong></span> 
     </span>
     <span class='ocr_line' id='line_1_15' title="bbox 58 1836 1263 1922; baseline -0.003 -18"><span class='ocrx_word' id='word_1_113' title='bbox 58 1837 295 1922; x_wconf 90' lang='lat' dir='ltr'><strong>Oudendorpio</strong></span> <span class='ocrx_word' id='word_1_114' title='bbox 319 1840 455 1922; x_wconf 87' lang='lat' dir='ltr'><strong>inspecti</strong></span> <span class='ocrx_word' id='word_1_115' title='bbox 479 1859 519 1905; x_wconf 85' lang='lat' dir='ltr'><strong>ea</strong></span> <span class='ocrx_word' id='word_1_116' title='bbox 547 1839 683 1922; x_wconf 82' lang='lat' dir='ltr'><strong>vestigia</strong></span> <span class='ocrx_word' id='word_1_117' title='bbox 711 1841 892 1916; x_wconf 84' lang='lat' dir='ltr'><strong>servarunt,</strong></span> <span class='ocrx_word' id='word_1_118' title='bbox 928 1857 968 1901; x_wconf 86' lang='lat' dir='ltr'><strong>ex</strong></span> <span class='ocrx_word' id='word_1_119' title='bbox 996 1836 1114 1919; x_wconf 84' lang='lat' dir='ltr'><strong>quibus</strong></span> <span class='ocrx_word' id='word_1_120' title='bbox 1142 1836 1263 1901; x_wconf 83' lang='lat' dir='ltr'><strong>veritas</strong></span> 
     </span>
     <span class='ocr_line' id='line_1_16' title="bbox 58 1938 1263 2028; baseline -0.002 -18"><span class='ocrx_word' id='word_1_121' title='bbox 58 1938 213 2022; x_wconf 77' lang='lat' dir='ltr'><strong>emersit3</strong></span> <span class='ocrx_word' id='word_1_122' title='bbox 249 1946 347 2012; x_wconf 89' lang='lat' dir='ltr'><strong>ceteri</strong></span> <span class='ocrx_word' id='word_1_123' title='bbox 378 1945 467 2011; x_wconf 88' lang='lat' dir='ltr'><strong>varie</strong></span> <span class='ocrx_word' id='word_1_124' title='bbox 495 1945 682 2028; x_wconf 86' lang='lat' dir='ltr'><strong>interpolati</strong></span> <span class='ocrx_word' id='word_1_125' title='bbox 709 1952 796 2011; x_wconf 85' lang='lat' dir='ltr'><strong>sunt.</strong></span> <span class='ocrx_word' id='word_1_126' title='bbox 841 1945 934 2010; x_wconf 88' lang='lat' dir='ltr'><strong>Alter</strong></span> <span class='ocrx_word' id='word_1_127' title='bbox 956 1945 998 2008; x_wconf 91' lang='lat' dir='ltr'><strong>sit</strong></span> <span class='ocrx_word' id='word_1_128' title='bbox 1021 1943 1121 2021; x_wconf 82' lang='lat' dir='ltr'><strong>locus,</strong></span> <span class='ocrx_word' id='word_1_129' title='bbox 1157 1961 1263 2025; x_wconf 89' lang='lat' dir='ltr'><strong>equo</strong></span> 
     </span>
     <span class='ocr_line' id='line_1_17' title="bbox 57 2049 1305 2136; baseline -0.002 -20"><span class='ocrx_word' id='word_1_130' title='bbox 57 2070 150 2116; x_wconf 88' lang='lat' dir='ltr'><strong>nunc</strong></span> <span class='ocrx_word' id='word_1_131' title='bbox 172 2051 306 2117; x_wconf 91' lang='lat' dir='ltr'><strong>demum</strong></span> <span class='ocrx_word' id='word_1_132' title='bbox 329 2052 536 2136; x_wconf 83' lang='lat' dir='ltr'><strong>interpolatio</strong></span> <span class='ocrx_word' id='word_1_133' title='bbox 560 2052 701 2130; x_wconf 84' lang='lat' dir='ltr'><strong>tolletur,</strong></span> <span class='ocrx_word' id='word_1_134' title='bbox 736 2071 803 2116; x_wconf 92' lang='lat' dir='ltr'><strong>non</strong></span> <span class='ocrx_word' id='word_1_135' title='bbox 824 2052 933 2116; x_wconf 90' lang='lat' dir='ltr'><strong>minus</strong></span> <span class='ocrx_word' id='word_1_136' title='bbox 956 2049 1188 2128; x_wconf 88' lang='lat' dir='ltr'><strong>memorabilis,</strong></span> <span class='ocrx_word' id='word_1_137' title='bbox 1224 2069 1264 2114; x_wconf 84' lang='lat' dir='ltr'><strong>ex</strong></span> <span class='ocrx_word' id='word_1_138' title='bbox 1302 2121 1305 2130; x_wconf 51' lang='grc'>,</span> 
     </span>
     <span class='ocr_line' id='line_1_18' title="bbox 60 2155 1263 2241; baseline -0.002 -19"><span class='ocrx_word' id='word_1_139' title='bbox 60 2157 150 2223; x_wconf 91' lang='lat' dir='ltr'><strong>libro</strong></span> <span class='ocrx_word' id='word_1_140' title='bbox 172 2158 199 2223; x_wconf 88' lang='lat' dir='ltr'><strong>II</strong></span> <span class='ocrx_word' id='word_1_141' title='bbox 223 2178 249 2223; x_wconf 91' lang='lat' dir='ltr'><strong>c.</strong></span> <span class='ocrx_word' id='word_1_142' title='bbox 274 2160 294 2224; x_wconf 87' lang='lat'>8</span> <span class='ocrx_word' id='word_1_143' title='bbox 319 2157 337 2240; x_wconf 70' lang='grc' dir='ltr'><strong>ἕ</strong></span> <span class='ocrx_word' id='word_1_144' title='bbox 363 2160 414 2228; x_wconf 87' lang='grc'><strong>19.</strong></span> <span class='ocrx_word' id='word_1_145' title='bbox 449 2159 507 2225; x_wconf 89' lang='lat' dir='ltr'><strong>ubi</strong></span> <span class='ocrx_word' id='word_1_146' title='bbox 534 2159 568 2224; x_wconf 90' lang='lat' dir='ltr'><strong>in</strong></span> <span class='ocrx_word' id='word_1_147' title='bbox 598 2159 670 2241; x_wconf 83' lang='lat' dir='ltr'><strong>ipsa</strong></span> <span class='ocrx_word' id='word_1_148' title='bbox 693 2157 772 2240; x_wconf 79' lang='lat' dir='ltr'><strong>legis</strong></span> <span class='ocrx_word' id='word_1_149' title='bbox 798 2157 938 2222; x_wconf 90' lang='lat' dir='ltr'><strong>iorrnula</strong></span> <span class='ocrx_word' id='word_1_150' title='bbox 960 2156 1056 2240; x_wconf 73' lang='lat' dir='ltr'><strong>vulgo</strong></span> <span class='ocrx_word' id='word_1_151' title='bbox 1079 2158 1126 2221; x_wconf 94' lang='lat' dir='ltr'><strong>sic</strong></span> <span class='ocrx_word' id='word_1_152' title='bbox 1149 2155 1263 2221; x_wconf 89' lang='lat' dir='ltr'><strong>scribi·</strong></span> 
     </span>
     <span class='ocr_line' id='line_1_19' title="bbox 59 2262 1262 2350; baseline -0.001 -21"><span class='ocrx_word' id='word_1_153' title='bbox 59 2267 132 2329; x_wconf 85' lang='lat' dir='ltr'><strong>tur:</strong></span> <span class='ocrx_word' id='word_1_154' title='bbox 157 2263 339 2349; x_wconf 80' lang='lat' dir='ltr'><strong>Separatim</strong></span> <span class='ocrx_word' id='word_1_155' title='bbox 362 2286 450 2330; x_wconf 80' lang='lat' dir='ltr'><strong>neom</strong></span> <span class='ocrx_word' id='word_1_156' title='bbox 473 2265 609 2331; x_wconf 73' lang='lat' dir='ltr'><strong>habessit</strong></span> <span class='ocrx_word' id='word_1_157' title='bbox 632 2265 716 2345; x_wconf 77' lang='lat' dir='ltr'><strong>deos,</strong></span> <span class='ocrx_word' id='word_1_158' title='bbox 739 2285 814 2329; x_wconf 82' lang='lat' dir='ltr'><strong>ncne</strong></span> <span class='ocrx_word' id='word_1_159' title='bbox 832 2284 926 2328; x_wconf 81' lang='lat' dir='ltr'><strong>novos</strong></span> <span class='ocrx_word' id='word_1_160' title='bbox 942 2264 1007 2328; x_wconf 80' lang='lat' dir='ltr'><strong>sive</strong></span> <span class='ocrx_word' id='word_1_161' title='bbox 1023 2262 1173 2350; x_wconf 69' lang='lat' dir='ltr'><strong>adsonem,</strong></span> <span class='ocrx_word' id='word_1_162' title='bbox 1196 2264 1262 2328; x_wconf 82' lang='lat' dir='ltr'><strong>nisi</strong></span> 
     </span>
     <span class='ocr_line' id='line_1_20' title="bbox 53 2368 1264 2456; baseline -0.002 -21"><span class='ocrx_word' id='word_1_163' title='bbox 53 2369 185 2454; x_wconf 78' lang='lat' dir='ltr'><strong>publice</strong></span> <span class='ocrx_word' id='word_1_164' title='bbox 207 2371 353 2454; x_wconf 78' lang='lat' dir='ltr'><strong>adscitos,</strong></span> <span class='ocrx_word' id='word_1_165' title='bbox 370 2374 528 2456; x_wconf 81' lang='lat' dir='ltr'><strong>privatim</strong></span> <span class='ocrx_word' id='word_1_166' title='bbox 550 2372 682 2436; x_wconf 78' lang='lat' dir='ltr'><strong>colunto.</strong></span> <span class='ocrx_word' id='word_1_167' title='bbox 721 2370 906 2435; x_wconf 75' lang='lat' dir='ltr'><strong>Oorzstructa</strong></span> <span class='ocrx_word' id='word_1_168' title='bbox 929 2390 951 2433; x_wconf 83' lang='lat' dir='ltr'><strong>a</strong></span> <span class='ocrx_word' id='word_1_169' title='bbox 961 2369 1113 2453; x_wconf 69' lang='lat' dir='ltr'><strong>patribus</strong></span> <span class='ocrx_word' id='word_1_170' title='bbox 1130 2368 1264 2433; x_wconf 77' lang='lat' dir='ltr'><strong>delubra</strong></span> 
     </span>
     <span class='ocr_line' id='line_1_21' title="bbox 58 2477 1264 2561; baseline -0.001 -21"><span class='ocrx_word' id='word_1_171' title='bbox 58 2478 99 2541; x_wconf 80' lang='lat' dir='ltr'><strong>in</strong></span> <span class='ocrx_word' id='word_1_172' title='bbox 121 2477 252 2542; x_wconf 78' lang='lat' dir='ltr'><strong>urbibus</strong></span> <span class='ocrx_word' id='word_1_173' title='bbox 273 2478 415 2544; x_wconf 78' lang='lat' dir='ltr'><strong>habento.</strong></span> <span class='ocrx_word' id='word_1_174' title='bbox 451 2478 626 2561; x_wconf 86' lang='lat' dir='ltr'><strong>Tanquam</strong></span> <span class='ocrx_word' id='word_1_175' title='bbox 650 2479 715 2545; x_wconf 92' lang='lat' dir='ltr'><strong>duo</strong></span> <span class='ocrx_word' id='word_1_176' title='bbox 738 2479 904 2561; x_wconf 87' lang='lat' dir='ltr'><strong>praecepta</strong></span> <span class='ocrx_word' id='word_1_177' title='bbox 926 2479 1094 2559; x_wconf 90' lang='lat' dir='ltr'><strong>ponuntur</strong></span> <span class='ocrx_word' id='word_1_178' title='bbox 1115 2496 1174 2559; x_wconf 89' lang='lat' dir='ltr'><strong>per</strong></span> <span class='ocrx_word' id='word_1_179' title='bbox 1190 2496 1264 2540; x_wconf 77' lang='lat' dir='ltr'><strong>neoc</strong></span> 
     </span>
    </p>
   </div>
   <div class='ocr_carea' id='block_1_3' title="bbox 59 2581 1264 2987">
    <p class='ocr_par' dir='ltr' id='par_1_4' title="bbox 59 2581 1264 2987">
     <span class='ocr_line' id='line_1_22' title="bbox 60 2581 1264 2671; baseline -0.004 -21"><span class='ocrx_word' id='word_1_180' title='bbox 60 2584 252 2650; x_wconf 84' lang='lat' dir='ltr'><strong>coniuncta:</strong></span> <span class='ocrx_word' id='word_1_181' title='bbox 276 2584 458 2671; x_wconf 78' lang='lat' dir='ltr'><strong>Separatim</strong></span> <span class='ocrx_word' id='word_1_182' title='bbox 480 2606 570 2650; x_wconf 81' lang='lat' dir='ltr'><strong>nemo</strong></span> <span class='ocrx_word' id='word_1_183' title='bbox 592 2584 729 2649; x_wconf 79' lang='lat' dir='ltr'><strong>habessit</strong></span> <span class='ocrx_word' id='word_1_184' title='bbox 752 2584 825 2648; x_wconf 83' lang='lat' dir='ltr'><strong>deos</strong></span> <span class='ocrx_word' id='word_1_185' title='bbox 848 2587 895 2647; x_wconf 88' lang='lat' dir='ltr'><strong>et:</strong></span> <span class='ocrx_word' id='word_1_186' title='bbox 924 2601 1018 2646; x_wconf 81' lang='lat' dir='ltr'><strong>novos</strong></span> <span class='ocrx_word' id='word_1_187' title='bbox 1040 2584 1104 2646; x_wconf 83' lang='lat' dir='ltr'><strong>sive</strong></span> <span class='ocrx_word' id='word_1_188' title='bbox 1124 2581 1264 2646; x_wconf 80' lang='lat' dir='ltr'><strong>advenas</strong></span> 
     </span>
     <span class='ocr_line' id='line_1_23' title="bbox 59 2691 1263 2777; baseline -0.003 -22"><span class='ocrx_word' id='word_1_189' title='bbox 59 2691 128 2756; x_wconf 75' lang='lat' dir='ltr'><strong>nisi</strong></span> <span class='ocrx_word' id='word_1_190' title='bbox 159 2691 282 2775; x_wconf 77' lang='lat' dir='ltr'><strong>publice</strong></span> <span class='ocrx_word' id='word_1_191' title='bbox 316 2692 452 2757; x_wconf 81' lang='lat' dir='ltr'><strong>adscitos</strong></span> <span class='ocrx_word' id='word_1_192' title='bbox 478 2693 636 2777; x_wconf 76' lang='lat' dir='ltr'><strong>privatim</strong></span> <span class='ocrx_word' id='word_1_193' title='bbox 659 2712 698 2755; x_wconf 82' lang='lat' dir='ltr'><strong>nc</strong></span> <span class='ocrx_word' id='word_1_194' title='bbox 726 2692 857 2756; x_wconf 81' lang='lat' dir='ltr'><strong>colunto.</strong></span> <span class='ocrx_word' id='word_1_195' title='bbox 902 2691 947 2755; x_wconf 88' lang='lat' dir='ltr'><strong>At</strong></span> <span class='ocrx_word' id='word_1_196' title='bbox 974 2708 1078 2773; x_wconf 82' lang='lat' dir='ltr'><strong>genus</strong></span> <span class='ocrx_word' id='word_1_197' title='bbox 1103 2692 1152 2752; x_wconf 88' lang='lat' dir='ltr'><strong>est</strong></span> <span class='ocrx_word' id='word_1_198' title='bbox 1174 2708 1263 2771; x_wconf 80' lang='lat' dir='ltr'><strong>sepo·</strong></span> 
     </span>
     <span class='ocr_line' id='line_1_24' title="bbox 59 2794 1263 2881; baseline -0.002 -21"><span class='ocrx_word' id='word_1_199' title='bbox 59 2798 162 2861; x_wconf 80' lang='lat' dir='ltr'><strong>ratim</strong></span> <span class='ocrx_word' id='word_1_200' title='bbox 184 2798 308 2863; x_wconf 86' lang='lat' dir='ltr'><strong>habere</strong></span> <span class='ocrx_word' id='word_1_201' title='bbox 330 2798 426 2876; x_wconf 89' lang='lat' dir='ltr'><strong>deos;</strong></span> <span class='ocrx_word' id='word_1_202' title='bbox 450 2818 573 2877; x_wconf 84' lang='lat' dir='ltr'><strong>eorum,</strong></span> <span class='ocrx_word' id='word_1_203' title='bbox 598 2798 653 2881; x_wconf 90' lang='lat' dir='ltr'><strong>qui</strong></span> <span class='ocrx_word' id='word_1_204' title='bbox 676 2797 855 2879; x_wconf 84' lang='lat' dir='ltr'><strong>separatim</strong></span> <span class='ocrx_word' id='word_1_205' title='bbox 877 2795 992 2861; x_wconf 88' lang='lat' dir='ltr'><strong>haberi</strong></span> <span class='ocrx_word' id='word_1_206' title='bbox 1015 2798 1164 2878; x_wconf 87' lang='lat' dir='ltr'><strong>possunt,</strong></span> <span class='ocrx_word' id='word_1_207' title='bbox 1189 2794 1263 2859; x_wconf 87' lang='lat' dir='ltr'><strong>duae</strong></span> 
     </span>
     <span class='ocr_line' id='line_1_25' title="bbox 60 2901 1263 2987; baseline -0.003 -18"><span class='ocrx_word' id='word_1_208' title='bbox 60 2908 141 2969; x_wconf 87' lang='lat' dir='ltr'><strong>sunt</strong></span> <span class='ocrx_word' id='word_1_209' title='bbox 174 2905 309 2987; x_wconf 84' lang='lat' dir='ltr'><strong>species,</strong></span> <span class='ocrx_word' id='word_1_210' title='bbox 344 2923 503 2971; x_wconf 83' lang='lat' dir='ltr'><strong>novorum</strong></span> <span class='ocrx_word' id='word_1_211' title='bbox 539 2908 573 2970; x_wconf 92' lang='lat' dir='ltr'><strong>et</strong></span> <span class='ocrx_word' id='word_1_212' title='bbox 606 2904 819 2970; x_wconf 83' lang='lat' dir='ltr'><strong>advenarum.</strong></span> <span class='ocrx_word' id='word_1_213' title='bbox 870 2903 954 2985; x_wconf 83' lang='lat' dir='ltr'><strong>Ergo</strong></span> <span class='ocrx_word' id='word_1_214' title='bbox 984 2903 1019 2967; x_wconf 94' lang='lat' dir='ltr'><strong>in</strong></span> <span class='ocrx_word' id='word_1_215' title='bbox 1049 2901 1263 2984; x_wconf 82' lang='lat' dir='ltr'><strong>explicatione</strong></span> 
     </span>
    </p>
   </div>
   <div class='ocr_carea' id='block_1_4' title="bbox 60 3008 1265 3731">
    <p class='ocr_par' dir='ltr' id='par_1_5' title="bbox 60 3008 1265 3731">
     <span class='ocr_line' id='line_1_26' title="bbox 62 3008 1264 3097; baseline -0.003 -23"><span class='ocrx_word' id='word_1_216' title='bbox 62 3011 144 3094; x_wconf 76' lang='lat' dir='ltr'><strong>legis</strong></span> <span class='ocrx_word' id='word_1_217' title='bbox 167 3017 218 3077; x_wconf 86' lang='lat' dir='ltr'><strong>est</strong></span> <span class='ocrx_word' id='word_1_218' title='bbox 240 3031 268 3077; x_wconf 92' lang='lat' dir='ltr'><strong>c.</strong></span> <span class='ocrx_word' id='word_1_219' title='bbox 295 3013 346 3090; x_wconf 91' lang='grc'><strong>10,</strong></span> <span class='ocrx_word' id='word_1_220' title='bbox 370 3012 429 3077; x_wconf 80' lang='lat'><strong>25:</strong></span> <span class='ocrx_word' id='word_1_221' title='bbox 461 3032 592 3097; x_wconf 81' lang='lat' dir='ltr'><strong>suosque</strong></span> <span class='ocrx_word' id='word_1_222' title='bbox 614 3010 688 3075; x_wconf 86' lang='lat' dir='ltr'><strong>deos</strong></span> <span class='ocrx_word' id='word_1_223' title='bbox 712 3017 768 3074; x_wconf 85' lang='lat' dir='ltr'><strong>aut</strong></span> <span class='ocrx_word' id='word_1_224' title='bbox 790 3030 884 3075; x_wconf 79' lang='lat' dir='ltr'><strong>novos</strong></span> <span class='ocrx_word' id='word_1_225' title='bbox 907 3017 963 3073; x_wconf 80' lang='lat' dir='ltr'><strong>aut</strong></span> <span class='ocrx_word' id='word_1_226' title='bbox 986 3009 1182 3094; x_wconf 72' lang='lat' dir='ltr'><strong>alienipesos</strong></span> <span class='ocrx_word' id='word_1_227' title='bbox 1204 3008 1264 3072; x_wconf 80' lang='lat' dir='ltr'><strong>coti</strong></span> 
     </span>
     <span class='ocr_line' id='line_1_27' title="bbox 60 3115 1263 3205; baseline -0.004 -22"><span class='ocrx_word' id='word_1_228' title='bbox 60 3117 277 3200; x_wconf 80' lang='lat' dir='ltr'><strong>confusionem</strong></span> <span class='ocrx_word' id='word_1_229' title='bbox 299 3118 391 3183; x_wconf 84' lang='lat' dir='ltr'><strong>babet</strong></span> <span class='ocrx_word' id='word_1_230' title='bbox 413 3119 612 3205; x_wconf 70' lang='lat' dir='ltr'><strong>retiqionum.</strong></span> <span class='ocrx_word' id='word_1_231' title='bbox 658 3116 783 3182; x_wconf 91' lang='lat' dir='ltr'><strong>Deinde</strong></span> <span class='ocrx_word' id='word_1_232' title='bbox 811 3117 964 3182; x_wconf 87' lang='lat' dir='ltr'><strong>vitiosum</strong></span> <span class='ocrx_word' id='word_1_233' title='bbox 995 3120 1045 3180; x_wconf 85' lang='lat' dir='ltr'><strong>est</strong></span> <span class='ocrx_word' id='word_1_234' title='bbox 1072 3115 1146 3192; x_wconf 81' lang='lat' dir='ltr'><strong>sive,</strong></span> <span class='ocrx_word' id='word_1_235' title='bbox 1181 3132 1263 3195; x_wconf 90' lang='lat' dir='ltr'><strong>quo·</strong></span> 
     </span>
     <span class='ocr_line' id='line_1_28' title="bbox 61 3217 1265 3304; baseline -0.003 -16"><span class='ocrx_word' id='word_1_236' title='bbox 61 3223 150 3288; x_wconf 84' lang='lat' dir='ltr'><strong>niam</strong></span> <span class='ocrx_word' id='word_1_237' title='bbox 176 3226 305 3290; x_wconf 84' lang='lat' dir='ltr'><strong>diversa</strong></span> <span class='ocrx_word' id='word_1_238' title='bbox 333 3225 405 3290; x_wconf 81' lang='lat' dir='ltr'><strong>haec</strong></span> <span class='ocrx_word' id='word_1_239' title='bbox 433 3228 519 3303; x_wconf 76' lang='lat' dir='ltr'><strong>sunt,</strong></span> <span class='ocrx_word' id='word_1_240' title='bbox 553 3244 620 3289; x_wconf 90' lang='lat' dir='ltr'><strong>non</strong></span> <span class='ocrx_word' id='word_1_241' title='bbox 649 3224 776 3289; x_wconf 88' lang='lat' dir='ltr'><strong>eadem.</strong></span> <span class='ocrx_word' id='word_1_242' title='bbox 784 3217 811 3304; x_wconf 83' lang='lat'><strong>²)</strong></span> <span class='ocrx_word' id='word_1_243' title='bbox 856 3222 924 3287; x_wconf 92' lang='lat' dir='ltr'><strong>Nec</strong></span> <span class='ocrx_word' id='word_1_244' title='bbox 951 3223 998 3287; x_wconf 93' lang='lat' dir='ltr'><strong>ita</strong></span> <span class='ocrx_word' id='word_1_245' title='bbox 1026 3221 1184 3303; x_wconf 88' lang='lat' dir='ltr'><strong>scriptum</strong></span> <span class='ocrx_word' id='word_1_246' title='bbox 1214 3225 1265 3285; x_wconf 85' lang='lat' dir='ltr'><strong>est</strong></span> 
     </span>
     <span class='ocr_line' id='line_1_29' title="bbox 62 3326 1264 3414; baseline -0.003 -19"><span class='ocrx_word' id='word_1_247' title='bbox 62 3331 126 3395; x_wconf 90' lang='lat' dir='ltr'><strong>nisi</strong></span> <span class='ocrx_word' id='word_1_248' title='bbox 150 3330 183 3396; x_wconf 92' lang='lat' dir='ltr'><strong>in</strong></span> <span class='ocrx_word' id='word_1_249' title='bbox 205 3332 410 3414; x_wconf 85' lang='lat' dir='ltr'><strong>paucissimis</strong></span> <span class='ocrx_word' id='word_1_250' title='bbox 433 3331 552 3395; x_wconf 90' lang='lat' dir='ltr'><strong>nullius</strong></span> <span class='ocrx_word' id='word_1_251' title='bbox 574 3331 777 3404; x_wconf 70' lang='lat' dir='ltr'><strong>auctoritatis</strong></span> <span class='ocrx_word' id='word_1_252' title='bbox 799 3329 965 3395; x_wconf 85' lang='lat' dir='ltr'><strong>codicibus</strong></span> <span class='ocrx_word' id='word_1_253' title='bbox 990 3327 1169 3412; x_wconf 83' lang='lat' dir='ltr'><strong>(Maffeiani</strong></span> <span class='ocrx_word' id='word_1_254' title='bbox 1191 3326 1264 3391; x_wconf 91' lang='lat' dir='ltr'><strong>libri</strong></span> 
     </span>
     <span class='ocr_line' id='line_1_30' title="bbox 62 3415 1263 3518; baseline -0.002 -18"><span class='ocrx_word' id='word_1_255' title='bbox 62 3435 151 3518; x_wconf 91' lang='lat' dir='ltr'><strong>pleni</strong></span> <span class='ocrx_word' id='word_1_256' title='bbox 176 3441 269 3503; x_wconf 81' lang='lat' dir='ltr'><strong>erant</strong></span> <span class='ocrx_word' id='word_1_257' title='bbox 293 3435 583 3518; x_wconf 86' lang='lat' dir='ltr'><strong>coniecturarum);</strong></span> <span class='ocrx_word' id='word_1_258' title='bbox 607 3436 707 3501; x_wconf 85' lang='lat' dir='ltr'><strong>ceteri</strong></span> <span class='ocrx_word' id='word_1_259' title='bbox 723 3415 837 3501; x_wconf 74' lang='lat' dir='ltr'><strong>omnes</strong></span> <span class='ocrx_word' id='word_1_260' title='bbox 852 3436 977 3500; x_wconf 86' lang='lat' dir='ltr'><strong>hahent</strong></span> <span class='ocrx_word' id='word_1_261' title='bbox 996 3434 1051 3498; x_wconf 84' lang='lat' dir='ltr'><strong>sed</strong></span> <span class='ocrx_word' id='word_1_262' title='bbox 1066 3454 1114 3498; x_wconf 81' lang='lat' dir='ltr'><strong>ne.</strong></span> <span class='ocrx_word' id='word_1_263' title='bbox 1150 3434 1263 3514; x_wconf 85' lang='lat' dir='ltr'><strong>ltaque</strong></span> 
     </span>
     <span class='ocr_line' id='line_1_31' title="bbox 62 3540 1263 3627; baseline -0.003 -20"><span class='ocrx_word' id='word_1_264' title='bbox 62 3542 215 3609; x_wconf 86' lang='lat' dir='ltr'><strong>Handius</strong></span> <span class='ocrx_word' id='word_1_265' title='bbox 238 3544 328 3623; x_wconf 84' lang='lat' dir='ltr'><strong>vidit,</strong></span> <span class='ocrx_word' id='word_1_266' title='bbox 353 3544 528 3627; x_wconf 84' lang='lat' dir='ltr'><strong>quodiam</strong></span> <span class='ocrx_word' id='word_1_267' title='bbox 552 3543 697 3608; x_wconf 82' lang='lat' dir='ltr'><strong>Manutio</strong></span> <span class='ocrx_word' id='word_1_268' title='bbox 720 3543 754 3607; x_wconf 94' lang='lat' dir='ltr'><strong>in</strong></span> <span class='ocrx_word' id='word_1_269' title='bbox 777 3544 922 3607; x_wconf 87' lang='lat' dir='ltr'><strong>mentem</strong></span> <span class='ocrx_word' id='word_1_270' title='bbox 945 3543 1089 3618; x_wconf 83' lang='lat' dir='ltr'><strong>venerat,</strong></span> <span class='ocrx_word' id='word_1_271' title='bbox 1118 3540 1263 3605; x_wconf 91' lang='lat' dir='ltr'><strong>scriben-</strong></span> 
     </span>
     <span class='ocr_line' id='line_1_32' title="bbox 63 3648 1264 3731; baseline -0.003 -17"><span class='ocrx_word' id='word_1_272' title='bbox 63 3648 143 3714; x_wconf 91' lang='lat' dir='ltr'><strong>dum</strong></span> <span class='ocrx_word' id='word_1_273' title='bbox 179 3670 266 3716; x_wconf 88' lang='lat' dir='ltr'><strong>esse:</strong></span> <span class='ocrx_word' id='word_1_274' title='bbox 301 3672 375 3716; x_wconf 84' lang='lat' dir='ltr'><strong>nove</strong></span> <span class='ocrx_word' id='word_1_275' title='bbox 410 3651 559 3716; x_wconf 77' lang='lat' dir='ltr'><strong>edomas.</strong></span> <span class='ocrx_word' id='word_1_276' title='bbox 605 3650 641 3714; x_wconf 92' lang='lat' dir='ltr'><strong>Id</strong></span> <span class='ocrx_word' id='word_1_277' title='bbox 675 3669 742 3714; x_wconf 93' lang='lat' dir='ltr'><strong>non</strong></span> <span class='ocrx_word' id='word_1_278' title='bbox 776 3648 865 3727; x_wconf 79' lang='lat' dir='ltr'><strong>vidit,</strong></span> <span class='ocrx_word' id='word_1_279' title='bbox 900 3668 921 3714; x_wconf 86' lang='lat' dir='ltr'><strong>a</strong></span> <span class='ocrx_word' id='word_1_280' title='bbox 955 3648 1063 3731; x_wconf 89' lang='lat' dir='ltr'><strong>priore</strong></span> <span class='ocrx_word' id='word_1_281' title='bbox 1093 3668 1167 3712; x_wconf 81' lang='lat' dir='ltr'><strong>nece</strong></span> <span class='ocrx_word' id='word_1_282' title='bbox 1198 3665 1264 3711; x_wconf 93' lang='lat' dir='ltr'><strong>non</strong></span> 
     </span>
    </p>
   </div>
   <div class='ocr_carea' id='block_1_5' title="bbox 90 3963 1332 4484">
    <p class='ocr_par' dir='ltr' id='par_1_6' title="bbox 90 3963 1332 4215">
     <span class='ocr_line' id='line_1_33' title="bbox 90 3963 1332 4040; baseline -0.007 -15"><span class='ocrx_word' id='word_1_283' title='bbox 90 3967 114 4037; x_wconf 74' lang='grc' dir='ltr'><strong>ι)</strong></span> <span class='ocrx_word' id='word_1_284' title='bbox 132 3969 230 4040; x_wconf 81' lang='lat' dir='ltr'><strong>Itaque</strong></span> <span class='ocrx_word' id='word_1_285' title='bbox 249 3971 390 4039; x_wconf 76' lang='lat' dir='ltr'><strong>scriptura</strong></span> <span class='ocrx_word' id='word_1_286' title='bbox 408 3968 445 4022; x_wconf 92' lang='lat' dir='ltr'><strong>ibi</strong></span> <span class='ocrx_word' id='word_1_287' title='bbox 465 3972 604 4022; x_wconf 82' lang='lat' dir='ltr'><strong>annotatae</strong></span> <span class='ocrx_word' id='word_1_288' title='bbox 626 3984 696 4034; x_wconf 78' lang='lat' dir='ltr'><strong>„nou</strong></span> <span class='ocrx_word' id='word_1_289' title='bbox 720 3966 792 4021; x_wconf 86' lang='lat' dir='ltr'><strong>ultra</strong></span> <span class='ocrx_word' id='word_1_290' title='bbox 815 3970 928 4020; x_wconf 85' lang='lat' dir='ltr'><strong>centum</strong></span> <span class='ocrx_word' id='word_1_291' title='bbox 952 3981 1002 4034; x_wconf 89' lang='lat' dir='ltr'><strong>per</strong></span> <span class='ocrx_word' id='word_1_292' title='bbox 1026 3965 1077 4019; x_wconf 91' lang='lat' dir='ltr'><strong>hos</strong></span> <span class='ocrx_word' id='word_1_293' title='bbox 1102 3969 1157 4018; x_wconf 83' lang='lat' dir='ltr'><strong>tres</strong></span> <span class='ocrx_word' id='word_1_294' title='bbox 1180 3963 1264 4018; x_wconf 88' lang='lat' dir='ltr'><strong>libros</strong></span> <span class='ocrx_word' id='word_1_295' title='bbox 1329 4002 1332 4009; x_wconf 79' lang='lat'>·</span> 
     </span>
     <span class='ocr_line' id='line_1_34' title="bbox 135 4054 1264 4128; baseline -0.007 -13"><span class='ocrx_word' id='word_1_296' title='bbox 135 4061 196 4114; x_wconf 86' lang='lat' dir='ltr'><strong>loca</strong></span> <span class='ocrx_word' id='word_1_297' title='bbox 214 4056 367 4128; x_wconf 67' lang='lat' dir='ltr'><strong>attingunt*</strong></span> <span class='ocrx_word' id='word_1_298' title='bbox 388 4057 465 4122; x_wconf 87' lang='lat' dir='ltr'><strong>(IIos.</strong></span> <span class='ocrx_word' id='word_1_299' title='bbox 479 4074 505 4126; x_wconf 93' lang='lat' dir='ltr'><strong>p.</strong></span> <span class='ocrx_word' id='word_1_300' title='bbox 519 4054 616 4122; x_wconf 83' lang='lat' dir='ltr'>XVIII)</span> <span class='ocrx_word' id='word_1_301' title='bbox 635 4061 663 4111; x_wconf 87' lang='lat' dir='ltr'><strong>et</strong></span> <span class='ocrx_word' id='word_1_302' title='bbox 679 4055 857 4121; x_wconf 84' lang='lat' dir='ltr'><strong>„confirmant</strong></span> <span class='ocrx_word' id='word_1_303' title='bbox 872 4055 974 4109; x_wconf 84' lang='lat' dir='ltr'><strong>multas</strong></span> <span class='ocrx_word' id='word_1_304' title='bbox 986 4055 1109 4110; x_wconf 86' lang='lat' dir='ltr'><strong>virorum</strong></span> <span class='ocrx_word' id='word_1_305' title='bbox 1121 4055 1264 4108; x_wconf 88' lang='lat' dir='ltr'><strong>doctorum</strong></span> 
     </span>
     <span class='ocr_line' id='line_1_35' title="bbox 135 4140 903 4215; baseline -0.009 -11"><span class='ocrx_word' id='word_1_306' title='bbox 135 4147 321 4203; x_wconf 75' lang='lat' dir='ltr'><strong>coniecturas⁸</strong></span> <span class='ocrx_word' id='word_1_307' title='bbox 343 4145 409 4213; x_wconf 88' lang='lat' dir='ltr'><strong>(ibd.</strong></span> <span class='ocrx_word' id='word_1_308' title='bbox 430 4146 559 4215; x_wconf 74' lang='lat' dir='ltr'><strong>Apparet,</strong></span> <span class='ocrx_word' id='word_1_309' title='bbox 578 4161 641 4214; x_wconf 84' lang='lat' dir='ltr'><strong>quae</strong></span> <span class='ocrx_word' id='word_1_310' title='bbox 659 4145 695 4199; x_wconf 88' lang='lat' dir='ltr'><strong>sit</strong></span> <span class='ocrx_word' id='word_1_311' title='bbox 713 4140 903 4207; x_wconf 85' lang='lat' dir='ltr'><strong>confirmatio).</strong></span> 
     </span>
    </p>

    <p class='ocr_par' dir='ltr' id='par_1_7' title="bbox 93 4229 1265 4484">
     <span class='ocr_line' id='line_1_36' title="bbox 93 4229 1264 4303; baseline -0.008 -10"><span class='ocrx_word' id='word_1_312' title='bbox 93 4235 115 4303; x_wconf 84' lang='lat'><strong>²)</strong></span> <span class='ocrx_word' id='word_1_313' title='bbox 133 4237 254 4292; x_wconf 78' lang='lat' dir='ltr'><strong>Moserus</strong></span> <span class='ocrx_word' id='word_1_314' title='bbox 268 4236 377 4299; x_wconf 81' lang='lat' dir='ltr'><strong>Rathio,</strong></span> <span class='ocrx_word' id='word_1_315' title='bbox 397 4235 448 4289; x_wconf 93' lang='lat' dir='ltr'><strong>hoc</strong></span> <span class='ocrx_word' id='word_1_316' title='bbox 467 4235 566 4289; x_wconf 80' lang='lat' dir='ltr'><strong>saltem</strong></span> <span class='ocrx_word' id='word_1_317' title='bbox 584 4235 643 4288; x_wconf 87' lang='lat' dir='ltr'><strong>loco</strong></span> <span class='ocrx_word' id='word_1_318' title='bbox 662 4231 840 4302; x_wconf 82' lang='lat' dir='ltr'><strong>prudentiori,</strong></span> <span class='ocrx_word' id='word_1_319' title='bbox 859 4231 981 4301; x_wconf 86' lang='lat' dir='ltr'><strong>opponit,</strong></span> <span class='ocrx_word' id='word_1_320' title='bbox 1000 4234 1055 4286; x_wconf 76' lang='lat' dir='ltr'><strong>stoc</strong></span> <span class='ocrx_word' id='word_1_321' title='bbox 1073 4232 1144 4284; x_wconf 88' lang='lat' dir='ltr'><strong>hanc</strong></span> <span class='ocrx_word' id='word_1_322' title='bbox 1162 4229 1264 4284; x_wconf 87' lang='lat' dir='ltr'><strong>habere</strong></span> 
     </span>
     <span class='ocr_line' id='line_1_37' title="bbox 135 4319 1265 4391; baseline -0.01 -10"><span class='ocrx_word' id='word_1_323' title='bbox 135 4326 315 4382; x_wconf 85' lang='lat' dir='ltr'><strong>sententiam:</strong></span> <span class='ocrx_word' id='word_1_324' title='bbox 343 4327 397 4379; x_wconf 75' lang='lat' dir='ltr'><strong>sive</strong></span> <span class='ocrx_word' id='word_1_325' title='bbox 420 4327 501 4378; x_wconf 77' lang='lat' dir='ltr'><strong>ettam</strong></span> <span class='ocrx_word' id='word_1_326' title='bbox 524 4325 580 4378; x_wconf 80' lang='lat' dir='ltr'><strong>sint</strong></span> <span class='ocrx_word' id='word_1_327' title='bbox 603 4325 720 4378; x_wconf 73' lang='lat' dir='ltr'><strong>advena.</strong></span> <span class='ocrx_word' id='word_1_328' title='bbox 756 4322 851 4391; x_wconf 82' lang='lat' dir='ltr'><strong>Neque</strong></span> <span class='ocrx_word' id='word_1_329' title='bbox 874 4319 1013 4389; x_wconf 88' lang='lat' dir='ltr'><strong>quomodo</strong></span> <span class='ocrx_word' id='word_1_330' title='bbox 1036 4322 1091 4373; x_wconf 77' lang='lat' dir='ltr'><strong>sios</strong></span> <span class='ocrx_word' id='word_1_331' title='bbox 1114 4334 1163 4387; x_wconf 88' lang='lat' dir='ltr'><strong>pro</strong></span> <span class='ocrx_word' id='word_1_332' title='bbox 1182 4319 1222 4371; x_wconf 79' lang='lat' dir='ltr'><strong>oct</strong></span> <span class='ocrx_word' id='word_1_333' title='bbox 1239 4320 1265 4371; x_wconf 82' lang='lat' dir='ltr'><strong>st</strong></span> 
     </span>
     <span class='ocr_line' id='line_1_38' title="bbox 136 4407 1050 4484; baseline -0.009 -14"><span class='ocrx_word' id='word_1_334' title='bbox 136 4420 294 4484; x_wconf 85' lang='lat' dir='ltr'><strong>poneretur,</strong></span> <span class='ocrx_word' id='word_1_335' title='bbox 313 4430 403 4483; x_wconf 85' lang='lat' dir='ltr'><strong>neque</strong></span> <span class='ocrx_word' id='word_1_336' title='bbox 422 4412 487 4482; x_wconf 85' lang='lat' dir='ltr'><strong>quid</strong></span> <span class='ocrx_word' id='word_1_337' title='bbox 506 4412 634 4482; x_wconf 68' lang='lat' dir='ltr'><strong>negatus</strong></span> <span class='ocrx_word' id='word_1_338' title='bbox 647 4410 779 4465; x_wconf 85' lang='lat' dir='ltr'><strong>diiunctio</strong></span> <span class='ocrx_word' id='word_1_339' title='bbox 797 4409 956 4480; x_wconf 85' lang='lat' dir='ltr'><strong>postularet,</strong></span> <span class='ocrx_word' id='word_1_340' title='bbox 975 4407 1050 4463; x_wconf 80' lang='lat' dir='ltr'><strong>vidit.</strong></span> 
     </span>
    </p>
   </div>
   <div class='ocr_carea' id='block_1_6' title="bbox 0 0 1489 5190">
    <p class='ocr_par' dir='ltr' id='par_1_8' title="bbox 0 0 1489 5190">
     <span class='ocr_line' id='line_1_39' title="bbox 0 0 1489 5190; baseline 0 0"><span class='ocrx_word' id='word_1_341' title='bbox 0 0 1489 5190; x_wconf 95' lang='lat' dir='ltr'><strong> </strong></span> 
     </span>
    </p>
   </div>
  </div>
 </body>
</html>
