2948 5206
717 311 782 377 723

146 507 238 573 lente
273 507 452 573 constantis
491 506 637 572 omnium
672 506 819 572 codicum
854 511 912 572 aut
946 510 1144 591 optimorum
1178 513 1348 596 scripture

144 615 341 679 mutatione.
375 614 412 677 ln
434 613 620 678 huiusmodi
643 613 721 679 locis
743 613 885 696 primum
901 613 1031 680 difficile
1048 619 1098 680 est
1111 616 1219 700 ipsum
1235 638 1347 686 secum

144 721 356 799 constituere,
381 720 459 802 quid
482 721 516 784 in
538 720 646 803 ipsum
663 719 855 803 scriptorem
872 721 1011 787 conferri
1027 725 1139 805 possit,
1164 724 1242 807 quid
1258 727 1356 792 nullo.

145 828 248 894 modo
276 828 389 911 possit,
425 830 462 892 ut
490 827 606 910 corrigi
632 845 767 909 prorsus
795 826 926 906 debeat,
961 828 1093 906 deinde,
1129 830 1156 895 si
1190 833 1347 898 correctio

146 935 335 999 necessaria
358 933 429 998 visa
452 938 513 1010 est,
537 932 609 998 aliis
631 933 831 1016 persuadere
855 940 887 998 et
909 933 1008 999 fidem
1037 939 1242 1018 extorquere.
1281 937 1347 1003 Sed

144 1040 332 1124 proiectum
355 1040 428 1108 iam.
445 1040 569 1122 aliquid
589 1038 662 1118 erit,
685 1039 813 1105 etiamsi
835 1039 967 1107 librario
984 1040 1113 1125 culpam
1138 1042 1347 1109 tribuendam

145 1165 222 1212 esse
244 1165 310 1212 non
332 1145 544 1228 persuaseris,
579 1146 607 1210 si
636 1149 750 1211 tamen
779 1147 959 1230 prudentes
988 1168 1103 1214 ornnes
1134 1150 1277 1233 coegeris
1306 1150 1347 1216 de

144 1253 321 1337 sententie
342 1253 421 1318 vitio
444 1252 590 1317 confiteri
605 1251 860 1336 intelligensque,
883 1253 927 1337 id,
951 1255 1041 1337 quod
1056 1256 1214 1338 seriptum
1231 1261 1346 1337 exstet,

143 1358 175 1424 si
200 1359 244 1424 ab
266 1359 339 1440 ipso
361 1359 520 1441 scriptore
543 1358 686 1441 positum
710 1359 762 1438 sit,
786 1359 959 1425 oscitantia
975 1360 1118 1443 quadam
1136 1365 1171 1427 et
1185 1363 1348 1429 oblivione

144 1467 292 1549 positum
315 1484 403 1543 esse3
438 1464 596 1547 imperitis
627 1467 662 1530 et
690 1465 924 1548 superstitiosis
953 1468 988 1531 in
1018 1466 1076 1532 tali
1106 1487 1142 1534 re
1173 1468 1255 1535 fides
1277 1470 1348 1536 fieri

144 1574 272 1655 nequit.
316 1570 513 1636 Huiusmodi
536 1574 587 1635 est
608 1571 796 1637 notissimus
818 1571 909 1637 locus
931 1571 966 1636 in
988 1572 1060 1655 ipso
1082 1572 1290 1641 divinationis
1313 1577 1347 1642 in

144 1679 313 1745 Caecilium
336 1677 438 1756 initio,
473 1677 530 1742 ubi
558 1697 618 1760 pro
645 1678 820 1760 perspicua
842 1679 905 1743 hac
929 1683 961 1744 et
983 1681 1169 1745 necessaria
1192 1681 1348 1748 orationis

145 1785 270 1851 forma:
305 1784 343 1850 si
364 1785 435 1871 quis
460 1791 597 1848 cestrum
624 1785 775 1866 miratur,
802 1805 871 1868 me,
900 1786 955 1871 qni
978 1786 1090 1848 -iia
1112 1786 1172 1849 den
1194 1795 1346 1871 cosman,

143 1898 183 1955 ed
205 1890 402 1973 defenderim
426 1927 469 1938 -
492 1893 627 1957 luserim
650 1927 704 1974 -,
732 1911 816 1956 nnnc
839 1926 880 1936 —
910 1891 1155 1971 descendere,
1190 1893 1347 1976 quidquid

146 2001 200 2063 est
220 1998 392 2064 meliorum
416 1998 574 2077 codicum,
603 1997 825 2065 consentiente
853 2016 903 2076 eo,
938 1997 994 2080 qui
1016 1997 1176 2064 Asconius
1200 2000 1346 2083 appella-

145 2105 256 2183 batur,
291 2104 505 2170 descenderim
536 2105 653 2182 habet3
688 2108 721 2169 et
747 2107 863 2169 *tamur
890 2101 937 2168 ita
960 2103 1151 2170 Ciceronem
1178 2106 1212 2170 in
1239 2107 1346 2190 prima

144 2210 282 2295 periodo
311 2211 560 2277 elaboratissimi
595 2210 718 2277 exordii
752 2210 900 2275 instituta
934 2211 1090 2277 orationis
1123 2211 1229 2278 torma
1259 2213 1346 2278 exci-

143 2317 245 2396 disse,
273 2318 335 2382 etsi
358 2317 500 2393 fuerunt,
532 2316 588 2400 qui
609 2317 673 2382 sibi
695 2316 940 2399 persuaderent,
975 2315 1061 2382 inter
1083 2337 1165 2400 quos
1188 2319 1344 2399 Muretus,

144 2442 245 2489 nemo
267 2427 379 2488 tamen
401 2424 501 2507 paulo
528 2423 721 2507 prudentior
747 2442 844 2501 nunc,
879 2423 1004 2505 opinor,
1040 2423 1160 2489 credet.
1206 2423 1273 2490 Sed
1299 2424 1346 2490 ibi

144 2528 274 2594 facilius
297 2534 347 2594 est
369 2530 468 2595 fidem
492 2530 609 2610 iacere,
644 2530 733 2613 quod
762 2531 796 2594 et
817 2530 851 2593 in
872 2548 940 2595 uno
962 2529 1064 2595 verbo
1086 2530 1243 2595 mendum
1267 2549 1345 2596 con·

143 2635 269 2701 tinetur
292 2637 417 2701 eteius
439 2638 549 2702 mendi
572 2638 662 2721 origo
685 2635 860 2701 manifesta
883 2639 943 2716 est,
966 2639 1046 2702 nata
1069 2656 1110 2701 ex
1132 2637 1229 2702 huius
1252 2636 1345 2703 verbi

142 2743 191 2807 ad
225 2762 275 2821 ea,
310 2762 384 2825 quae
417 2744 452 2807 in
484 2744 675 2827 interposita
708 2743 871 2808 sententia
903 2743 1095 2826 praecedunt
1122 2740 1343 2826 (defenderim,
1417 2766 1421 2771 ’

143 2846 306 2931 luserim),
335 2850 645 2917 accommodatione.
692 2847 773 2932 [Cir.
797 2849 904 2914 Emm.
932 2850 1022 2914 Livv.
1051 2869 1084 2931 p.
1107 2847 1200 2932 417]
1250 2850 1344 2915 Eius·

144 2955 222 3020 dem
247 2960 297 3021 est
318 2955 456 3039 generis,
480 2957 660 3039 pravitatis,
690 2958 717 3021 si
739 2955 810 3021 fieri
833 2959 951 3038 potest,
981 2955 1222 3034 manifestioris,
1255 2956 1344 3038 quod

145 3063 181 3126 in
203 3060 336 3127 Senecae
358 3063 401 3127 de
423 3063 627 3146 providentia
649 3062 748 3127 libelli
771 3063 843 3145 ipsa
865 3063 973 3144 prima
995 3063 1157 3127 sententia
1176 3062 1342 3128 liebertus

144 3171 181 3233 et
201 3167 345 3233 Hessius
368 3169 463 3234 nobis
486 3189 504 3234 e
526 3168 691 3234 codicibus
707 3167 903 3233 obtrudunt:
930 3167 1077 3247 Qnosiad
1099 3189 1120 3231 o
1143 3189 1201 3250 me,
1225 3167 1341 3251 Lucili,

144 3275 224 3360 qnid
246 3277 304 3358 iio,
327 3277 357 3339 si
372 3276 549 3359 prudentia
571 3273 708 3339 mundns
731 3281 888 3359 operetur,
919 3274 1021 3337 modo
1043 3273 1131 3338 bonis
1153 3275 1232 3338 uisis
1254 3275 1343 3339 molo

145 3381 339 3464 occidere,
374 3402 434 3464 pro
457 3382 649 3458 occiderent3
683 3380 742 3445 sed
764 3379 875 3444 mendi
899 3378 963 3443 alia
986 3378 1031 3443 ibi
1055 3398 1154 3442 causa
1176 3378 1247 3457 fuit,
1275 3380 1342 3446 ior·

145 3491 234 3552 tasse
257 3507 276 3552 e
304 3488 467 3553 scribendi
496 3488 699 3570 compendio,
731 3486 822 3551 cuius
845 3485 879 3549 in
901 3485 964 3549 hac
987 3484 1163 3550 verborum
1185 3486 1342 3550 termina-

144 3596 234 3660 tione
257 3592 318 3678 (nt)
340 3597 407 3660 iam
429 3595 464 3659 in
486 3594 686 3677 perantiquis
709 3593 874 3659 codicibus
890 3589 1026 3674 vestigia
1041 3592 1118 3654 sunt
1133 3592 1166 3654 et
1182 3591 1341 3673 exempla.

144 3701 254 3766 Sentis
277 3701 415 3768 tortasse
438 3703 514 3780 iam,
546 3720 611 3784 quo
634 3703 705 3766 haec
728 3702 853 3783 spectet
875 3698 996 3775 orati0;
1024 3697 1166 3780 pertinet
1189 3697 1275 3763 enim
1299 3698 1342 3764 ad

144 3808 217 3874 haec
240 3809 395 3875 orationis
417 3828 478 3892 pro
497 3807 627 3873 Caecina
649 3806 765 3871 verba:
790 3805 864 3870 Nisi
885 3807 969 3888 foede
991 3804 1047 3868 loe
1069 3805 1204 3870 rutenis
1227 3802 1341 3887 (Arbu-

143 3912 223 3997 tius)
258 3914 385 3979 babuit:
419 3917 577 4001 qnonicm,
612 3915 641 3979 si
665 3913 756 3997 facto
783 3914 831 3977 cis
860 3919 936 3977 esset
957 3911 1106 3995 moribus,
1140 3912 1285 3994 superior
1306 3913 1342 3975 in

138 4023 334 4105 possessione
356 4021 521 4086 retinendo
543 4041 606 4085 non
626 4019 749 4103 fnisset,
773 4020 850 4105 qnia
872 4026 981 4082 contro
996 4019 1047 4082 ins
1061 4038 1237 4102 niuemque
1250 4017 1342 4100 focio

145 4129 196 4210 sit,
227 4127 269 4192 A.
295 4128 452 4193 Ocecinam
474 4149 544 4192 cum
568 4128 679 4192 amicis
701 4134 783 4191 metu
803 4126 1007 4210 perterritum
1025 4124 1224 4209 profnqisse:
1258 4145 1341 4188 nnnc
1464 4131 1466 4136 ’

145 4255 264 4320 meoque
285 4236 321 4299 in
343 4236 472 4317 indicio,
496 4237 526 4300 si
547 4255 644 4300 conso
664 4254 750 4298 neore
765 4234 965 4317 institutoque
982 4233 1120 4295 omnium
1136 4229 1339 4313 domatur,

144 4362 201 4406 nos
223 4329 393 4424 inferiores
415 4344 451 4405 in
474 4343 594 4425 opendo
620 4363 683 4406 non
704 4340 831 4424 ficturos
836 4361 851 4422 ;
884 4340 935 4403 sin
964 4359 985 4402 a
1012 4335 1231 4401 cnnnnedine
1259 4355 1340 4399 rece·

145 4447 253 4531 datur,
283 4469 326 4530 se,
360 4469 420 4534 qno
447 4446 661 4532 impudentius
684 4448 790 4529 sperit,
824 4447 880 4510 icoc
902 4445 1095 4530 superiorem
1116 4442 1339 4506 discessurum.

143 4554 342 4619 Pravissime
377 4553 516 4638 (infinita
554 4553 610 4618 illa
644 4551 792 4619 oratione
822 4551 863 4616 A.
897 4552 1054 4618 Gonnum
1083 4585 1126 4596 —
1156 4546 1340 4635 profnpissc

1077 4654 1127 4709 46·
