2948 5206
655 301 721 365 205

133 496 259 578 deique
280 515 321 559 ex
344 501 437 579 parte
461 497 563 573 fieret,
588 495 809 578 permittebat,
834 495 911 560 dato
935 494 983 571 iis,
1008 495 1063 576 qui
1083 496 1126 558 ad
1145 495 1286 561 colonias
1301 512 1340 552 ιω

129 601 211 665 civium
231 601 439 666 deducendas
462 603 563 666 creati
587 606 706 678 essent,
730 602 792 666 hoc
815 601 895 677 iure,
920 604 955 665 ut
979 620 1101 682 paucos
1126 602 1285 682 quosdam

125 708 273 790 peregrinos
297 710 385 774 cives
409 709 568 784 lacerent3
604 713 641 772 ut
664 708 776 783 Mario,
812 727 912 788 quum
944 707 1014 789 lege
1043 706 1182 788 Apuleia
1205 706 1286 788 (sive

124 814 210 879 2102
240 815 309 879 sive
344 835 374 879 a.
400 818 479 890 100;
513 835 591 879 nam
627 819 765 895 utroque
800 834 887 878 armo
916 815 950 878 L.
981 813 1175 878 Saturninus
1209 815 1284 879 trib.

121 919 194 1001 plebis
215 918 288 1001 luit)
311 921 391 985 data
415 925 501 986 esset
525 921 724 986 coloniarum
748 920 910 997 deductio,
940 921 1136 1002 permissum
1151 924 1220 1002 est,
1251 924 1287 984 ut

120 1024 285 1109 hsingulas
309 1032 420 1092 ternos
452 1028 538 1093 cives
561 1028 729 1092 Romanos
761 1027 869 1091 iecere
901 1031 1027 1109 posset;
1062 1046 1129 1107 quo
1159 1026 1185 1090 is
1216 1027 1285 1090 iure

119 1150 179 1208 ism,
210 1133 272 1198 etsi
300 1134 382 1216 ipsae
412 1135 545 1200 colonire
569 1134 718 1198 deductae
741 1153 806 1197 non
830 1137 916 1209 sunt,
953 1134 987 1196 L.
1012 1127 1209 1209 Matrinium,
1246 1152 1286 1197 ex

118 1239 211 1305 donia
233 1241 352 1305 Latina
375 1241 589 1323 Spoletinum,
621 1245 655 1305 et
677 1241 757 1305 alios
782 1241 911 1304 civitate
936 1239 1078 1314 donavit,
1103 1238 1199 1320 iique,
1224 1239 1285 1304 etsi

117 1346 294 1410 hiudicium
319 1368 372 1412 res
396 1352 513 1412 vocata
537 1352 595 1424 est,
621 1347 786 1412 civitatem
810 1347 1013 1410 retinuerunt
1036 1343 1115 1426 (Cic.
1141 1366 1172 1427 p.
1191 1346 1283 1410 Balb.
1299 1362 1339 1403 css

117 1450 151 1515 ll.
167 1453 228 1532 48).
238 1448 265 1533 ¹)
300 1453 369 1517 Iam
394 1453 488 1517 facile
512 1453 708 1536 intelligitur,
732 1453 828 1518 huius
852 1453 898 1516 rei
921 1451 1042 1515 nullam
1068 1451 1166 1515 aliam
1185 1452 1284 1516 fuisse

117 1558 253 1636 utonem,
278 1580 378 1640 quarn
403 1563 440 1623 ut
463 1560 483 1623 ii
507 1560 591 1624 inter
614 1561 745 1625 colonos
768 1559 879 1641 scripti
898 1558 1023 1634 eodem,
1048 1578 1113 1640 quo
1136 1559 1190 1635 illi,
1215 1559 1284 1623 iure
1340 1636 1342 1640 Ι

118 1662 177 1728 circs
196 1671 313 1739 essent,
338 1670 371 1730 et
393 1667 499 1730 simile
522 1686 593 1731 esse
617 1669 679 1731 hoc
703 1668 782 1744 eius
807 1665 894 1748 quod
912 1669 1010 1730 antea
1028 1664 1122 1728 claris
1140 1665 1283 1747 impera-

118 1770 211 1835 trihus
239 1771 317 1853 (vid.
342 1772 408 1837 Cic.
437 1793 497 1854 pro
521 1773 612 1837 Balb.
638 1772 708 1854 22),
745 1776 860 1854 postea
891 1772 949 1836 Cn.
980 1771 1137 1852 Pompeio
1170 1773 1283 1836 datum

121 1878 160 1950 est
182 1881 213 1940 nt
239 1879 366 1959 praemii
389 1878 460 1943 loco
484 1879 647 1943 civitatem
671 1879 856 1942 Romanam
881 1879 959 1942 dare
983 1881 1125 1959 possent,
1162 1878 1195 1941 in
1219 1898 1284 1959 qua

121 1982 202 2047 rede
231 1985 361 2049 civitate
388 1984 457 2049 sine
487 1986 641 2067 suffragio
670 2005 777 2061 nenm,
813 1989 972 2066 quantum
1008 1983 1084 2060 scio,
1121 1985 1282 2066 cogitavit,

124 2088 184 2168 tund
202 2092 291 2156 nimis
313 2092 486 2156 ridiculum
511 2095 582 2156 erat
605 2091 762 2155 futurum.
809 2092 849 2155 Et
878 2111 952 2172 quae
980 2090 1114 2154 tandem
1143 2091 1284 2156 Matrinii

126 2195 278 2262 etaliorum
294 2198 422 2263 illorum
441 2198 730 2274 condicioluisset,
755 2218 866 2279 quum,
891 2197 1023 2262 coloniis
1040 2217 1105 2261 non
1125 2197 1283 2275 deductis

128 2297 187 2365 dves
204 2304 264 2367 sine
286 2305 441 2386 suffragio
465 2304 541 2368 facti
566 2304 608 2369 ad
639 2305 764 2368 nullum
793 2308 913 2368 coetum
943 2302 1112 2368 hominum
1141 2304 1283 2385 pertine-

130 2436 182 2448 ᾖ...
191 2443 206 2449 -
218 2446 323 2453 ---—

180 2515 364 2581 apertissimam,
383 2516 579 2581 Ferentinates,
599 2515 645 2584 qui
666 2533 721 2569 non
740 2517 813 2569 cives
832 2523 931 2580 essent,
956 2515 1094 2569 civitatem
1114 2521 1173 2568 arte
1191 2516 1284 2584 aliqua

181 2603 265 2668 petisse,
292 2604 329 2657 ita
348 2606 537 2668 obscurarunt,
568 2611 597 2657 nt
621 2622 653 2658 ex
679 2605 729 2657 hoc
749 2606 807 2658 loco
827 2612 921 2673 patere
941 2610 1078 2673 putarent,
1108 2606 1283 2657 Ferentinum

183 2691 244 2752 sehse
265 2695 393 2746 coloniam
417 2697 515 2747 civium
540 2696 733 2746 Romanmurm.
776 2694 876 2747 Verurn
904 2694 969 2746 vidit
993 2694 1175 2762 Fergusonius
1203 2693 1282 2758 (Hist.

184 2776 240 2834 llum
257 2783 268 2834 l
284 2800 308 2850 p.
330 2783 389 2846 103,
411 2783 460 2834 104
480 2783 620 2851 interpret.
641 2784 741 2839 Germ.)
761 2789 795 2845 et,
825 2800 859 2835 ne
886 2783 1014 2851 philologi
1039 2800 1135 2836 ornnes
1156 2784 1283 2851 inculpa

185 2866 228 2931 tint
249 2871 408 2926 Garatonius
427 2874 462 2925 ad
481 2874 534 2926 Cic.
555 2889 604 2940 pro
623 2872 699 2924 uun.
719 2871 751 2922 ul
773 2890 798 2939 p.
818 2871 878 2923 ton
918 2873 1015 2923 Perse
1035 2878 1119 2939 patet,
1149 2889 1203 2924 non
1224 2890 1282 2925 esse

186 2970 217 3007 eos
234 2959 369 3019 deductos,
399 2961 444 3028 qui
469 2960 568 3014 iudicio
591 2966 703 3013 senatus
727 2961 800 3013 cives
824 2977 877 3012 nou
903 2966 1002 3013 essent.
1045 2958 1161 3026 [Walter
1186 2980 1210 3030 p.
1232 2961 1282 3013 204

186 3045 270 3101 mirifice
287 3050 350 3103 hinc
368 3050 513 3111 concludit,
534 3050 555 3102 si
576 3066 604 3102 re
624 3066 689 3102 vera
708 3050 816 3102 deducti
832 3050 954 3112 luissent,
974 3049 1046 3101 cives
1063 3052 1169 3103 l'uturos
1186 3050 1282 3107 fuisse:

187 3129 255 3189 ilius
280 3139 407 3192 hahuisse
431 3138 550 3200 Latinos
580 3144 609 3191 ut
639 3138 666 3190 in
695 3139 829 3191 coloniam
859 3138 958 3190 civium
988 3137 1183 3204 proficiscendo
1212 3139 1283 3193 cives

186 3220 261 3279 leant
295 3228 353 3281 h'on
372 3233 452 3281 erant
470 3234 527 3280 tam
546 3228 621 3280 stulti
643 3228 829 3280 Ferentinates
850 3227 894 3283 ihi.
925 3233 954 3278 ut
977 3227 1035 3278 sola
1060 3228 1204 3280 nominum
1224 3246 1283 3296 pro·

186 3309 280 3376 temone,
303 3333 390 3384 quum
410 3332 465 3369 non
486 3316 599 3384 profecti
619 3322 718 3378 essent,
743 3316 845 3383 aliquid
864 3334 893 3368 se
912 3320 1107 3369 consecuturos
1126 3324 1282 3384 sperarent;

184 3401 216 3452 tid
236 3405 279 3457 sihi
306 3405 427 3473 profiteri
456 3411 483 3457 et
508 3405 535 3456 in
560 3405 695 3458 coloniam
719 3405 852 3473 proficisci
871 3405 951 3457 licere
971 3405 1112 3462 volelranh
1142 3406 1282 3457 decretum

185 3495 217 3551 &t
238 3510 286 3546 non
311 3512 390 3562 posse
414 3511 469 3557 eos,
497 3493 543 3561 qui
564 3494 636 3546 cives
656 3511 710 3546 non
730 3499 829 3556 essent,
859 3494 885 3546 in
906 3493 1006 3545 civium
1026 3494 1161 3546 coloniam
1182 3511 1281 3546 nomen

185 3575 234 3634 lm.
266 3583 318 3636 iles
337 3588 395 3635 tam
413 3588 456 3635 est
473 3588 576 3650 aperta,
605 3588 636 3635 ut
660 3583 749 3650 pigeat
774 3599 850 3650 paenc
871 3582 1018 3635 testimonii
1038 3583 1097 3634 loco
1117 3598 1281 3634 commemo-

81 3678 91 3699 ··
184 3671 362 3724 neminum
381 3688 430 3740 per
454 3672 642 3738 exceptionem
666 3671 750 3723 Mario
774 3671 832 3738 lege
857 3671 973 3738 Apuleia
998 3676 1159 3738 potestatem
1186 3671 1282 3737 exiguo

85 3780 92 3791 ·
184 3749 312 3813 tainorum
332 3777 449 3813 numero
467 3759 646 3827 gratificandi.
686 3757 775 3824 iam}

81 3856 88 3865 ·
160 3827 286 3901 ‘litania
305 3849 357 3901 hoc
380 3848 440 3901 loco
464 3847 636 3900 incredibiles
660 3853 724 3900 sunt
750 3864 864 3907 errores,
892 3847 1051 3916 Spanhenrii
1076 3848 1203 3911 maxime,
1232 3864 1282 3900 nec

83 3962 89 3975 ·
185 3933 247 3988 nutu
263 3937 379 3990 minores
397 3937 528 3994 Trelrelli;
557 3953 625 4003 riuos
651 3936 677 3988 in
702 3954 731 3989 re
750 3943 845 4004 aperta
865 3938 988 3989 refellere
1008 3937 1104 3989 inutile
1124 3943 1177 3992 est;
1207 3938 1282 3989 velut

81 4054 94 4065 -·
184 4024 236 4084 leod
250 4025 429 4094 Spanhemius
448 4032 549 4087 narrat,
578 4043 664 4094 quum
689 4026 777 4078 coloni
802 4026 911 4079 deducti
935 4026 1096 4092 suffragium
1116 4024 1282 4087 amitterent,

81 4134 84 4139 ·
185 4104 245 4163 tarto
260 4115 348 4168 datum
368 4131 437 4181 esse,
467 4120 496 4167 ut
516 4116 600 4167 ternis
620 4115 729 4182 plenam
750 4115 888 4167 civitatem
909 4115 1075 4175 restitueret3
1105 4114 1131 4164 id
1152 4113 1283 4181 appellari

84 4234 93 4244 ι
185 4198 333 4266 diuturne.
371 4204 500 4256 Ceterum
520 4203 592 4270 quod
613 4208 640 4255 et
659 4204 842 4270 spanhemius
866 4209 892 4255 et
912 4203 1053 4255 Trehcllus
1072 4207 1099 4253 et
1119 4200 1282 4253 Garatonius
1383 4268 1386 4273 ι

85 4324 92 4335 ·
187 4280 300 4345 hitetiam
318 4293 351 4345 de
375 4292 488 4345 coloniis
507 4292 611 4345 Latinis
635 4291 738 4359 aliquid
763 4292 890 4359 cogitant,
920 4297 1101 4359 preterquam
1133 4290 1205 4356 quod
1235 4305 1282 4351 cae,

83 4392 92 4422 -2
187 4376 271 4431 utrem
292 4381 410 4450 exposui,
440 4381 631 4443 excluduntur,
661 4397 743 4433 nemo
767 4382 884 4434 debehat
908 4380 1041 4441 dubitare,
1070 4377 1136 4446 quin
1156 4378 1283 4430 tribunus

82 4478 91 4518 ἰ
188 4461 299 4521 “liliosas
316 4475 376 4537 post
395 4469 531 4522 Gracchos
550 4475 577 4522 et
597 4470 630 4522 Μ,
648 4469 767 4522 Drusum
787 4470 821 4521 de
840 4469 953 4521 coloniis
972 4468 1072 4520 civium
1094 4467 1283 4519 Romanorum

82 4566 90 4591 ³
189 4546 328 4621 deducendis,
346 4576 402 4612 non
422 4559 456 4611 de
475 4558 586 4615 Latinis.
607 4560 694 4626 legem
715 4559 829 4611 tulisset.
