2956 5190
699 272 764 337 629

221 469 256 532 ln
273 488 300 532 c.
317 469 367 545 15,
392 469 434 532 53
458 469 600 550 primum
616 467 746 550 scripsi:
773 468 907 548 Quodsi
927 469 1022 551 forte,
1046 477 1081 533 ut
1094 470 1130 552 fit
1140 471 1337 556 plerumque,

131 575 324 657 ceciderunt,
349 583 413 639 tum
430 576 629 659 intelliqitur,
653 596 748 660 quom
762 575 888 657 fuerint
909 578 1018 661 inopes
1042 578 1225 641 amicornm.
1261 579 1339 643 Erat

131 682 310 758 ceciderint,
335 681 428 764 quasi
452 701 504 745 res
528 682 639 745 futura
662 684 925 763 exspectaretur3
955 685 1063 766 agitur
1085 690 1197 747 autem
1221 683 1262 747 de
1287 683 1334 748 el·
1352 701 1392 741 2⁸²

132 788 221 854 lectu
244 790 291 852 rei
315 790 488 870 praeteritae
512 788 582 852 fieri
605 788 719 865 solitae,
743 788 777 852 in
801 808 866 869 quo
889 789 969 854 illud
993 793 1044 854 est
1063 792 1188 854 rectum
1207 789 1337 856 dicendi

130 915 250 978 genus;
280 914 357 959 uam
386 896 609 961 coniunctivus
633 896 769 977 perfecti
792 915 927 977 prorsus
951 896 994 960 ab
1018 897 1081 960 hac
1105 896 1258 978 loquendi
1282 916 1336 961 ra·

132 1003 223 1068 tione
257 1002 453 1079 excluditur,
495 1022 569 1085 quae
602 1022 669 1066 non
704 1002 915 1084 hypothetica
950 1005 1013 1078 est,
1054 1002 1112 1066 sed
1147 1004 1337 1085 simpliciter

132 1108 374 1174 condicionalis
421 1109 558 1173 Librarii
593 1112 705 1174 autem
740 1112 773 1173 et
808 1108 949 1173 editores
985 1108 1132 1172 certatim
1169 1110 1335 1175 aberrant.

131 1216 248 1298 ltaque
271 1219 358 1280 recte
381 1215 534 1280 scribitur
561 1215 602 1278 de
626 1214 720 1279 Ollio.
744 1215 757 1278 l
781 1212 799 1294 ἕ
826 1216 903 1279 151:
938 1216 967 1279 si
995 1216 1116 1279 satiato
1145 1222 1265 1300 quaestu
1295 1251 1335 1260 -

130 1342 165 1385 se
192 1322 227 1384 in
255 1342 350 1404 apros
371 1323 639 1406 possessionesque
671 1322 810 1402 contulit,
845 1321 970 1385 uidetur
997 1323 1068 1385 iure
1101 1322 1216 1405 optimo
1248 1343 1337 1406 posse

132 1427 282 1505 laudari3
316 1427 503 1511 paucissimi
534 1430 662 1492 tantum
689 1431 727 1492 et
756 1429 834 1493 mali
863 1429 990 1493 codices
1014 1428 1178 1492 contulerit
1201 1429 1335 1494 habent.

133 1534 257 1600 Contra
287 1536 320 1598 in
351 1535 466 1599 eodem
497 1534 580 1599 libro
609 1533 716 1614 §123
745 1535 853 1599 editur
882 1535 925 1599 ab
949 1535 1116 1599 omnibus:
1149 1534 1207 1598 Sin
1231 1543 1334 1600 autem

133 1642 229 1705 etiam
253 1640 420 1705 libidinum
444 1643 689 1725 intemperantia
713 1643 886 1724 accesserit,
912 1641 1029 1725 duplex
1050 1642 1171 1705 malum
1195 1649 1239 1706 est
1255 1648 1334 1718 cet.;

133 1746 262 1813 codices
293 1750 405 1812 tamen
433 1748 557 1830 optimi,
593 1748 682 1813 velut
713 1750 856 1831 quinque
888 1747 1008 1826 Orelli,
1044 1768 1084 1812 ex
1118 1748 1237 1829 quibus
1269 1748 1335 1814 duo

132 1853 351 1935 antiquissimi
374 1858 460 1932 sunt,
492 1855 617 1918 habent
640 1857 777 1919 mansit.
824 1856 860 1918 ln
884 1855 1016 1919 Tuscul.
1046 1854 1118 1918 libr.
1142 1852 1211 1934 115
1235 1855 1277 1919 58
1301 1855 1335 1919 in

133 1960 331 2025 editionibus
355 1964 419 2025 est:
443 1963 532 2024 ouius
554 1963 583 2024 si
602 1962 695 2046 quasi
712 1961 817 2024 lumen
834 1960 964 2045 aliquod
982 1959 1229 2044 adspexerimus,
1252 1961 1335 2024 nibil

132 2075 187 2149 est,
211 2067 294 2152 quod
322 2103 362 2113 -
394 2087 457 2131 non
475 2069 589 2151 parati
611 2069 711 2131 umus
731 2067 830 2149 ferre.
877 2068 997 2132 Verum
1030 2068 1132 2131 codex
1162 2067 1270 2149 regius
1302 2072 1335 2132 et

130 2173 275 2255 quinque
311 2173 511 2239 Oxonienses
547 2173 647 2255 (addo
682 2174 826 2239 codicem
861 2174 1069 2239 Pithoeanum
1106 2175 1149 2238 ab
1184 2193 1233 2250 eo,
1269 2194 1333 2256 quo

131 2268 310 2345 Gulielmus
334 2301 413 2346 usus
437 2284 496 2358 est,
522 2281 685 2345 diversum
711 2284 744 2345 et
767 2281 810 2344 ab
828 2280 920 2346 initio
938 2281 1098 2358 mutilum,
1123 2281 1213 2344 cuius
1230 2282 1333 2363 scrip-

131 2395 215 2452 turae
249 2391 389 2452 enotatae
424 2391 597 2452 servantur
630 2388 664 2451 iu
698 2386 898 2452 bibliotheca
938 2387 1159 2451 universitatis
1198 2385 1332 2468 nostrae)

131 2494 272 2559 habent:
297 2494 508 2578 adspeximus.
544 2495 579 2558 ln
603 2494 702 2558 Laelio
725 2495 813 2558 idem
837 2514 927 2558 error
950 2493 1034 2558 inira
1058 2491 1076 2573 ἓ
1101 2495 1143 2558 74
1167 2514 1187 2558 a
1207 2494 1331 2558 Klotzio

128 2599 227 2665 libris
244 2601 497 2666 admonentibus
522 2605 686 2665 correctus
710 2604 769 2675 est,
794 2601 850 2664 ubi
874 2601 1048 2665 edebatur:
1077 2602 1106 2664 si
1129 2601 1184 2685 qui
1205 2601 1331 2663 ineunte

131 2713 222 2770 atate
256 2709 393 2771 uenandi
428 2716 483 2772 out
511 2710 591 2791 pila
625 2708 759 2772 studiosi
790 2708 925 2790 fuerint,
976 2707 1012 2770 In
1039 2707 1142 2771 Acad.
1166 2707 1193 2770 ΙΙ
1221 2704 1239 2786 ἓ
1265 2708 1327 2770 121

128 2813 205 2877 huic
233 2813 387 2895 perlecto,
423 2815 510 2896 quod
542 2816 587 2878 ita
618 2816 684 2879 vim
716 2815 885 2897 praesentis
916 2813 1026 2890 habet,
1061 2819 1099 2877 ut
1125 2832 1270 2896 praesens
1298 2814 1327 2877 ei

201 3025 294 3092 frater)
318 3028 412 3081 relicto
436 3028 495 3081 soro
519 3027 611 3096 quiete
629 3028 728 3081 vixisse
735 3048 742 3091 ;
771 3027 805 3080 de
828 3026 968 3079 Plutarchi
991 3029 1084 3079 autem
1110 3025 1199 3078 verbis
1223 3025 1251 3078 in
1275 3025 1331 3078 vita

199 3115 300 3169 Tiberii
324 3134 346 3171 c.
366 3117 383 3169 8
406 3118 434 3171 C.
454 3117 572 3186 bangius
601 3118 680 3170 valde
709 3117 820 3179 fallitur,
849 3115 876 3167 in
905 3114 1004 3182 quibus
1032 3109 1081 3175 τήν
1106 3118 1212 3182 μυρίων
1239 3116 1332 3163 κακῶν

200 3198 322 3269 ἄρξασαν
346 3202 439 3262 αὐτοῖς
457 3204 589 3255 πολιτείαν
607 3222 641 3258 ex
662 3205 801 3258 Plutarchi
820 3219 937 3272 persona
955 3202 1007 3255 dici
1026 3207 1109 3270 patet.
1147 3203 1243 3257 Restat
1261 3203 1331 3257 ratio

199 3295 385 3361 grammatica.
423 3295 510 3348 Citari
533 3294 600 3347 olim
618 3294 676 3347 Liv.
695 3294 825 3358 XXXVII,
848 3291 896 3344 41:
929 3293 995 3357 Quoe
1018 3292 1088 3343 nihil
1110 3294 1255 3346 amodum
1277 3295 1331 3346 Ro·

200 3387 290 3436 monis
308 3380 515 3450 [incommoda].
539 3385 630 3436 eodem
648 3384 870 3451 perincommoda
892 3383 975 3447 repiis
999 3387 1086 3433 nant.
1124 3381 1231 3434 Addam
1257 3398 1331 3435 nunc

199 3470 252 3524 Cic.
276 3472 310 3526 de
334 3472 374 3525 Re
393 3491 419 3542 p.
438 3473 450 3525 l
472 3471 489 3538 ξ
509 3472 554 3526 71;
584 3489 661 3540 quem
684 3475 710 3525 si
732 3472 867 3536 babemus,
895 3472 946 3522 etsi
967 3486 1000 3521 ne
1022 3465 1094 3521 nunc
1117 3472 1224 3537 quidem
1247 3467 1330 3538 [quis-

199 3576 284 3627 quam
302 3565 344 3614 est
362 3559 520 3627 florentior]‚
544 3569 602 3614 tum
626 3578 688 3614 uero
706 3563 768 3629 quis
791 3568 816 3613 te
829 3562 918 3627 possit
937 3576 992 3612 esso
1008 3561 1169 3626 Mentior?
1193 3557 1261 3611 Nam
1281 3558 1330 3611 Ta·

199 3649 252 3703 cito
271 3667 326 3704 nou
346 3656 416 3714 utor,
435 3648 494 3719 [qui
514 3650 585 3703 Anu.
604 3649 663 3716 XlI,
682 3647 716 3700 64
735 3648 774 3701 ita
792 3647 912 3716 scripsit:
942 3664 1002 3715 qua
1018 3648 1074 3714 filio
1092 3649 1159 3700 dore
1177 3650 1330 3714 imperium,

197 3740 313 3792 tolerare
331 3742 529 3807 impnitontom
547 3740 681 3807 nequibat,
705 3742 735 3790 ut
760 3753 793 3790 ex
817 3738 943 3806 nequibat
966 3738 1002 3790 ad
1025 3737 1143 3806 priorem
1162 3735 1328 3789 infinitivum

198 3833 324 3881 sumatur
343 3826 457 3897 quibat]
495 3826 636 3895 [Eiusdem
654 3826 762 3896 generis
781 3831 846 3879 sunt
864 3826 923 3879 haec
942 3827 1016 3895 apud
1035 3825 1155 3878 Livium:
1180 3825 1213 3888 ll,
1232 3823 1275 3885 27,
1297 3823 1330 3875 13

198 3914 343 3981 (Snuilius
360 3920 473 3985 nemeis,
493 3919 600 3985 Appius
617 3917 743 3984 patribus
762 3918 830 3967 mire
846 3922 953 3982 motus,
971 3915 1018 3968 ubi
1038 3913 1061 3967 si
1079 3930 1129 3983 pro
1148 3916 1215 3966 mire
1232 3920 1330 3981 protus

199 4006 335 4074 posuisset
352 4009 537 4074 protiosimus,
565 4021 676 4074 prorsus
700 4005 727 4057 in
753 4005 869 4057 eandem
889 4021 971 4072 quam
993 4003 1085 4057 Cicero
1104 4002 1222 4055 tonnam
1241 4002 1329 4055 incur·

197 4092 296 4161 risset),
320 4095 352 4159 Π,
376 4094 419 4159 33,
443 4094 460 4146 2
480 4093 537 4160 (ubi
563 4111 597 4148 ex
621 4096 711 4146 minus
730 4096 849 4146 convenit
872 4092 907 4145 ad
932 4092 1007 4161 prius
1035 4092 1191 4145 membrum
1211 4091 1329 4159 pertinet

198 4187 307 4237 tantum
326 4183 465 4249 conuenit),
483 4183 576 4247 XLIll,
595 4182 620 4246 4,
641 4181 674 4233 13
694 4179 753 4247 (ubi
772 4182 857 4235 etiam
877 4181 973 4234 durius
991 4197 1025 4233 ex
1044 4197 1150 4249 oequum
1169 4196 1275 4233 censere
1294 4179 1328 4232 ad

198 4273 273 4342 prius
301 4274 457 4327 membrum
485 4270 633 4338 (Abderitis
660 4273 793 4323 iniustum
820 4271 917 4323 bellum
940 4269 1066 4334 illatum),
1095 4269 1214 4323 sumitur
1241 4285 1326 4322 unum

198 4360 320 4427 camme).
358 4363 389 4416 ln
408 4363 450 4416 his
469 4362 597 4415 omuibus
616 4358 748 4427 exemplis
766 4375 820 4412 vox
838 4362 869 4412 et
886 4358 961 4412 notio
980 4358 1088 4412 duobus
1106 4358 1238 4411 membris
1256 4373 1328 4410 com·

198 4450 289 4504 munis
307 4450 336 4504 in
354 4455 525 4520 postremum
543 4449 633 4502 locum
652 4447 754 4501 reiecta
772 4448 906 4501 conflatur
930 4463 993 4500 cum
1019 4452 1084 4500 nota
1107 4446 1200 4515 aliqua
1219 4451 1327 4500 tautum

197 4539 232 4593 ad
251 4539 387 4608 posterius
404 4538 561 4592 membrum
580 4533 749 4606 pertinenti]
