2956 5190
633 289 698 354 457

61 478 160 557 dunt,
188 481 359 562 praesentis
382 481 650 565 significationem
674 485 806 562 habere,
836 485 952 562 idest,
982 486 1092 551 futuri.
1140 487 1265 551 Deinde

59 585 109 651 ab
133 587 185 652 his
209 587 335 666 futuris,
365 589 483 670 quibus
506 609 566 672 per
589 610 624 656 se
647 591 736 655 nulla
758 591 843 656 inest
866 593 1022 674 praeteriti
1046 596 1135 669 nota,
1166 592 1265 674 profi·
1331 671 1335 680 .

59 693 231 759 ciscuntur
255 695 365 760 lutura
393 695 447 759 illa
476 696 625 761 infinitivi
652 699 881 781 impetrassem,
917 699 1177 781 reconciliassere,
1214 719 1264 763 ex-

52 820 269 886 pupnessere,
293 823 564 885 coerroneossere,
594 803 837 887 depecrdassere,
872 805 1138 890 dearqerrtrssere,
1174 805 1265 889 depo-

57 907 232 986 oelaeeere,
268 928 407 990 quorum
442 910 520 973 nihil
555 910 660 975 simile
695 912 727 975 in
762 911 866 976 altera
900 912 1005 976 torma
1040 915 1100 976 est.
1152 912 1265 994 Neque

57 1016 180 1078 tamen
214 1017 274 1079 hos
307 1015 493 1094 infinitivos‚
528 1017 583 1098 qui
619 1022 651 1081 et
685 1017 780 1100 pauci
815 1023 891 1083 sunt
925 1017 982 1101 (hi,
1018 1038 1098 1101 quos
1134 1019 1263 1101 protuli,

57 1138 170 1185 unum
203 1123 424 1206 impetrassem
458 1128 574 1205 quater
609 1124 698 1206 apud
731 1123 898 1208 Plautum)
928 1132 960 1189 et
990 1126 1023 1189 in
1051 1125 1127 1190 solis
1152 1125 1265 1208 primae

56 1227 299 1310 coniugationis
323 1228 441 1307 verbis,
466 1229 511 1294 ita
535 1249 765 1308 commemoro,
794 1234 952 1312 tanquam
981 1230 1113 1296 insitam
1136 1232 1265 1315 penitus

57 1332 97 1398 in
122 1337 232 1399 vetere
255 1355 405 1401 sermone
429 1341 462 1401 et
485 1337 562 1401 olim
584 1337 682 1401 latius
711 1356 860 1419 sparsam
888 1337 973 1402 hanc
1003 1338 1142 1403 formam
1167 1339 1265 1403 luisse

57 1443 196 1522 putem;
225 1461 263 1506 ac
286 1445 394 1525 potius
419 1443 600 1514 cavendum
626 1443 795 1526 diligenter
818 1464 945 1522 censeo,
974 1464 1026 1522 ne,
1062 1464 1265 1527 quaecunque

57 1545 171 1611 forma
203 1547 390 1614 insolentior
424 1551 493 1614 sive
527 1551 627 1632 ipsius
664 1550 812 1614 vocabuli
848 1550 916 1615 sive
950 1550 1096 1615 flexionis
1131 1551 1164 1615 in
1198 1571 1264 1617 uno

58 1653 210 1718 alterove
233 1655 304 1720 loco
328 1656 446 1721 veteris
470 1658 583 1739 tragici
607 1664 664 1721 aut
693 1657 807 1721 comici
835 1661 965 1738 reperta
994 1657 1045 1735 sit,
1082 1677 1154 1721 eam
1187 1677 1263 1723 vere

57 1779 128 1824 usu
150 1766 317 1844 receptam
341 1766 374 1826 et
397 1781 415 1826 e
438 1782 588 1827 sermone
612 1763 722 1846 populi
749 1765 887 1846 petitam
911 1762 1011 1828 fuisse
1035 1763 1207 1827 credamus
1232 1773 1264 1829 et

57 1886 126 1949 pro
159 1867 302 1950 legitimo
336 1868 522 1933 testimonio
556 1889 728 1952 ponamus.
786 1870 998 1935 Gonabantur
1038 1871 1124 1934 enirn
1160 1868 1264 1935 'multa

57 1977 171 2056 poetae
205 1973 260 2053 illi,
295 1976 368 2039 rudi
397 1976 504 2040 adhuc
533 1976 743 2059 lingua.cum
774 1976 894 2041 Graecis
923 1976 1164 2058 exemplaribus
1194 1996 1264 2041 cer·

57 2084 188 2160 tanteS,
228 2082 443 2165 analogiaquc
477 2103 565 2165 saepe
601 2083 734 2148 licenter
769 2088 802 2147 et
836 2082 919 2147 falso
954 2083 1141 2148 utebantur.
1199 2083 1265 2148 Sed

57 2192 177 2253 tamen
200 2191 303 2254 toturn
328 2194 483 2272 systema,
519 2190 608 2271 quod
637 2189 813 2272 appellant,
850 2190 1029 2254 formarum
1053 2189 1180 2271 pridem
1204 2190 1264 2253 ab·

61 2294 209 2361 solutum
232 2299 303 2360 erat
326 2297 380 2361 illo
402 2300 561 2378 tempore,
592 2316 657 2377 quo
686 2295 782 2378 primi
810 2295 983 2378 scriptores
1007 2295 1149 2361 Romani
1174 2296 1263 2361 vixe-
1311 2293 1316 2302 ’

59 2406 157 2478 runt3
191 2421 252 2467 nec
275 2403 375 2467 ullam
399 2404 588 2484 primariam
613 2403 752 2467 formam
776 2422 836 2468 nos
860 2403 950 2466 nasci
974 2402 1132 2479 videmus,
1163 2423 1263 2468 unam

60 2512 97 2573 et
120 2509 259 2574 alteram
283 2509 489 2585 intercidere3
525 2511 635 2591 itaque
662 2509 855 2591 plerumque
885 2510 918 2573 in
941 2509 1054 2574 formis
1078 2510 1163 2574 ultra
1187 2530 1263 2576 suos

59 2615 147 2679 fines
170 2615 372 2697 proferendis
396 2615 450 2680 illa
473 2613 611 2694 audacia
634 2615 828 2680 versabatur
856 2622 889 2679 et
917 2615 950 2679 in
973 2617 1081 2679 verbis
1105 2617 1263 2698 lingendis

61 2722 373 2808 componendisque.
419 2722 491 2787 Hoc
514 2725 625 2787 tamen
649 2742 704 2786 eos
728 2721 822 2786 facile
846 2742 943 2787 ausos
966 2721 1187 2800 indicaverim,
1218 2727 1263 2802 ut,
1278 2738 1304 2777 ⁷2

60 2849 165 2911 quum
190 2849 315 2893 ornasse
337 2829 499 2893 haberent
521 2829 564 2893 ad
588 2830 727 2894 sormam
744 2828 849 2893 simile
865 2829 945 2907 eius,
970 2829 1058 2910 quod
1081 2832 1130 2893 est
1150 2833 1263 2907 ydriae,

62 2936 247 3017 siquando
282 2936 446 3001 obiectum
482 2943 568 2999 esset
602 2936 750 3001 futurum
774 2935 922 2998 infinitivi
945 2934 1064 3012 Graeci,
1100 2938 1264 3001 tentarent

61 3042 136 3125 ipsi,
171 3043 260 3108 nullo
291 3042 402 3125 populi
435 3062 496 3106 usu
528 3042 640 3119 adiuti,
676 3048 852 3124 possentne
875 3041 1006 3105 brevius
1031 3042 1138 3106 dicere
1163 3062 1262 3123 quam

62 3157 248 3213 amoturum
272 3170 334 3213 esse
358 3156 390 3213 et
414 3149 456 3213 ad
479 3168 609 3213 versum
634 3150 751 3232 aptius,
782 3168 950 3211 emersere.
997 3146 1117 3211 Verum
1141 3148 1175 3212 id
1197 3168 1264 3213 non

61 3259 256 3334 tentassent,
280 3257 308 3320 si
332 3277 456 3320 ornasse
480 3257 655 3338 quicquam
678 3257 711 3319 in
735 3275 769 3319 se
793 3253 964 3318 habuisset
987 3274 1027 3317 ex
1050 3255 1227 3336 praeterito.
1237 3251 1263 3337 1)

277 3399 330 3406 ——

92 3483 114 3551 ¹)
133 3487 191 3541 Hoc
219 3488 278 3541 loeo
306 3487 425 3540 breviter
453 3463 695 3540 commemoranda
718 3485 827 3540 videtur
850 3483 892 3538 Fr.
912 3484 1093 3538 Lindemanni
1118 3487 1263 3549 sententia,

136 3592 171 3629 ne
190 3576 255 3645 qnid
274 3575 480 3644 praetermisisse
498 3575 600 3639 videar,
620 3575 693 3643 quod
713 3575 747 3628 ad
767 3589 825 3627 rem
844 3573 1014 3642 pertinuerit.
1053 3573 1105 3627 Sed
1125 3574 1264 3627 caminus

137 3680 219 3732 quam
240 3664 339 3718 vellem
359 3664 530 3718 considerate
548 3663 687 3732 proposita
705 3667 746 3716 est
770 3662 816 3727 (ad
835 3663 939 3731 Captiv.
960 3663 979 3726 l,
1003 3660 1029 3726 2,
1052 3661 1087 3713 43
1112 3663 1153 3716 ed
1174 3661 1263 3728 1819).

135 3754 217 3808 Putat
236 3754 310 3807 enim
323 3757 408 3821 faxis,
427 3756 551 3819 adaxint,
571 3755 707 3815 exstinxit,
726 3755 855 3819 remearis,
875 3754 1000 3818 amessia,
1019 3754 1149 3817 curasses,
1169 3767 1265 3819 nepae·

137 3845 190 3896 aim
208 3843 329 3911 perfecta
349 3859 415 3907 csse,
435 3859 497 3911 quae
515 3847 609 3895 tamen
628 3856 683 3895 non
702 3856 764 3894 raro
783 3845 884 3894 natura
901 3856 960 3905 sua,
979 3844 1010 3893 ut
1028 3841 1121 3894 omnia
1135 3841 1264 3909 perlecta,

135 3931 277 4000 praesentis
297 3932 437 3986 notionem
456 3931 616 3984 adsciscant.
649 3929 707 3982 Hoc
720 3930 754 3982 de
767 3929 894 3982 omnibus
912 3927 1040 3998 perlectis
1059 3928 1126 3982 mibi
1141 3929 1264 3997 ignotum

115 4027 208 4079 -erat3
238 4038 380 4090 nunquam
399 4022 474 4075 enim
492 4022 592 4087 serviret
609 4035 659 4087 pro
678 4023 812 4087 presente
831 4018 959 4086 legeram,
988 4033 1038 4070 nec
1057 4017 1152 4086 ignoro
1171 4023 1264 4071 tamen

136 4115 282 4179 poetarum
301 4116 328 4164 et
346 4110 519 4178 quorundam
539 4108 674 4162 interioris
697 4107 785 4161 vetatis
809 4106 974 4175 scriptorum
997 4122 1102 4160 morem
1127 4106 1162 4171 id,
1191 4107 1265 4175 quod

136 4216 209 4269 sarpa
232 4200 336 4253 lactum
363 4199 398 4253 sit
425 4199 539 4268 fierique
566 4199 660 4261 soleat,
689 4197 809 4266 perfecto
838 4195 977 4249 indicativi
1004 4195 1143 4249 interdurn
1166 4183 1265 4264 signifi-

136 4289 225 4353 candi,
253 4306 340 4356 quum
362 4306 422 4342 rern
446 4289 547 4342 factam
572 4304 622 4356 pro
645 4286 844 4340 consuetudine
867 4284 1043 4339 substituant.
1080 4284 1185 4338 Deinde
1210 4301 1265 4338 non

136 4393 207 4446 soepe
224 4378 267 4430 hae
287 4378 382 4431 lormae
400 4377 543 4446 praesentis
562 4375 630 4441 (sive
650 4375 745 4440 futuri)
770 4374 911 4429 notionem
936 4373 1047 4436 habent,
1075 4373 1123 4427 sed
1148 4390 1264 4442 semper,

136 4482 231 4520 veram
250 4465 389 4536 praeteriti,
417 4470 449 4520 ut
467 4466 530 4529 dixi,
559 4481 711 4534 nunquam.
748 4465 820 4519 Tum
839 4461 1046 4516 Lindcmennus
1070 4461 1140 4516 alius
1158 4461 1266 4531 generis

137 4556 195 4609 vult
215 4572 275 4610 esse
294 4555 386 4610 lutura
405 4571 521 4618 amesae,
549 4570 639 4623 capso,
667 4555 798 4608 liberasso
821 4550 885 4617 (hoc
903 4557 953 4618 est,
980 4550 1099 4615 illorum,
1127 4567 1190 4620 quae
1206 4566 1266 4620 per
