2956 5190
656 286 720 360 336

91 481 260 547 annotatio
283 485 447 565 spectaret
472 480 575 565 (velut
599 483 650 561 19,
679 483 724 547 42
748 502 787 545 ac
809 480 906 559 touta
936 480 991 559 21,
1021 479 1068 545 48
1090 480 1203 564 opinor,
1222 481 1257 551 ii,
1311 488 1325 563 ’ς

90 587 134 653 58
166 589 258 653 illum
285 590 319 653 in
347 589 455 654 verbis
484 589 675 654 Antiochum
696 589 793 653 ilium
812 584 994 672 Mopsum),
1032 606 1076 651 ex
1108 605 1171 669 quo
1198 586 1261 653 nu

92 695 191 761 debet
210 679 471 778 interpolationis
494 695 636 778 suspicio
658 696 759 773 nasci,
784 698 817 759 et
839 694 1015 777 aliquoties
1034 692 1263 776 explendum

91 803 204 867 tentiae
227 802 333 885 gratia
356 802 563 880 vocabulum,
588 802 677 885 quod
699 802 733 867 in
750 806 903 866 contexta
920 802 1076 866 oratione
1093 798 1265 873 audiebatur,

92 909 237 986 inseruit,
268 908 434 986 velatos,
469 910 532 973 132
560 909 594 973 in
621 909 688 974 his:
723 915 767 973 est
796 909 879 971 euim
901 908 993 972 iltius
1015 905 1147 989 (Vatia,
1178 905 1267 972 nisi·-

92 1014 169 1079 Maii
193 1013 270 1079 edit.
300 1034 391 1081 error
420 1019 470 1081 est
497 1016 761 1100 typographicus,
797 1012 886 1097 eius),
921 1035 943 1078 u
974 1034 1038 1100 quac
1071 1033 1135 1077 unc
1163 1014 1268 1077 mauu

93 1124 131 1189 P.
155 1122 274 1188 Sestius
301 1143 333 1187 se
361 1124 542 1208 oppupuuri
567 1122 661 1200 uidet,
697 1121 789 1186 addit
816 1113 944 1186 cubum
973 1118 1033 1203 (cst
1062 1122 1147 1185 urim
1173 1118 1268 1183 cain

93 1227 184 1310 eius),
219 1229 308 1311 quod
340 1231 373 1293 in
402 1230 565 1295 Ciceronis
589 1228 736 1294 oratione
758 1227 925 1311 praecedit.
971 1226 1048 1292 Hoc
1072 1225 1271 1293 animadverso

94 1340 195 1419 patet,
230 1336 361 1417 lapsum
394 1355 465 1401 esse
499 1335 656 1401 Oreltium
687 1336 720 1399 in
751 1354 778 1398 c.
805 1334 856 1411 18,
886 1334 941 1398 40.
997 1335 1186 1417 Legebatur
1208 1332 1272 1398 enin

94 1443 207 1525 vulgo:
239 1443 324 1522 Quid
346 1443 442 1528 erpo?
468 1444 590 1506 inimici
612 1444 725 1523 uratia
749 1462 834 1506 caua
851 1442 1047 1525 prasenim,
1073 1448 1143 1505 tam
1162 1438 1273 1524 impteti

95 1553 131 1614 iu
161 1550 355 1614 clarissimos
384 1551 470 1613 uiros
501 1551 654 1630 coniecta,
689 1569 738 1611 me
766 1548 883 1612 mouit?
922 1546 977 1611 Mc
1008 1567 1085 1611 uero
1117 1567 1179 1611 noa
1205 1547 1274 1609 aad

95 1658 184 1722 itt-ius
207 1659 320 1738 oratio,
344 1654 399 1719 scd
422 1676 529 1719 eorum
551 1657 764 1738 taciturnitas,
789 1655 823 1717 iu
845 1674 921 1739 quos
943 1654 1005 1717 illa
1028 1656 1136 1718 oratio
1157 1662 1217 1719 tara
1234 1654 1275 1715 iu

93 1763 195 1848 proto
218 1763 449 1846 conferebatur.
496 1762 616 1827 Verum
641 1762 779 1827 atterum
809 1759 888 1824 illud
916 1761 1014 1824 mwit
1042 1779 1114 1826 non
1143 1760 1276 1825 iuisseir

97 1891 136 1935 eo
160 1870 281 1949 codice,
317 1890 357 1935 ex
388 1888 453 1951 quo
486 1870 627 1952 reliquos
658 1888 773 1935 omnes
804 1867 985 1949 descriptos
1010 1885 1086 1931 esse
1110 1868 1219 1932 statim
1236 1865 1277 1930 de·

96 1979 298 2054 monstrabo,
322 1979 447 2041 certum
471 1978 530 2053 est,
555 1976 720 2058 quoniam,
745 1975 801 2057 qui
818 1993 892 2042 eum
910 1972 1106 2039 fidelissime
1121 1991 1277 2057 represen-

96 2087 178 2162 tant,
214 2084 285 2149 ood.
315 2082 347 2147 S.
377 2082 469 2160 Vict,
501 2082 597 2146 Bern.
624 2084 652 2160 l,
685 2083 716 2160 2,
747 2081 861 2147 Pal.9
896 2081 1065 2145 omittunt.
1114 2080 1166 2163 (ln
1192 2079 1279 2146 oodiu

96 2190 200 2255 Paris.
224 2188 393 2270 complura
416 2189 518 2253 verba
541 2191 664 2254 omissa
687 2192 773 2267 sunt,
802 2188 924 2251 librarii
947 2186 1045 2252 oculo
1069 2185 1279 2253 aberranuir

42 2311 83 2349 ⁴1⁵
97 2298 236 2379 repetito
259 2296 419 2360 vocabulo
443 2294 569 2377 oratio.)
615 2296 683 2359 Nec
712 2295 817 2360 solum
848 2294 1030 2359 rectissime
1060 2294 1106 2359 ad
1136 2294 1201 2359 vim
1224 2311 1281 2357 ora·

97 2404 193 2467 tionis
217 2401 322 2479 abest,
358 2402 632 2484 librariorumque
663 2402 772 2466 omnia
803 2401 900 2482 plena
932 2400 1074 2465 reddere
1102 2400 1283 2466 studentior

98 2510 313 2575 additamenti
337 2512 451 2573 notam
474 2509 585 2585 habet,
610 2509 668 2573 sed
692 2510 844 2573 vitiosum
869 2507 969 2571 etiarn
995 2511 1062 2582 est;
1086 2504 1282 2589 nequeenim

97 2617 228 2697 negatio
253 2635 272 2678 a
296 2615 405 2678 verbis
429 2615 517 2678 itlius
540 2617 652 2691 oratio,
677 2615 796 2695 quibus
820 2614 981 2678 contrarie
1005 2614 1113 2679 relata
1137 2618 1225 2679 sunt:
1243 2608 1285 2677 ud
1323 2592 1325 2625 ¹

98 2742 205 2785 eorum
228 2723 440 2797 taciturnitas,
478 2721 586 2784 divelli
614 2724 744 2803 poterat
772 2720 962 2802 interposito
991 2720 1047 2785 illo
1071 2723 1179 2796 sumit,
1212 2718 1284 2801 qruui

98 2828 131 2890 in
156 2848 194 2893 eo
218 2830 267 2892 vis
290 2830 461 2892 sententiae
485 2830 592 2909 posita
616 2833 711 2892 esset.
758 2828 871 2909 ltaque
901 2847 966 2890 non
995 2830 1086 2891 recte
1110 2826 1285 2892 Orelliusiu

99 2934 150 2997 ed.
174 2935 298 2998 maiore
321 2937 415 2998 creauit
439 2936 553 2999 tenuit.
589 2936 655 2999 Sed
678 2937 711 2999 in
734 2935 876 2999 editione
899 2935 1025 2998 minore
1048 2934 1165 3011 edidit,
1188 2932 1286 2999 codicis

99 3040 247 3104 Vaticani
270 3041 369 3105 fidem
393 3046 541 3107 secutus:
578 3043 631 3106 Mc
658 3063 730 3105 uero
760 3062 821 3104 aon
850 3041 936 3104 ittirus
964 3041 1080 3122 oratio,
1116 3042 1174 3106 aad
1200 3060 1286 3105 eorus

97 3149 302 3212 taciturnitas
325 3149 474 3229 1101111111,
498 3151 534 3213 iu
557 3171 632 3233 quos
655 3150 714 3212 itta
737 3150 839 3211 oratio
863 3146 1097 3229 conferebatur.
1138 3148 1205 3213 Sed
1225 3144 1287 3211 iilud

97 3253 238 3317 aucurrebat
273 3254 373 3336 (quod
402 3275 444 3319 ne
472 3276 531 3337 per
562 3276 598 3319 se
622 3254 754 3337 quidem
777 3262 903 3319 rectum
927 3259 992 3330 est;
1028 3273 1108 3317 narn
1131 3256 1235 3321 ararit.
1262 3258 1288 3315 ut

98 3361 264 3442 praecedit,
300 3362 346 3425 ita
381 3363 564 3427 necessario
599 3363 651 3426 hic
686 3382 815 3445 quoque
851 3361 1025 3426 dicendum
1060 3364 1135 3425 erat
1172 3360 1212 3425 de
1238 3378 1288 3423 uno

99 3469 228 3544 effectu,
253 3469 398 3533 discessu
423 3469 602 3546 Ciceronis3
627 3472 740 3534 contra
764 3469 868 3533 oratio
892 3467 946 3531 illa
970 3486 1058 3548 saepe
1083 3466 1289 3549 repetebatur.

98 3574 142 3638 illi
167 3595 298 3657 semper
320 3576 474 3657 silebant)
498 3579 560 3642 hoc
584 3576 681 3657 igitur
704 3576 776 3656 quis
800 3595 866 3640 non
890 3575 978 3639 videt
1001 3573 1191 3638 scholiasta
1221 3591 1289 3643 esse.

99 3683 295 3747 soniontianr
320 3683 490 3764 explentis,
521 3703 623 3765 quum
647 3683 701 3747 ilia
724 3682 887 3747 omisisset
911 3681 1091 3762 superiora,
1124 3700 1165 3744 ex
1189 3680 1291 3763 quibus

99 3789 236 3853 verbum
261 3794 474 3871 repeteretur,
511 3811 577 3855 non
605 3790 688 3854 illius
718 3789 847 3859 codicis,
884 3807 924 3852 ex
948 3807 1013 3869 quo
1035 3786 1064 3851 is
1089 3788 1195 3852 verba
1217 3787 1292 3853 Cice·

99 3897 187 3959 ionis
213 3896 431 3978 excerpebatr
466 3897 580 3980 ltaque
604 3916 718 3961 vereor
742 3895 851 3971 etiarn,
883 3914 924 3957 ne
955 3894 1165 3958 festinantius
1191 3893 1294 3958 eaden

99 4002 222 4066 scholia
257 4008 388 4068 secutus
424 4004 564 4070 Oroliius
599 4004 713 4068 delerit
748 4001 850 4065 verba
879 4008 946 4064 tuin
974 4000 1119 4083 improba
1148 4006 1294 4083 tanquan

100 4127 139 4170 er
163 4109 386 4190 superioribus
410 4132 519 4178 errore
544 4115 616 4178 orta
640 4110 673 4173 in
696 4108 828 4189 reliquis
846 4108 1030 4183 codicibus;
1054 4127 1135 4171 narn
1157 4127 1198 4173 ea
1213 4108 1295 4172 scho-

100 4214 211 4279 liastos
235 4218 447 4284 contrahendi
472 4220 580 4284 studio
608 4217 757 4282 omisisse
781 4215 884 4279 videri
908 4220 1026 4296 potest.
1073 4215 1115 4279 Et
1144 4215 1240 4280 facite
1265 4232 1297 4278 ea

101 4323 203 4385 rerba
227 4342 323 4407 suurn
348 4324 453 4389 locum
480 4326 672 4400 defendent;
697 4326 758 4388 hoc
783 4323 870 4386 enim
887 4323 963 4386 dicit
981 4321 1111 4388 Cicero:
1138 4324 1239 4389 Movit
1254 4340 1297 4388 me

101 4428 316 4507 taciturnitas,
341 4452 414 4513 quae
438 4433 620 4515 suspeetior
644 4450 715 4496 esse
739 4428 883 4492 debebat
907 4430 949 4493 ob
974 4428 1035 4492 hoc
1058 4429 1180 4511 ipsum,
1210 4428 1299 4512 quod,

100 4538 136 4597 ut
161 4555 218 4598 vos
242 4534 356 4615 dicitis,
381 4541 530 4623 improba
556 4542 628 4605 erat
650 4536 765 4613 oratio,
790 4535 881 4601 cuius
899 4556 919 4600 a
938 4555 974 4600 se
991 4536 1158 4602 maculam
1176 4538 1301 4603 reiicere
