2956 5190
750 282 814 347 172

183 479 280 543 tibus.
290 474 316 560 ¹)
369 478 425 542 llle
459 479 539 559 ipse,
574 478 630 560 qui
663 480 735 542 haec
769 477 878 542 studia
911 477 1053 543 maxime
1089 480 1287 555 commorat,
1317 496 1371 545 non

184 585 334 663 absolvit,
370 584 458 667 quod
487 584 682 662 instituerat,
716 603 777 648 nec
808 583 943 648 deduxit
973 583 1218 666 disputationes
1244 602 1320 648 suas
1337 586 1371 651 ad
1398 614 1401 619 ·

183 692 287 756 adulti
310 695 343 755 et
365 690 503 755 summis
525 690 643 772 opibus
666 690 816 772 pollentis
839 689 966 773 imperii
986 693 1150 772 tempora,
1176 689 1299 772 quibus
1313 690 1373 774 ips

184 797 374 880 magnitudo
397 816 506 861 rerum
530 799 563 861 et
582 796 804 862 membrorum
821 796 855 861 in
872 815 975 861 unum
991 814 1111 878 corpus
1130 794 1371 863 coalescentium

184 903 355 969 diversitas
379 922 480 985 quum
508 901 705 968 mutationes
734 904 1043 985 obscurationesque
1074 901 1228 984 priorum
1258 902 1373 969 institu-

184 1015 292 1076 torum
326 1009 435 1075 attulit
469 1012 502 1073 et
533 1009 633 1074 miras
666 1029 755 1092 saepe
786 1029 900 1074 eorum
928 1008 1152 1091 copulationes
1184 1011 1277 1075 etin
1298 1010 1375 1077 aiud

185 1136 286 1199 genus
308 1116 548 1193 translationes,
572 1120 642 1181 tum
665 1136 751 1181 nova
774 1116 910 1181 addidit.
956 1115 1024 1180 Nec
1045 1134 1139 1193 sane,
1167 1115 1200 1180 si
1222 1118 1295 1182 haec
1315 1137 1375 1183 onr-

185 1223 239 1287 nia
262 1224 289 1287 is
312 1223 499 1304 complexus
524 1227 620 1297 esset,
650 1243 702 1287 res
726 1223 873 1287 confecta
897 1222 1021 1286 fuisset.
1066 1220 1280 1287 Permultum
1300 1225 1374 1289 erin

185 1330 291 1406 abest,
326 1332 362 1392 ut
385 1332 452 1405 aut,
488 1349 561 1411 quae
589 1329 635 1393 ita
662 1329 884 1411 pertractavit,
919 1335 957 1393 ut
984 1348 1071 1393 nova
1094 1332 1129 1392 et
1151 1329 1289 1410 propria
1310 1348 1373 1413 pro·

186 1435 294 1514 ferret,
330 1454 370 1498 ea
398 1436 508 1499 omnia
536 1438 593 1498 aut
621 1435 714 1517 longe
744 1435 922 1500 maximam
949 1437 1078 1516 partem
1101 1434 1247 1516 probem
1269 1455 1372 1518 meque

132 1557 172 1598 ²12
186 1543 254 1606 eius
278 1543 462 1606 auctoritati
485 1542 669 1623 mancipem
692 1542 813 1607 aliosve
837 1540 1016 1622 mancipari
1038 1539 1137 1605 velim
1162 1544 1234 1617 aut,
1263 1543 1290 1607 si
1311 1542 1371 1609 reli·

186 1667 251 1729 qua
274 1651 463 1730 persecutus
488 1651 583 1739 esset,
607 1648 716 1712 omnia
739 1648 928 1730 simpliciter
950 1647 993 1712 ab
1017 1666 1056 1711 eo
1074 1648 1272 1729 accipienda
1287 1649 1371 1715 titisse

186 1755 328 1819 credam.
373 1755 442 1818 lam
465 1753 652 1836 significavi,
676 1773 741 1818 non
764 1758 833 1818 tam
856 1754 1000 1837 singulas
1022 1755 1194 1836 opiniones
1218 1756 1369 1821 Niebuhrii

186 1863 265 1927 mihi
283 1863 470 1944 probandas
488 1861 599 1938 videri,
624 1860 685 1924 etsi
702 1861 881 1941 permultas
899 1861 1013 1942 probo,
1038 1880 1137 1943 quam
1156 1861 1192 1925 in
1209 1862 1370 1943 quaerendo

176 1970 370 2034 ‘libertatem
395 1973 427 2032 et
451 1971 596 2032 veterum
620 1966 840 2031 institutorum
869 1967 1003 2031 rationis
1033 1966 1118 2031 clare
1148 1968 1369 2051 perspicienda

186 2076 399 2140 voluntatem.
451 2074 563 2155 Neque
592 2093 646 2137 me
674 2073 772 2149 fallit,
808 2073 983 2155 aliquando
1011 2074 1193 2141 Niebuhrio
1230 2076 1370 2143 accidisse

187 2184 299 2261 videri,
323 2186 359 2246 ut
383 2185 515 2263 propter
538 2180 617 2243 illud
640 2180 747 2260 ipsum
770 2180 927 2244 concinne
950 2181 1116 2262 dispositae
1138 2180 1295 2265 imaginis
1315 2188 1369 2247 stu·

188 2290 287 2364 dium,
312 2288 399 2369 quod
423 2287 520 2369 paulo
544 2289 620 2351 ante
644 2286 905 2363 commemoravi,
929 2307 979 2363 ea,
1009 2307 1082 2369 quae
1106 2287 1194 2352 belle
1217 2293 1252 2354 et
1275 2290 1370 2355 ordine
1411 2346 1413 2357 .

76 2422 80 2430 ·
188 2395 367 2476 composita
391 2397 509 2471 essent,
534 2394 622 2457 velut
645 2412 718 2473 quae
742 2394 785 2456 ad
807 2412 1016 2458 numerorum
1041 2394 1210 2475 quandam
1234 2396 1372 2461 converti·

188 2500 309 2565 entiam
333 2500 450 2564 adduci
474 2502 617 2581 possent,
647 2500 745 2581 paulo
770 2500 896 2564 facilius
919 2521 978 2582 pro
1002 2501 1097 2565 cerlis
1121 2502 1372 2584 amplecteretur,

189 2607 350 2671 interdum
374 2607 483 2683 etiam,
519 2626 620 2688 quum
650 2606 807 2687 inparve
840 2606 948 2687 aliquo
975 2626 1084 2670 rerum
1114 2607 1197 2672 orbe
1226 2607 1373 2675 eiusmodi

189 2714 310 2795 aliquid
334 2712 418 2776 effici
442 2717 562 2796 posset,
596 2713 743 2790 aliorum,
773 2733 845 2794 quae
870 2716 1098 2794 repugnarent,
1128 2714 1373 2779 oblivisceretur.

188 2821 288 2884 Video
313 2822 421 2894 etiam,
457 2820 612 2883 facultate
642 2819 696 2883 illa
725 2819 861 2901 vestigia
891 2820 1017 2883 minuta
1047 2823 1079 2882 et
1102 2819 1252 2901 dispersa
1276 2840 1374 2903 perse·

188 2927 318 3008 quendi,
354 2947 395 2990 ne
420 2927 560 2990 minores
589 2926 679 2990 lusus
710 2930 1014 3002 commemorentur,
1051 2945 1090 2989 eo
1113 2945 1190 2990 eum
1214 2928 1376 3008 aliquoties

188 3035 359 3115 abreptum
386 3053 468 3110 csse,
497 3037 533 3096 ut
560 3033 593 3095 in
617 3032 831 3096 fundamento
855 3052 970 3114 parum
994 3033 1088 3097 sumo
1111 3033 1305 3114 opinionum
1327 3054 1376 3099 no·

189 3140 296 3204 vitalis
325 3140 430 3222 gratia
464 3140 705 3222 splendentium
740 3139 833 3220 quasi
868 3140 987 3203 molem
1023 3139 1089 3205 late
1122 3142 1294 3220 patentem
1328 3158 1377 3203 er·

188 3251 343 3323 strueret,
362 3250 393 3310 et
412 3249 444 3310 in
462 3247 500 3310 iis
517 3246 702 3327 singulatim
721 3246 919 3309 inculcandis
938 3248 969 3308 el
988 3246 1218 3309 confirmandis
1236 3246 1379 3310 acumine

189 3354 388 3429 abuteretur,
417 3353 513 3434 quale
537 3356 587 3415 est
609 3352 688 3415 illud
712 3353 752 3415 de
776 3355 927 3433 poemate
951 3353 1177 3434 antiquissimo
1200 3352 1296 3434 epiro
1318 3352 1380 3416 Ro·

188 3480 360 3524 manorum
379 3462 610 3535 commentum,
635 3458 704 3521 iure
722 3479 742 3522 a
758 3478 877 3540 magno
895 3461 1087 3542 philosopho
1103 3454 1381 3540 reprehensum.²l

189 3566 256 3630 Nec
279 3567 414 3630 dubium
439 3569 497 3643 est,
527 3565 604 3645 quin
633 3564 808 3645 aliquando
838 3566 945 3630 studio
969 3587 1062 3630 suam
1087 3565 1285 3631 sententiam
1310 3584 1381 3630 con·

190 3673 338 3737 firmandi
363 3676 508 3736 veterum
534 3676 819 3736 monumentorum
845 3674 1028 3737 testimonia
1048 3671 1294 3754 interpretando
1312 3691 1383 3755 per·

189 3778 322 3843 verterit
356 3783 414 3842 aut
448 3798 560 3843 eorum
589 3779 654 3841 vim
679 3781 852 3860 scriptores
887 3783 920 3843 et
954 3779 1062 3861 inique
1097 3784 1130 3843 et
1164 3779 1384 3843 inconstanter

219 4007 239 4075 ¹)
259 4011 316 4063 Hoc
340 4010 420 4077 quale
439 4009 481 4072 sit,
511 4007 622 4076 intelligi
648 4008 704 4061 fere
729 4013 818 4075 potest
841 4025 874 4061 ex
898 4009 1020 4062 Creuzeri
1044 4008 1166 4075 epitoma
1189 4007 1385 4075 antiquitatum

260 4099 456 4161 Romanarum,
481 4113 543 4165 quae
561 4096 611 4150 etsi
630 4113 685 4149 non
704 4096 792 4164 ipsam
812 4096 998 4151 institutorum
1018 4096 1235 4165 explicationem,
1254 4095 1303 4150 sed
1321 4096 1386 4150 linc·

261 4192 371 4240 amenta
389 4192 417 4240 et
435 4186 579 4239 materiam
598 4184 728 4250 continet,
757 4191 787 4239 ut
810 4186 920 4254 iniquus
939 4186 981 4249 sit,
1010 4186 1057 4252 qui
1075 4185 1199 4239 Cremeri
1218 4186 1253 4238 de
1271 4185 1385 4254 singulis

261 4275 340 4329 rebus
359 4274 459 4329 iudicia
478 4274 515 4327 ibi
534 4274 622 4342 posita
643 4278 728 4341 putet,
748 4278 840 4327 tamen
860 4290 992 4343 apparere
1010 4275 1119 4327 videtur
1137 4290 1170 4328 ex
1189 4273 1249 4342 ipso
1263 4274 1386 4327 materia

260 4378 357 4429 genere
376 4370 403 4417 et
422 4362 599 4432 dispositione
618 4377 765 4430 rerumque
784 4363 993 4431 quaerendarum
1018 4362 1268 4431 significationibus,
1297 4362 1385 4431 qualis

261 4450 348 4503 torma
367 4452 460 4506 futura
477 4452 513 4506 sit
531 4450 616 4504 totius
635 4450 772 4505 doctrinae.

218 4533 239 4588 'l
258 4537 350 4605 Hegcl.
369 4540 549 4609 uncyclopad.
569 4540 595 4593 d.
615 4539 768 4608 philosoph.
788 4539 868 4592 Wiss.
888 4536 905 4604 ἓ
923 4539 983 4603 549,
1002 4557 1028 4609 p.
1048 4539 1109 4594 492.
1129 4541 1170 4594 ed.
1189 4538 1215 4594 ⁴2.
