2956 5190
648 280 713 345 364

83 482 183 562 reip.
209 497 393 542 recubam
418 477 583 541 continere
606 474 772 539 notionem
795 475 953 556 superiori
982 473 1028 538 illi
1059 494 1096 537 ra
1125 473 1271 538 contrarie

83 586 221 651 relatam
244 584 369 649 statuit.
416 583 489 646 Non
512 581 753 656 animadvertit,
777 582 920 662 primum
943 601 978 644 re
1002 584 1036 644 et
1058 600 1117 664 ape
1139 578 1186 643 ita
1203 580 1274 644 inter

83 713 120 757 se
142 691 255 757 referri
279 688 440 755 constanti
457 707 528 763 usu,
552 694 588 752 ut
606 687 660 751 illa
679 688 861 752 coniunctio
878 687 955 751 ferri
971 688 1136 768 nequeat;
1159 685 1274 755 deinde

84 802 121 863 ut
143 799 213 862 haec
236 798 298 861 isto
321 796 419 860 modo
443 795 670 876 intelligamus,
694 813 759 875 quo
782 793 958 875 pertinebit
980 792 1110 857 nudum
1134 791 1213 857 illud
1229 795 1276 856 rel

83 926 162 971 nam
190 904 330 968 nondum
357 924 392 966 rc
421 903 582 985 respirare
610 899 689 965 nihil
721 907 780 964 est.
827 900 913 964 Sane
942 921 977 963 re
1006 898 1053 981 (in
1086 898 1148 962 der
1182 897 1276 961 Wirle·

58 1010 222 1093 licimo)
246 1008 463 1091 respirabant,
495 1008 554 1073 sed
577 1005 784 1088 respirabant
806 1006 849 1071 ob
873 1027 976 1088 spem,
1006 1005 1158 1070 nondum
1180 1024 1216 1070 rc
1237 1005 1276 1069 el·

5 1100 8 1106 ⁴
84 1118 181 1182 lecta.
226 1117 329 1181 Recte
352 1115 449 1197 igitur
472 1113 661 1178 Lambinus.
707 1112 816 1191 Quum
840 1113 955 1178 litterae
984 1111 1153 1194 ambigue
1181 1110 1221 1175 B.
1246 1111 1277 1175 P.

86 1226 266 1289 coniunctae
291 1225 400 1287 essent
423 1240 497 1285 cum
520 1220 628 1301 priore
652 1239 730 1285 voce
754 1217 947 1303 (autetiam
971 1225 1170 1303 recuperato
1185 1219 1277 1300 scrip-

31 1347 71 1388 uo
84 1336 156 1395 tum
179 1329 222 1394 ob
247 1347 387 1410 sequens
411 1325 449 1408 e),
479 1327 662 1391 necessaria
686 1330 757 1390 erat
780 1327 883 1391 altera
911 1327 1062 1403 mutatio,
1095 1331 1134 1390 ut
1164 1346 1278 1409 recepe

84 1435 199 1500 roruloe
222 1434 427 1499 scriberetur.

174 1542 327 1623 Sequitur
350 1559 377 1604 c.
402 1540 455 1614 33,
481 1540 522 1603 72
545 1541 635 1604 locus
659 1540 700 1604 de
723 1539 855 1603 tribuno
877 1538 982 1620 plebis
1011 1538 1083 1603 eius
1105 1541 1195 1615 anni,
1223 1559 1280 1621 quo

86 1649 198 1715 Cicero
221 1648 327 1724 rediit,
362 1647 460 1712 Atilio
488 1646 636 1711 Calatino
661 1647 816 1722 Gaulane,
853 1649 885 1709 et
913 1665 972 1727 per
1001 1664 1036 1709 se
1066 1645 1281 1711 obscurusei

85 1756 184 1838 paulo
208 1754 314 1819 iactus
339 1755 500 1818 editorum
524 1773 625 1834 opera
648 1753 826 1827 obscurior,
850 1771 948 1833 quem
973 1751 1103 1817 codices
1120 1753 1169 1817 sic
1187 1754 1281 1834 scrip-

85 1866 156 1926 tum
180 1860 313 1936 habent,
337 1864 375 1924 ut
397 1861 438 1924 de
462 1861 591 1924 duobus
614 1863 743 1924 tantum
767 1859 875 1922 verbis
899 1857 1059 1922 dubitatio
1085 1878 1160 1923 esse
1176 1859 1281 1941 possit.

85 1969 171 2034 Nam
194 1969 227 2032 in
250 1968 321 2032 cod.
346 1965 435 2048 [Par.
460 1965 507 2048 et]
531 1966 627 2030 Bern.
652 1971 716 2031 est:
744 1986 807 2029 bon
834 1965 888 2028 ille
916 1964 1078 2030 Serranus
1102 1966 1143 2030 ab
1168 1974 1282 2045 aratro,

86 2075 140 2140 sed
163 2096 201 2138 err
223 2074 343 2138 deserto
368 2072 429 2136 GA
438 2071 787 2137 VIOLAELIOREA
810 2074 924 2136 calatis
948 2072 1009 2135 GA
1018 2072 1114 2136 VIIS
1136 2074 1172 2136 in
1196 2072 1283 2137 Colo·

86 2183 167 2245 tinec
191 2181 306 2244 Atilios
328 2181 458 2255 insitum
494 2185 527 2243 et
551 2179 663 2243 Gaviis
686 2180 785 2244 etiam
809 2179 881 2243 cod.
905 2179 938 2242 S.
963 2178 1112 2255 Victoris,
1149 2184 1188 2244 ut
1210 2180 1283 2243 satis

87 2291 211 2352 certum
236 2288 287 2363 sit,
312 2287 374 2350 hoc
397 2305 469 2350 esse
493 2285 740 2363 restituendum,
765 2287 885 2350 reiecto
903 2285 1022 2349 codicis
1040 2285 1283 2351 Gemblacensis

86 2395 256 2475 scripturae
280 2394 401 2457 mendo
410 2387 446 2473 ¹),
481 2393 515 2456 in
550 2412 615 2474 quo
650 2393 709 2456 viri
745 2391 831 2456 docti
867 2393 987 2456 frustra
1022 2392 1183 2474 ingeniosi
1214 2398 1284 2456 sunt

86 2496 236 2583 (pranis).
283 2500 367 2563 Nam
392 2499 504 2564 Cicero
532 2501 699 2564 hominem
726 2499 902 2580 adoptione
931 2503 989 2562 aut
1017 2499 1126 2579 potius
1154 2518 1284 2580 arroga-

86 2605 174 2668 tione
197 2623 263 2667 non
286 2605 355 2669 sinc
379 2605 494 2670 fraude
518 2606 551 2669 in
575 2606 707 2670 Atiliam
731 2608 861 2687 gentem
886 2606 1073 2669 traductum
1097 2605 1199 2677 ridet;
1228 2606 1284 2668 ita·

87 2731 160 2792 que,
186 2715 223 2774 ut
239 2711 425 2776 Perizonius
445 2712 535 2787 vidit,
560 2713 675 2776 ludens
698 2711 731 2774 in
755 2712 935 2775 caletorum
960 2712 1166 2776 comitiorum
1191 2710 1284 2791 signi·

87 2817 238 2881 ficatione
270 2822 302 2881 et
330 2820 427 2882 simul
456 2818 594 2882 sortasse
622 2820 655 2882 in
683 2818 905 2883 Calatinorum
936 2819 1138 2899 cognomine,
1174 2816 1284 2880 calatis

88 2923 197 2987 Gaviis
221 2925 254 2987 in
277 2924 392 2989 Atilios
416 2925 548 2989 insitum
572 2925 658 2998 dicit,
688 2924 803 3000 idest,
833 2944 902 2989 suae
926 2925 1132 3006 potissimum
1157 2922 1284 2986 familia

89 3029 221 3094 consilio
245 3030 278 3093 in
302 3031 400 3095 aliam
431 3033 609 3113 irrepsisse,
646 3051 711 3095 non
735 3033 923 3095 arcessitum
950 3036 983 3095 et
1013 3032 1177 3095 adscitum
1201 3050 1284 3099 esse:

86 3157 194 3220 grana
216 3138 323 3200 calata
345 3138 469 3202 nullam
493 3138 618 3202 babent
640 3138 696 3213 rei,
727 3158 800 3219 quae
824 3139 1032 3219 significatur,
1069 3137 1284 3202 similitudinis

88 3244 240 3324 speciem.
271 3263 331 3307 nec
354 3246 461 3308 calare
484 3265 543 3326 pro
569 3264 739 3309 rrumerare
762 3247 846 3308 sumi
870 3248 994 3326 potest;
1028 3265 1089 3309 nec
1113 3245 1285 3325 quicquam

89 3353 139 3413 est
163 3349 194 3412 in
218 3349 272 3413 illa
296 3370 470 3431 granorum
495 3352 730 3427 numeratione,
755 3352 842 3433 quod
865 3352 928 3415 buc
953 3353 1125 3433 pertineat.
1173 3350 1237 3414 Sed
1255 3349 1285 3412 in

89 3455 252 3538 prioribus
275 3458 453 3534 haeremus,
477 3478 554 3522 nam
578 3459 611 3521 in
636 3457 745 3522 codice
769 3458 802 3522 S.
820 3459 901 3524 Vict.
926 3464 975 3523 est
994 3458 1055 3521 GA
1064 3455 1285 3521 VILAETIO·

88 3562 182 3627 ΒΕΑ
212 3563 393 3647 similiaque
422 3566 456 3629 in
484 3566 654 3640 derivatiS,
690 3585 762 3646 quae
792 3568 1022 3647 praetermitt03
1058 3569 1091 3628 et
1126 3563 1168 3627 de
1197 3561 1285 3627 Gavii

88 3670 220 3735 nomine
244 3670 404 3735 dubitatio
433 3671 521 3734 nulla
551 3675 615 3746 est;
651 3691 829 3753 cognomen
859 3674 955 3755 quale
986 3673 1092 3748 luerit,
1129 3672 1285 3734 incertum

88 3780 147 3840 est.
184 3777 308 3840 Deinde
332 3776 454 3855 torreo,
479 3776 582 3859 [quod
606 3779 767 3860 Krarupio
790 3778 992 3842 credideram
1011 3780 1109 3842 etiam
1128 3778 1161 3841 in
1180 3777 1286 3841 codice

87 3882 264 3947 Parisiensi
299 3882 396 3965 esse]
432 3886 639 3950 correctionis
674 3885 882 3949 manifestum
920 3891 969 3948 est
1004 3905 1069 3949 non
1104 3885 1211 3948 solum
1246 3883 1285 3948 ob

89 4008 283 4054 consensum
307 3991 454 4055 codicum
480 3992 698 4072 antiquorum,
733 3992 792 4055 sed
825 3991 867 4055 ob
892 4012 965 4055 eam
989 4011 1118 4074 quoque
1144 4010 1286 4065 causam,

89 4096 176 4176 quod
211 4096 368 4160 desertum
403 4097 551 4161 borreum
585 4116 645 4179 pro
679 4098 767 4161 inani
797 4101 830 4161 et
858 4118 961 4162 vacuo
990 4098 1052 4160 dici
1076 4118 1142 4162 non
1166 4101 1287 4180 potest;

34 4228 72 4266 ιη
89 4202 218 4266 deserta
241 4208 317 4267 sunt
340 4204 421 4281 loca,
453 4204 486 4268 in
515 4204 634 4285 quibus
657 4204 736 4267 nulli
760 4209 932 4267 versantur
955 4204 1023 4268 sive
1047 4206 1197 4269 homines
1222 4207 1288 4270 sive

118 4447 138 4513 ¹)
159 4450 215 4503 Pal.
235 4451 251 4503 9
271 4451 362 4506 etalii
382 4451 423 4520 (χ,
443 4460 465 4516 ψ
484 4450 604 4517 Oxonn.)
626 4467 676 4520 pro
695 4468 728 4505 eo
748 4451 851 4506 habent
872 4455 973 4519 pravis.
1012 4449 1057 4518 [Et
1075 4453 1114 4506 sic
1132 4453 1191 4522 ipse
1210 4453 1288 4507 Gem-

159 4539 293 4593 blacensis
312 4541 422 4594 Halmio
441 4537 531 4606 teate]
