2948 5206
676 1675 800 1772 XXII.

156 1847 226 1939 Ex
261 1847 534 1965 prefatione
570 1847 784 1941 editionis
820 1850 1002 1966 quarte
1038 1851 1305 1944 orationum

156 1987 440 2081 selectarum
477 1987 700 2081 Ciceronis
741 1988 945 2090 (Hauniae
981 1988 1117 2098 1858),
1158 1991 1305 2084 inter-

155 2129 320 2248 positis
346 2130 510 2248 paucis
542 2154 604 2221 ex
630 2131 984 2248 prefationibus
1010 2131 1306 2250 reliquarum

582 2272 850 2365 editionum.
860 2271 886 2374 ¹)

223 2558 270 2680 In
303 2611 449 2677 oratione
477 2632 540 2696 pro
575 2612 687 2677 Roscio
721 2613 874 2677 Amerino
909 2612 1035 2678 codices
1070 2613 1151 2693 duo,
1192 2633 1332 2697 quorum

133 2720 304 2802 scripturae
326 2718 360 2782 in
383 2718 524 2784 editione
548 2719 718 2784 Turiccnsi
746 2722 913 2785 annotatae
942 2728 1028 2799 sunt,
1063 2739 1182 2803 genere
1210 2720 1282 2804 ipso
1310 2739 1332 2786 a

134 2825 249 2891 ceteris
272 2844 339 2890 non
367 2825 501 2890 diiuncti
528 2845 635 2908 neque
666 2825 870 2905 vetustiores,
905 2826 964 2892 sed
995 2826 1181 2910 diligentius
1212 2826 1331 2905 collau,

132 2932 167 2998 in
189 2933 268 2998 locis
283 2932 413 3014 gravius
429 2932 588 3015 corruptis
611 2931 691 2996 nihil
714 2932 783 2997 iere
805 2933 885 2998 novi
905 2933 1016 2999 auxilii
1037 2933 1198 3010 tulerunt3
1221 2932 1331 3015 itaque

133 3039 169 3104 in
190 3036 210 3120 fl
235 3040 286 3116 11,
310 3042 348 3103 ut
368 3039 529 3103 haberent
552 3037 707 3119 magistri,
736 3037 824 3120 quod
855 3039 1062 3122 interpretari
1083 3041 1228 3121 possent,
1257 3038 1332 3103 reli-

132 3146 199 3228 qui,
235 3144 322 3228 quod
350 3148 427 3210 ante
456 3145 568 3209 decem
597 3163 700 3209 annos
728 3163 907 3227 posueram
931 3165 948 3208 e
969 3144 1149 3228 manifestis
1169 3143 1334 3227 maleficiis

133 3287 174 3297 -
208 3251 356 3316 dimissui
383 3250 540 3333 securam,
574 3270 639 3316 non
671 3249 816 3332 ignarus,
854 3250 933 3332 quid
963 3250 998 3315 id
1028 3250 1241 3317 dubitationis
1270 3252 1332 3317 ha·

136 3351 275 3438 beret.²)
955 3353 958 3357 ’

159 3583 185 3652 ¹)
202 3583 328 3653 [Omissis
345 3585 386 3652 iis,
405 3600 467 3655 quea
485 3585 563 3640 initio
582 3590 609 3640 et
627 3584 692 3639 alibi
715 3585 844 3641 univerae
866 3585 990 3641 dixeram
1013 3585 1048 3640 de
1070 3585 1159 3640 auctis
1182 3583 1285 3639 Halmii
1303 3588 1332 3639 et

201 3674 304 3729 Baiteri
326 3691 411 3744 opera
433 3673 561 3728 subsidiis
583 3674 673 3744 deque
695 3676 805 3730 illorum
828 3674 935 3731 iudiciis
953 3691 1010 3729 non
1027 3673 1147 3728 multum
1166 3671 1331 3727 deflectenti·

202 3763 255 3818 bus
274 3779 291 3816 a
308 3763 385 3829 meis,
414 3763 533 3832 denique
556 3762 591 3816 de
613 3764 782 3819 scholastica
804 3762 931 3819 editionis
953 3762 1113 3827 rationibus,
1142 3779 1175 3816 oa
1192 3761 1238 3816 hic
1255 3778 1331 3832 repe

201 3851 287 3906 tenda
313 3867 392 3917 curo,
426 3868 488 3920 quar
515 3851 549 3906 dc
575 3853 656 3906 certis
684 3853 853 3907 orationibus
880 3851 1091 3920 orationumque
1117 3851 1184 3906 locis
1211 3851 1331 3921 disputa·

202 3936 318 4007 veram]

161 4025 235 4094 ¹)ln
253 4028 357 4098 praeiat
376 4027 419 4081 ed.
438 4027 456 4080 3
474 4027 649 4097 scripseram:
669 4028 762 4097 Quum
780 4029 809 4083 in
828 4028 967 4084 codicibus
984 4028 1024 4083 sic
1041 4027 1175 4098 scriptum
1192 4029 1241 4083 sit:
1269 4030 1331 4082 Om-

201 4133 249 4171 nec
275 4119 346 4171 honr
372 4120 545 4185 questionem
571 4125 596 4171 to
620 4125 737 4185 proetoro
768 4120 921 4185 montfortis
951 4118 1091 4184 maleficiis
1122 4119 1331 4186 quotidianoque

202 4208 334 4274 sanquine
348 4208 495 4258 missum
506 4203 565 4271 (aut
577 4208 721 4259 demissius
739 4209 787 4259 aut
804 4205 957 4270 dimicatus)
974 4213 1086 4275 operam
1103 4207 1237 4272 futuram,
1256 4204 1330 4270 hinc,

202 4310 259 4348 una
277 4293 368 4348 littera
385 4311 399 4347 e
416 4294 556 4363 geminata
573 4295 608 4348 ad
631 4293 766 4348 ablativos
788 4309 852 4348 cum
875 4294 981 4363 reliqua
1004 4293 1128 4348 oratione
1153 4293 1330 4363 copulandos,

201 4381 261 4436 haec
279 4381 367 4436 forma
386 4382 503 4437 efficitur
521 4382 651 4437 orationis
670 4386 698 4437 et
715 4381 870 4437 sententiar:
894 4384 965 4435 hanc
982 4385 1155 4451 poemenem
1172 4391 1197 4436 to
1209 4390 1331 4451 protere

202 4486 216 4523 c
233 4473 385 4538 montfortis
402 4473 541 4538 maleficiis
559 4474 768 4541 quotidianoque
786 4474 919 4540 sanquine
934 4472 1062 4524 dimissui
1072 4479 1184 4539 speram
1194 4474 1329 4539 sauram.

202 4558 254 4613 hoc
277 4564 326 4623 est,
354 4558 521 4624 liberationi,
549 4566 581 4613 ut
604 4560 751 4628 aliquando
774 4576 808 4614 ex
831 4559 873 4613 hia
896 4559 976 4613 malis
999 4557 1171 4613 dimittamur
1193 4563 1222 4614 et
1244 4558 1330 4613 exsol-
