2956 5190
755 294 819 358 238

278 487 452 570 Expletum
487 491 536 552 est
567 488 645 567 iere,
681 489 768 570 quod
803 489 836 553 in
870 488 1076 571 suscipienda
1112 487 1178 578 hac
1214 485 1372 568 mesum

188 598 425 677 spectaveram.
462 595 546 659 Nam
564 595 605 659 de
617 595 748 677 publico
759 599 886 660 tantum
902 595 1102 661 coloniarum
1115 595 1190 659 iure
1202 596 1239 658 et
1249 611 1377 675 cumpo·
1415 650 1417 663 .

93 745 120 787 '.
188 702 265 784 pulo
294 702 445 766 Romano
481 702 705 767 coniunctione
739 704 772 765 et
802 701 842 764 de
871 701 1013 766 universi
1042 699 1185 766 instituti
1215 702 1381 765 naturast

135 821 175 863 ¹⁹⁴
188 809 424 874 mutationibus
460 809 567 873 dicere
601 808 804 891 propositum
841 804 961 890 erat¹),
1001 827 1067 874 non
1108 807 1151 872 de
1188 805 1382 871 deductionis

189 914 382 980 caerimoniis
406 919 438 980 et
461 935 614 998 agrorum
638 914 912 997 assignationibus
936 915 1138 979 similibusve
1162 913 1280 978 rebus.

278 1021 374 1100 Quod
407 1022 434 1087 si
469 1022 524 1104 qui
558 1022 764 1100 iudicabunt,
805 1024 841 1085 ut
880 1021 1037 1086 nonnulla
1069 1023 1135 1086 bac
1170 1018 1385 1102 disputatione

188 1127 308 1193 rectius
331 1129 515 1211 certiusque
540 1130 724 1206 constituta,
760 1128 806 1193 ita
836 1128 933 1192 simul
962 1127 1073 1192 multIs
1099 1126 1213 1192 modis
1243 1128 1279 1191 in
1300 1125 1386 1191 unins

189 1233 326 1299 instituti
351 1234 500 1318 exemplo
523 1255 694 1318 apparere,
719 1254 818 1317 quam
842 1235 884 1299 sit
907 1233 1036 1298 difficile
1059 1252 1100 1297 ex
1124 1232 1323 1316 fragmentis
1342 1233 1385 1297 lri-

189 1340 297 1406 storiae
326 1341 485 1406 Romanae
514 1342 556 1406 ab
585 1341 624 1407 iis
658 1342 871 1424 scriptoribus
905 1339 1044 1417 traditae,
1080 1341 1136 1422 qui
1172 1340 1297 1405 saltem
1329 1358 1386 1404 non

188 1447 417 1512 studiosissimi
441 1447 662 1512 institutorum
685 1448 890 1530 publicorum
913 1438 1033 1511 veteris
1060 1447 1169 1512 aetatis
1192 1447 1385 1528 investigan-

189 1554 305 1619 dorum
336 1559 394 1619 aut
423 1555 457 1618 in
486 1555 523 1619 iis
558 1555 710 1619 notandis
745 1554 981 1637 diligentissimi
1015 1553 1147 1632 fuerint,
1182 1553 1382 1636 perspicuam

188 1658 385 1743 plenamque
397 1661 443 1726 rei
456 1662 596 1744 publicae
607 1661 768 1725 Romanae
786 1661 920 1742 eiusque
936 1660 1197 1724 vicissitudinum
1216 1659 1383 1741 imaginem

188 1764 357 1846 conficere,
382 1788 548 1851 quamque
571 1769 614 1833 sit
637 1771 732 1833 caute
754 1768 793 1832 iis
816 1768 897 1832 tides
916 1766 1112 1843 adhibenda,
1136 1766 1194 1848 qui
1212 1765 1260 1830 ad
1276 1764 1379 1830 veteris

188 1872 369 1954 prudentiae
404 1876 504 1940 civilis
534 1875 853 1957 comtemplationem
889 1878 921 1939 et
939 1873 1207 1938 admirationem
1243 1873 1379 1937 homines

188 1982 307 2044 vocant
337 2001 438 2063 seque
470 1982 556 2047 viam
584 1985 823 2047 monstraturos
846 1981 1049 2064 pollicentur,
1085 1982 1202 2045 contra
1218 1981 1299 2044 ‘bos
1330 1997 1377 2060 ego

189 2104 262 2166 quae
286 2086 402 2165 dicam,
428 2108 493 2153 non
517 2089 634 2154 habeo.

277 2191 389 2257 Visum
418 2199 468 2260 est
496 2195 571 2259 huic
600 2194 771 2276 quaestioni
806 2213 918 2258 earum
955 2194 1166 2270 coloniarum,
1203 2192 1238 2256 in
1273 2191 1375 2273 quibus

187 2298 283 2362 huius
306 2299 444 2365 instituti
468 2301 650 2384 proprietas
674 2301 816 2365 maxime
840 2299 991 2376 cernitur,
1027 2301 1089 2364 hoc
1118 2302 1178 2377 est,
1215 2318 1291 2380 quae
1313 2300 1374 2361 ante

188 2404 292 2486 legem
316 2405 430 2470 Iuliam
455 2427 513 2488 per
542 2408 679 2489 populos
709 2407 885 2471 foederatos
917 2425 1041 2487 sparsae
1071 2408 1157 2483 sunt,
1194 2404 1257 2469 sub
1289 2421 1374 2468 unum

188 2515 397 2592 conspectum
423 2514 637 2578 adductarum
663 2513 802 2577 indicem
823 2513 1030 2594 subiungere,
1054 2512 1088 2575 in
1105 2529 1171 2592 quo
1188 2511 1256 2575 iam
1273 2510 1374 2593 plera·

188 2636 251 2698 que
276 2637 388 2682 eorum
415 2639 487 2702 ope,
523 2640 596 2701 quae
626 2620 792 2701 disputata
820 2621 906 2693 sunt,
942 2618 985 2682 ad
1013 2637 1109 2682 suum
1138 2636 1242 2700 genus
1271 2615 1375 2681 cenis

187 2724 438 2801 revocabuntur,
463 2726 653 2808 reliquaque
677 2725 882 2789 emendatius
906 2728 1068 2806 ponentur
1091 2725 1244 2806 quamin
1262 2722 1373 2805 superi·

187 2848 281 2894 orum
304 2831 476 2896 indicibus.
486 2826 513 2913 ²)
560 2832 612 2895 Ab
636 2832 767 2914 regibus
791 2831 888 2912 igitur
911 2830 1024 2912 primis
1048 2850 1122 2912 quae
1147 2830 1298 2895 deductae
1319 2833 1374 2893 tra·

133 2948 173 2990 2⁹⁶
187 2935 309 3001 duntur
339 2938 484 3017 coloniae,
520 2958 586 3017 eaS,
623 2939 699 3021 quia
728 2945 843 3020 postea
867 2958 884 3001 e
908 2956 1045 3001 numero
1069 2936 1211 3001 sublatae
1235 2939 1320 3012 sunt,
1349 2935 1376 2998 in

215 3217 237 3285 ¹)
256 3219 351 3274 Nescio
370 3238 405 3274 an
425 3221 558 3285 nonnulli,
578 3221 599 3274 si
619 3221 736 3275 aliorum
750 3221 845 3274 similis
858 3219 1012 3289 argumenti
1025 3219 1109 3273 libros
1123 3220 1283 3283 evolverint,
1302 3233 1376 3273 unum

257 3310 409 3364 alterumve
428 3311 519 3365 locum
539 3311 638 3365 veteris
651 3309 790 3379 scrIptoris
803 3308 982 3363 desideraturi
995 3308 1057 3373 sint,
1077 3324 1160 3377 quem
1173 3324 1224 3377 ego
1242 3306 1377 3368 omiserim,

257 3399 331 3466 quod
350 3398 417 3452 nihil
437 3400 472 3453 ad
491 3416 550 3454 rem
568 3399 705 3469 pertinere
726 3399 876 3456 rideretur;
895 3397 958 3451 talis
977 3401 1018 3450 est
1033 3397 1105 3450 Festi
1125 3398 1201 3452 locus
1221 3397 1249 3451 in
1269 3399 1376 3466 epitoma

257 3487 291 3541 de
312 3487 469 3553 Sanatibus,
497 3495 555 3543 tam
580 3489 653 3543 lacer
676 3494 703 3542 et
728 3492 880 3555 corruptus,
909 3491 948 3550 ut,
976 3486 999 3539 si
1023 3486 1171 3540 temeraria
1193 3487 1375 3556 supplementa

257 3576 396 3641 tollantur,
416 3578 484 3631 nihil
503 3578 584 3648 plane
603 3579 647 3643 sit,
666 3593 721 3646 quo
740 3577 801 3645 quis
819 3575 848 3629 in
866 3576 918 3628 hac
931 3575 1082 3643 quastione
1095 3580 1196 3629 utatur.
1226 3575 1306 3642 Quod
1318 3574 1376 3628 colo

257 3665 366 3719 uiarum
385 3667 542 3722 Italicamm
561 3667 732 3721 mentionem
750 3665 855 3719 nullam
874 3663 935 3728 feci,
956 3664 1024 3717 ratio
1043 3663 1185 3718 reddenda
1203 3679 1260 3718 non
1273 3669 1314 3718 est
1325 3665 1378 3733 post

257 3770 297 3817 ea,
326 3771 388 3823 qua
413 3755 557 3824 Sarignius
581 3754 627 3819 (de
650 3756 709 3810 iure
733 3753 830 3819 Italic.)
852 3753 920 3807 dixit
944 3757 971 3805 et
995 3770 1044 3821 ego
1064 3752 1120 3822 ipse
1140 3754 1168 3807 in
1188 3751 1379 3807 commentia

256 3842 356 3896 Ascon.
375 3843 440 3898 Ped.
460 3861 486 3913 p.
505 3844 548 3898 48.
585 3842 720 3910 (Eandem
739 3860 799 3898 rem
817 3842 982 3896 Niebuhrius
1001 3842 1034 3906 ll,
1054 3841 1087 3894 91
1107 3839 1217 3910 attigit.)

214 3927 236 3996 ¹)
254 3931 375 3987 Indicam
395 3933 564 3988 coloniarum
583 3934 677 4004 populi
695 3932 814 3986 Romani
833 3946 921 4000 usque
946 3930 981 3983 ad
1003 3930 1107 3984 bellurn
1132 3931 1267 3986 Punicum
1292 3931 1381 3986 deduc-

256 4025 348 4074 tarum
371 4021 489 4076 coniecit
507 4022 633 4092 Sigonius
658 4022 693 4076 ad
712 4021 769 4074 Liv.
789 4020 895 4082 XXVII,
923 4018 952 4083 9;
982 4019 1106 4074 omniurn
1131 4022 1278 4090 usquead
1301 4021 1384 4090 legem

256 4109 353 4163 luliam
374 4109 447 4164 idem
466 4111 494 4164 in
513 4111 583 4165 libro
602 4112 626 4163 ll
646 4111 680 4165 de
699 4111 813 4178 antiquo
837 4109 895 4162 iure
919 4107 1012 4173 ltaliae,
1040 4108 1190 4163 Panrinius
1215 4110 1284 4179 Imp.
1308 4110 1382 4164 Rom.

256 4214 278 4251 c.
299 4198 330 4249 ll
351 4199 379 4252 in
398 4204 474 4253 torno
494 4199 505 4251 l
523 4199 657 4253 Thesauri
677 4199 820 4263 (treviam,
849 4196 1024 4251 Belleiortius
1047 4197 1075 4251 in
1099 4198 1189 4267 opens
1212 4198 1247 4253 de
1265 4196 1296 4254 re'
1313 4198 1382 4268 publ.

255 4286 336 4340 llorn.
355 4287 415 4341 libr.
429 4287 478 4342 Vll
496 4305 554 4357 cap.
567 4287 597 4348 4;
617 4288 711 4353 alium,
731 4287 872 4356 Sigonium
891 4293 918 4340 et
939 4286 1159 4341 Freinshemmm
1178 4295 1298 4354 secutus,
1316 4288 1383 4356 Hop-

257 4374 413 4430 iensackius
432 4377 600 4431 Stratsrecht
619 4377 668 4431 der
687 4377 789 4430 Romer
807 4393 833 4445 p.
855 4375 913 4428 152.
951 4375 1019 4441 Quae
1043 4376 1188 4430 Eclrhelius
1212 4394 1246 4431 ex
1269 4375 1384 4433 nummts

255 4464 369 4532 protulit
388 4463 489 4530 (Doctr.
508 4465 618 4520 Numm.
638 4466 691 4520 vol.
711 4465 746 4520 IV
766 4482 787 4519 c.
807 4464 842 4517 23
861 4483 887 4534 p.
900 4463 954 4517 465
973 4463 1052 4533 sqq),
1072 4464 1129 4519 tere
1148 4466 1183 4518 ad
1202 4467 1323 4522 colonias
1340 4464 1383 4520 mi-

254 4551 348 4626 litares
366 4555 514 4622 pertinent.
