2948 5206
710 283 772 349 731

142 479 256 547 codice
278 477 436 544 Vaticano
458 498 525 544 non
547 477 672 561 legitur,
691 478 881 553 substituis:
917 478 967 543 Tu
987 499 1061 543 uera
1083 486 1179 558 tuere,
1202 478 1341 544 verbum

141 586 253 670 ipsum
276 584 486 669 sagacissime
508 605 529 650 a
551 589 585 649 te
607 585 777 649 inventum
799 586 889 667 puto,
913 585 973 650 sed
995 585 1029 650 id
1044 586 1079 649 in
1100 586 1163 651 illis
1185 586 1264 669 ipsis
1287 586 1341 650 lit·

137 694 222 759 teris
243 689 279 756 tu
299 711 373 756 cera
395 692 498 757 latere
520 690 794 773 scribendumque
817 710 904 756 esse:
943 690 1045 756 Tuere
1072 693 1120 756 itu
1147 695 1209 757 cet.
1254 692 1341 757 Nam

136 799 198 865 illa
221 798 315 882 quasi
338 797 518 863 dubitantis
542 796 755 876 confirmatio,
780 817 853 880 quae
877 800 927 863 est
947 799 982 862 in
1004 797 1056 862 Tu
1076 817 1159 877 vero,
1189 799 1242 863 vix
1262 802 1341 881 apta

136 909 202 985 est,
226 905 344 970 sutem
366 923 434 970 non
455 904 651 969 necessaria.
813 926 822 943 ·

230 1010 300 1075 lbd.
324 1010 356 1089 5,
390 1010 446 1074 12:
484 1009 598 1074 Utrum
628 1011 728 1095 initur
759 1030 912 1095 auqurem
943 1010 1030 1075 Iouis
1059 1012 1169 1095 optimi
1196 1012 1340 1093 macinii,

135 1118 231 1182 carius
258 1118 444 1201 interpretes
464 1117 713 1202 internuntiique
741 1117 900 1181 canstuuu
926 1137 1044 1200 summ,
1071 1125 1179 1181 utrum
1202 1118 1342 1202 papulus

135 1223 305 1288 Manus
327 1222 474 1287 libentius
495 1223 625 1303 sanciat,
649 1221 833 1306 Pompeium
856 1243 901 1286 an
915 1221 1113 1287 Antonium?
1137 1223 1241 1288 Recte
1264 1243 1340 1288 sen-

134 1329 210 1396 sisti
231 1329 371 1412 flguram
394 1329 549 1395 orationis
573 1329 801 1411 perturbatam
824 1348 898 1393 esse
921 1333 955 1393 et
977 1347 1018 1393 en
1035 1329 1200 1412 geminato
1220 1349 1340 1412 prono·

133 1438 227 1501 mine
255 1444 362 1501 aarum
395 1455 557 1518 apparere
591 1437 712 1518 praeter
744 1434 857 1517 populi
890 1434 1033 1500 Romani
1067 1436 1167 1500 etiam
1201 1435 1346 1501 aliorum.

134 1542 355 1626 quorundam,
390 1543 453 1607 hoc
481 1548 532 1607 est
561 1541 663 1625 ipsius
687 1540 820 1624 collegii,
855 1542 1058 1606 sanctionem
1081 1541 1297 1624 significatam
1320 1561 1341 1607 a

134 1647 294 1715 Cicerone
316 1648 432 1724 fuisse;
456 1647 516 1713 sed
539 1647 618 1712 illud
643 1667 796 1732 auqurem
820 1646 906 1712 Iouis
928 1649 1038 1731 optimi
1056 1647 1200 1725 mauimi
1224 1648 1259 1711 in
1275 1667 1340 1730 quo

133 1754 348 1838 significatur,
372 1756 496 1837 quanta
519 1753 660 1835 dignitas
684 1756 811 1836 agatur,
839 1754 960 1819 mutari
982 1773 1049 1818 non
1072 1754 1180 1819 debet.
1227 1754 1341 1836 Itaque

133 1862 184 1927 sic
207 1861 316 1943 potius
338 1860 548 1925 scribendum
573 1862 638 1924 est:
680 1858 793 1923 Utrum
815 1861 916 1945 iqitur
945 1880 1098 1945 auqurern
1122 1860 1208 1924 Iouis
1230 1861 1341 1944 optimi

134 1968 282 2050 manni,
305 1967 396 2031 arius
410 2000 454 2012 -
470 1966 629 2030 conducti
651 1986 769 2048 summ,
792 1986 874 2049 nos,
897 1974 1005 2030 utrum
1022 1967 1161 2050 papulus
1176 1965 1341 2030 Romanus

133 2072 284 2139 libentius
312 2073 431 2137 candet
454 2071 521 2136 -ἓ
551 2070 650 2135 Vides
678 2071 713 2136 id
742 2072 936 2151 subiectum,
971 2073 1060 2156 quod
1090 2077 1126 2137 tu
1156 2072 1339 2155 quaerebas,

134 2199 176 2244 eo
199 2179 270 2244 loco
293 2179 447 2260 positum,
470 2178 529 2242 ubi
551 2179 630 2260 poni
653 2177 697 2242 ad
719 2178 875 2244 orationis
894 2179 1033 2262 figuram
1051 2179 1160 2257 debet,
1185 2197 1224 2242 eo
1242 2197 1339 2243 voca·

132 2285 214 2351 bulo
236 2287 398 2363 notatum,
422 2284 580 2367 quodibi
604 2283 757 2348 facillime
781 2285 931 2350 excidere
952 2289 1092 2368 poterat.

224 2391 294 2456 lbd.
320 2390 371 2470 13,
396 2390 455 2456 28:
492 2390 549 2456 Est
582 2390 708 2476 quidm
743 2391 825 2455 ader
855 2390 1017 2472 Saserna;
1049 2391 1105 2455 sed
1139 2411 1244 2455 amnes
1275 2395 1327 2455 cet

130 2497 237 2562 Nimis
259 2497 347 2562 nude
370 2499 403 2562 b.
426 2497 448 2561 l.
471 2496 589 2561 dicitur
611 2504 665 2576 est,
695 2516 796 2580 prave
818 2497 945 2583 quidem
972 2517 1073 2580 quum
1096 2516 1223 2580 perse,
1258 2501 1328 2562 tum

133 2603 225 2687 quod
248 2603 412 2669 Ciceronis
441 2603 677 2680 consuetudine
709 2623 748 2668 ea
778 2604 940 2686 particula
969 2604 1004 2668 in
1035 2603 1242 2669 concedendo
1273 2623 1339 2668 non

132 2709 305 2776 subiicitur
339 2708 451 2774 verbo.
505 2708 610 2774 Scribi
645 2710 758 2774 debet:
795 2709 853 2775 Est
886 2710 1029 2774 ibidem
1063 2711 1144 2775 atter
1179 2709 1321 2774 Saserna
1325 2733 1339 2791 ;

133 2815 192 2881 sed
215 2818 277 2879 cet.
323 2813 497 2880 Praecessit
519 2815 618 2897 paulo
642 2819 734 2881 ante:
759 2816 817 2881 Est
840 2819 936 2881 etiam
958 2817 1004 2880 ibi
1027 2816 1155 2881 Decius.

225 2920 295 2985 lbd.
321 2920 373 3000 15,
404 2921 464 2986 31:
507 2920 597 3000 Vide,
628 2943 668 2986 ne
698 2930 733 2986 tu
762 2930 925 2987 ueteranos
947 2931 1053 2988 tamen
1075 2944 1134 3005 eas,
1169 2924 1224 3008 qui
1248 2930 1340 2987 erant

130 3026 265 3112 perditi,
282 3027 467 3110 perdideris
490 3031 552 3091 cet.
586 3027 693 3092 Pravo
716 3028 787 3093 loco
810 3029 943 3111 ponitur
965 3036 1070 3092 tamen
1092 3048 1154 3094 nec
1175 3029 1339 3093 sententia

135 3153 178 3199 ea
201 3133 349 3212 efficitur,
385 3153 458 3216 quse
487 3133 597 3198 debet.
643 3133 691 3198 Ea
712 3134 900 3199 huiusmodi
923 3142 989 3199 est:
1023 3134 1105 3217 aide,
1140 3157 1179 3199 ne
1200 3143 1235 3199 tu
1258 3142 1338 3199 uete-

135 3260 244 3322 ranos,
280 3260 329 3304 eas
356 3247 472 3321 tamen,
507 3240 561 3324 qui
588 3246 680 3303 erant
696 3239 830 3323 perditi,
857 3240 1051 3324 perdideris.
1097 3241 1182 3306 Nam
1204 3241 1283 3306 boni
1306 3244 1340 3305 et

135 3346 266 3412 honesti
299 3347 444 3411 veterani
475 3365 512 3410 se
542 3347 585 3409 ab
614 3345 748 3411 Antonii
777 3346 917 3412 consiliis
940 3350 1157 3412 removerant.
1203 3347 1340 3412 Videtur

136 3472 320 3536 pronomen
354 3453 512 3517 excidisse
545 3455 621 3534 post
660 3460 836 3532 ouranos,
877 3452 994 3518 deinde
1034 3453 1105 3518 loco
1144 3472 1210 3518 non
1249 3455 1339 3517 recto

136 3560 326 3643 suppletum
365 3578 448 3624 esse.
504 3558 618 3624 Potest
656 3562 769 3623 tamen
807 3559 907 3623 etiam
945 3559 991 3624 sic
1027 3561 1185 3641 scriptum
1222 3558 1337 3623 fuisse:

138 3664 311 3747 veteranas,
345 3673 390 3730 set
423 3672 529 3728 tumen
564 3685 622 3744 eos,
658 3667 713 3750 qui
741 3669 817 3744 cet,
853 3668 887 3730 et
913 3673 957 3730 set
985 3666 1070 3731 inter
1099 3686 1115 3730 s
1145 3668 1179 3729 et
1208 3672 1221 3729 t
1252 3663 1337 3729 exci-

138 3772 240 3837 disse.

228 3878 298 3943 lbd.
324 3879 376 3956 17,
405 3877 464 3943 35:
499 3878 655 3958 Quoiam
678 3899 731 3942 aas
754 3877 1016 3942 assentationibus
1039 3885 1067 3942 et
1088 3879 1248 3941 amentatis
1270 3898 1337 3941 mu-

138 3983 268 4048 neribus
290 3986 427 4049 venistis.
452 4018 495 4030 —
519 3984 699 4068 Depraaati
726 3992 782 4049 aut
805 3986 945 4068 curuati
967 3991 1049 4066 sunt,
1073 3984 1185 4070 quibes
1203 4005 1337 4070 persua

139 4111 210 4155 sum
244 4097 288 4155 est
314 4090 528 4173 fedissimum
554 4090 672 4155 bostem
702 4092 872 4156 iustissimo
904 4091 981 4156 betia
1009 4091 1177 4176 persequi?
1217 4090 1338 4156 Vitiata

139 4197 212 4261 baec
247 4215 329 4273 esse,
363 4198 433 4261 iure
467 4196 584 4261 statuis
618 4201 652 4261 et
678 4197 889 4262 manifestum
918 4202 978 4277 est,
1009 4197 1165 4263 correctio
1188 4197 1337 4262 difficilis.

141 4302 302 4367 Veniebat
323 4302 403 4368 mibi
426 4302 459 4366 in
482 4305 642 4367 mentemz
680 4303 905 4388 Quanquam
936 4325 998 4369 eos
1027 4325 1091 4369 uos
1119 4304 1337 4368 assentationi-

143 4408 200 4473 bus
223 4416 251 4472 et
273 4411 433 4474 venenatis
463 4409 645 4474 muneribus
675 4411 802 4474 venistis
832 4410 1094 4493 deprevatum.
1128 4445 1171 4456 —
1202 4410 1340 4475 Itane?
