<?xml version="1.0" encoding="UTF-8"?>
<!DOCTYPE html PUBLIC "-//W3C//DTD XHTML 1.0 Transitional//EN"
    "http://www.w3.org/TR/xhtml1/DTD/xhtml1-transitional.dtd">
<html xmlns="http://www.w3.org/1999/xhtml" xml:lang="en" lang="en">
 <head>
  <title>
</title>
<meta http-equiv="Content-Type" content="text/html;charset=utf-8" />
  <meta name='ocr-system' content='tesseract 3.04.00' />
  <meta name='ocr-capabilities' content='ocr_page ocr_carea ocr_par ocr_line ocrx_word'/>
</head>
<body>
  <div class='ocr_page' id='page_1' title='image "./ionicolaimadvig02madvgoog_0176.png"; bbox 0 0 2948 5206; ppageno 0'>
   <div class='ocr_carea' id='block_1_1' title="bbox 674 282 737 347">
    <p class='ocr_par' dir='ltr' id='par_1_1' title="bbox 674 282 737 347">
     <span class='ocr_line' id='line_1_1' title="bbox 674 282 737 347; baseline 0 0"><span class='ocrx_word' id='word_1_1' title='bbox 674 282 737 347; x_wconf 84' lang='lat'><strong>153</strong></span> 
     </span>
    </p>
   </div>
   <div class='ocr_carea' id='block_1_2' title="bbox 89 474 1381 3871">
    <p class='ocr_par' dir='ltr' id='par_1_2' title="bbox 132 474 1359 2266">
     <span class='ocr_line' id='line_1_2' title="bbox 206 474 1307 562; baseline 0.001 -23"><span class='ocrx_word' id='word_1_2' title='bbox 206 476 233 539; x_wconf 91' lang='lat' dir='ltr'><strong>ln</strong></span> <span class='ocrx_word' id='word_1_3' title='bbox 254 474 395 540; x_wconf 85' lang='lat' dir='ltr'><strong>eiusdem</strong></span> <span class='ocrx_word' id='word_1_4' title='bbox 420 482 504 542; x_wconf 88' lang='lat' dir='ltr'><strong>orat.</strong></span> <span class='ocrx_word' id='word_1_5' title='bbox 528 496 555 540; x_wconf 90' lang='lat' dir='ltr'><strong>c.</strong></span> <span class='ocrx_word' id='word_1_6' title='bbox 580 478 611 553; x_wconf 90' lang='lat'><strong>8,</strong></span> <span class='ocrx_word' id='word_1_7' title='bbox 646 479 683 541; x_wconf 96' lang='grc'><strong>17</strong></span> <span class='ocrx_word' id='word_1_8' title='bbox 709 477 811 542; x_wconf 87' lang='lat' dir='ltr'><strong>edidi:</strong></span> <span class='ocrx_word' id='word_1_9' title='bbox 842 497 918 562; x_wconf 80' lang='lat' dir='ltr'><strong>quoa</strong></span> <span class='ocrx_word' id='word_1_10' title='bbox 949 476 1074 562; x_wconf 80' lang='lat' dir='ltr'><strong>paidom</strong></span> <span class='ocrx_word' id='word_1_11' title='bbox 1099 497 1152 561; x_wconf 78' lang='lat' dir='ltr'><strong>epo</strong></span> <span class='ocrx_word' id='word_1_12' title='bbox 1177 511 1219 520; x_wconf 98' lang='lat'>—</span> <span class='ocrx_word' id='word_1_13' title='bbox 1242 483 1307 540; x_wconf 79' lang='lat' dir='ltr'><strong>ela·</strong></span> 
     </span>
     <span class='ocr_line' id='line_1_3' title="bbox 140 582 1307 668; baseline 0.002 -23"><span class='ocrx_word' id='word_1_14' title='bbox 140 582 181 646; x_wconf 73' lang='lat' dir='ltr'><strong>de</strong></span> <span class='ocrx_word' id='word_1_15' title='bbox 200 617 236 626; x_wconf 93' lang='lat'><em>—</em></span> <span class='ocrx_word' id='word_1_16' title='bbox 258 602 374 647; x_wconf 78' lang='lat' dir='ltr'><strong>canore</strong></span> <span class='ocrx_word' id='word_1_17' title='bbox 396 582 458 646; x_wconf 78' lang='lat' dir='ltr'><strong>eibi</strong></span> <span class='ocrx_word' id='word_1_18' title='bbox 480 585 574 668; x_wconf 70' lang='lat' dir='ltr'><strong>ipeoa</strong></span> <span class='ocrx_word' id='word_1_19' title='bbox 603 584 741 667; x_wconf 82' lang='lat' dir='ltr'><strong>placore</strong></span> <span class='ocrx_word' id='word_1_20' title='bbox 771 586 819 648; x_wconf 84' lang='lat' dir='ltr'><strong>rei</strong></span> <span class='ocrx_word' id='word_1_21' title='bbox 836 583 983 668; x_wconf 74' lang='lat' dir='ltr'><strong>publica,</strong></span> <span class='ocrx_word' id='word_1_22' title='bbox 1018 588 1149 649; x_wconf 87' lang='lat' dir='ltr'><strong>secutus</strong></span> <span class='ocrx_word' id='word_1_23' title='bbox 1178 582 1307 648; x_wconf 89' lang='lat' dir='ltr'><strong>codices</strong></span> 
     </span>
     <span class='ocr_line' id='line_1_4' title="bbox 137 690 1304 774; baseline 0.001 -21"><span class='ocrx_word' id='word_1_24' title='bbox 137 690 290 772; x_wconf 78' lang='lat' dir='ltr'><strong>plerosque3</strong></span> <span class='ocrx_word' id='word_1_25' title='bbox 318 693 352 753; x_wconf 91' lang='lat' dir='ltr'><strong>et</strong></span> <span class='ocrx_word' id='word_1_26' title='bbox 374 693 525 771; x_wconf 87' lang='lat' dir='ltr'><strong>apertum</strong></span> <span class='ocrx_word' id='word_1_27' title='bbox 550 693 600 755; x_wconf 87' lang='lat' dir='ltr'><strong>est</strong></span> <span class='ocrx_word' id='word_1_28' title='bbox 622 692 706 774; x_wconf 75' lang='lat' dir='ltr'><strong>ipsos</strong></span> <span class='ocrx_word' id='word_1_29' title='bbox 729 691 884 773; x_wconf 85' lang='lat' dir='ltr'><strong>ad.prius</strong></span> <span class='ocrx_word' id='word_1_30' title='bbox 908 691 1045 754; x_wconf 86' lang='lat' dir='ltr'><strong>verbum</strong></span> <span class='ocrx_word' id='word_1_31' title='bbox 1067 690 1113 756; x_wconf 88' lang='lat' dir='ltr'><strong>ita</strong></span> <span class='ocrx_word' id='word_1_32' title='bbox 1130 692 1304 773; x_wconf 88' lang='lat' dir='ltr'><strong>pertinere,</strong></span> 
     </span>
     <span class='ocr_line' id='line_1_5' title="bbox 136 798 1305 881; baseline 0.001 -21"><span class='ocrx_word' id='word_1_33' title='bbox 136 800 162 860; x_wconf 88' lang='lat' dir='ltr'><strong>ut</strong></span> <span class='ocrx_word' id='word_1_34' title='bbox 186 815 274 878; x_wconf 84' lang='lat' dir='ltr'>prope</span> <span class='ocrx_word' id='word_1_35' title='bbox 307 799 529 862; x_wconf 89' lang='lat' dir='ltr'><strong>necessarium</strong></span> <span class='ocrx_word' id='word_1_36' title='bbox 565 800 621 876; x_wconf 89' lang='lat' dir='ltr'><strong>sit,</strong></span> <span class='ocrx_word' id='word_1_37' title='bbox 657 818 732 862; x_wconf 92' lang='lat' dir='ltr'><strong>cum</strong></span> <span class='ocrx_word' id='word_1_38' title='bbox 768 798 870 881; x_wconf 85' lang='lat' dir='ltr'><strong>altero</strong></span> <span class='ocrx_word' id='word_1_39' title='bbox 905 798 1056 880; x_wconf 77' lang='lat' dir='ltr'><strong>coniungi</strong></span> <span class='ocrx_word' id='word_1_40' title='bbox 1091 816 1158 862; x_wconf 90' lang='lat' dir='ltr'><strong>non</strong></span> <span class='ocrx_word' id='word_1_41' title='bbox 1191 817 1305 879; x_wconf 87' lang='lat' dir='ltr'><strong>posse;</strong></span> 
     </span>
     <span class='ocr_line' id='line_1_6' title="bbox 133 902 1305 988; baseline 0.003 -22"><span class='ocrx_word' id='word_1_42' title='bbox 133 902 286 966; x_wconf 83' lang='lat' dir='ltr'><strong>referuntur</strong></span> <span class='ocrx_word' id='word_1_43' title='bbox 309 905 397 968; x_wconf 89' lang='lat' dir='ltr'><strong>enim</strong></span> <span class='ocrx_word' id='word_1_44' title='bbox 421 903 506 969; x_wconf 88' lang='lat' dir='ltr'><strong>inter</strong></span> <span class='ocrx_word' id='word_1_45' title='bbox 528 925 563 969; x_wconf 90' lang='lat' dir='ltr'><strong>se</strong></span> <span class='ocrx_word' id='word_1_46' title='bbox 587 925 704 969; x_wconf 80' lang='lat' dir='ltr'><strong>canore</strong></span> <span class='ocrx_word' id='word_1_47' title='bbox 727 905 821 988; x_wconf 79' lang='lat' dir='ltr'><strong>ipsos,</strong></span> <span class='ocrx_word' id='word_1_48' title='bbox 845 905 879 968; x_wconf 93' lang='lat' dir='ltr'><strong>id</strong></span> <span class='ocrx_word' id='word_1_49' title='bbox 903 907 964 982; x_wconf 88' lang='lat' dir='ltr'><strong>est,</strong></span> <span class='ocrx_word' id='word_1_50' title='bbox 993 924 1052 985; x_wconf 88' lang='lat' dir='ltr'><strong>per</strong></span> <span class='ocrx_word' id='word_1_51' title='bbox 1075 923 1120 981; x_wconf 90' lang='lat' dir='ltr'><strong>se,</strong></span> <span class='ocrx_word' id='word_1_52' title='bbox 1150 904 1238 986; x_wconf 87' lang='lat' dir='ltr'><strong>quod</strong></span> <span class='ocrx_word' id='word_1_53' title='bbox 1261 904 1305 969; x_wconf 90' lang='lat' dir='ltr'><strong>ad</strong></span> 
     </span>
     <span class='ocr_line' id='line_1_7' title="bbox 132 1008 1304 1095; baseline 0.003 -23"><span class='ocrx_word' id='word_1_54' title='bbox 132 1008 357 1090; x_wconf 84' lang='lat' dir='ltr'><strong>ipsospertinet,</strong></span> <span class='ocrx_word' id='word_1_55' title='bbox 375 1011 511 1094; x_wconf 83' lang='lat' dir='ltr'><strong>placare</strong></span> <span class='ocrx_word' id='word_1_56' title='bbox 527 1015 638 1076; x_wconf 88' lang='lat' dir='ltr'><strong>autem</strong></span> <span class='ocrx_word' id='word_1_57' title='bbox 661 1012 710 1074; x_wconf 80' lang='lat' dir='ltr'><strong>rei</strong></span> <span class='ocrx_word' id='word_1_58' title='bbox 718 1010 865 1095; x_wconf 77' lang='lat' dir='ltr'><strong>publicae.</strong></span> <span class='ocrx_word' id='word_1_59' title='bbox 900 1011 985 1075; x_wconf 90' lang='lat' dir='ltr'><strong>Nam</strong></span> <span class='ocrx_word' id='word_1_60' title='bbox 1009 1012 1133 1075; x_wconf 81' lang='lat' dir='ltr'><strong>sanitas</strong></span> <span class='ocrx_word' id='word_1_61' title='bbox 1156 1011 1199 1075; x_wconf 93' lang='lat' dir='ltr'><strong>ad</strong></span> <span class='ocrx_word' id='word_1_62' title='bbox 1215 1011 1304 1093; x_wconf 90' lang='lat' dir='ltr'><strong>ipsos</strong></span> 
     </span>
     <span class='ocr_line' id='line_1_8' title="bbox 132 1114 1305 1199; baseline 0.001 -19"><span class='ocrx_word' id='word_1_63' title='bbox 132 1114 198 1180; x_wconf 78' lang='lat' dir='ltr'><strong>solos</strong></span> <span class='ocrx_word' id='word_1_64' title='bbox 225 1116 374 1196; x_wconf 87' lang='lat' dir='ltr'><strong>pertinet,</strong></span> <span class='ocrx_word' id='word_1_65' title='bbox 410 1117 559 1199; x_wconf 87' lang='lat' dir='ltr'><strong>placatus</strong></span> <span class='ocrx_word' id='word_1_66' title='bbox 587 1119 716 1182; x_wconf 90' lang='lat' dir='ltr'><strong>animus</strong></span> <span class='ocrx_word' id='word_1_67' title='bbox 745 1118 788 1182; x_wconf 89' lang='lat' dir='ltr'><strong>ad</strong></span> <span class='ocrx_word' id='word_1_68' title='bbox 822 1118 912 1183; x_wconf 78' lang='lat' dir='ltr'><strong>alios</strong></span> <span class='ocrx_word' id='word_1_69' title='bbox 970 1118 1107 1182; x_wconf 85' lang='lat' dir='ltr'><strong>Dativus</strong></span> <span class='ocrx_word' id='word_1_70' title='bbox 1142 1117 1305 1181; x_wconf 90' lang='lat' dir='ltr'><strong>commodi</strong></span> 
     </span>
     <span class='ocr_line' id='line_1_9' title="bbox 132 1221 1305 1307; baseline 0.002 -22"><span class='ocrx_word' id='word_1_71' title='bbox 132 1221 208 1304; x_wconf 88' lang='lat' dir='ltr'><strong>paulo</strong></span> <span class='ocrx_word' id='word_1_72' title='bbox 227 1226 274 1286; x_wconf 86' lang='lat' dir='ltr'><strong>est</strong></span> <span class='ocrx_word' id='word_1_73' title='bbox 297 1222 419 1287; x_wconf 89' lang='lat' dir='ltr'><strong>durior.</strong></span> <span class='ocrx_word' id='word_1_74' title='bbox 459 1223 528 1288; x_wconf 92' lang='lat' dir='ltr'><strong>Iarn</strong></span> <span class='ocrx_word' id='word_1_75' title='bbox 551 1245 653 1307; x_wconf 87' lang='lat' dir='ltr'><strong>quum</strong></span> <span class='ocrx_word' id='word_1_76' title='bbox 677 1225 904 1290; x_wconf 88' lang='lat' dir='ltr'><strong>Steinmetzius</strong></span> <span class='ocrx_word' id='word_1_77' title='bbox 927 1224 971 1302; x_wconf 93' lang='lat' dir='ltr'><strong>id,</strong></span> <span class='ocrx_word' id='word_1_78' title='bbox 996 1222 1084 1306; x_wconf 89' lang='lat' dir='ltr'><strong>quod</strong></span> <span class='ocrx_word' id='word_1_79' title='bbox 1108 1224 1203 1305; x_wconf 81' lang='lat' dir='ltr'><strong>vulgo</strong></span> <span class='ocrx_word' id='word_1_80' title='bbox 1227 1222 1305 1287; x_wconf 88' lang='lat' dir='ltr'><strong>ede·</strong></span> 
     </span>
     <span class='ocr_line' id='line_1_10' title="bbox 132 1328 1304 1415; baseline 0 -23"><span class='ocrx_word' id='word_1_81' title='bbox 132 1328 216 1404; x_wconf 85' lang='lat' dir='ltr'><strong>batur,</strong></span> <span class='ocrx_word' id='word_1_82' title='bbox 235 1349 353 1393; x_wconf 74' lang='lat' dir='ltr'><strong>sonore</strong></span> <span class='ocrx_word' id='word_1_83' title='bbox 376 1337 405 1392; x_wconf 83' lang='lat' dir='ltr'><strong>et</strong></span> <span class='ocrx_word' id='word_1_84' title='bbox 427 1331 511 1413; x_wconf 81' lang='lat' dir='ltr'><strong>ipone</strong></span> <span class='ocrx_word' id='word_1_85' title='bbox 528 1332 662 1415; x_wconf 80' lang='lat' dir='ltr'><strong>placare</strong></span> <span class='ocrx_word' id='word_1_86' title='bbox 684 1334 734 1395; x_wconf 78' lang='lat' dir='ltr'><strong>rei</strong></span> <span class='ocrx_word' id='word_1_87' title='bbox 750 1330 896 1415; x_wconf 68' lang='lat' dir='ltr'><strong>publicae,</strong></span> <span class='ocrx_word' id='word_1_88' title='bbox 921 1330 1100 1405; x_wconf 73' lang='lat' dir='ltr'>retinuerit,</span> <span class='ocrx_word' id='word_1_89' title='bbox 1126 1348 1304 1410; x_wconf 87' lang='lat' dir='ltr'><strong>vocemque</strong></span> 
     </span>
     <span class='ocr_line' id='line_1_11' title="bbox 134 1433 1304 1520; baseline 0.002 -22"><span class='ocrx_word' id='word_1_90' title='bbox 134 1433 179 1498; x_wconf 69' lang='lat' dir='ltr'><strong>ets</strong></span> <span class='ocrx_word' id='word_1_91' title='bbox 196 1454 211 1498; x_wconf 89' lang='lat' dir='ltr'><strong>e</strong></span> <span class='ocrx_word' id='word_1_92' title='bbox 231 1437 423 1518; x_wconf 87' lang='lat' dir='ltr'><strong>compendio</strong></span> <span class='ocrx_word' id='word_1_93' title='bbox 446 1439 614 1520; x_wconf 77' lang='lat' dir='ltr'><strong>particulae</strong></span> <span class='ocrx_word' id='word_1_94' title='bbox 638 1446 666 1503; x_wconf 80' lang='lat' dir='ltr'><strong>ct</strong></span> <span class='ocrx_word' id='word_1_95' title='bbox 688 1443 794 1503; x_wconf 84' lang='lat' dir='ltr'><strong>ortam</strong></span> <span class='ocrx_word' id='word_1_96' title='bbox 812 1457 895 1515; x_wconf 90' lang='lat' dir='ltr'><strong>esse,</strong></span> <span class='ocrx_word' id='word_1_97' title='bbox 920 1456 960 1501; x_wconf 87' lang='lat' dir='ltr'><strong>err</strong></span> <span class='ocrx_word' id='word_1_98' title='bbox 978 1437 1049 1501; x_wconf 89' lang='lat' dir='ltr'><strong>cod.</strong></span> <span class='ocrx_word' id='word_1_99' title='bbox 1068 1437 1304 1518; x_wconf 81' lang='lat' dir='ltr'><strong>Tegernseensi</strong></span> 
     </span>
     <span class='ocr_line' id='line_1_12' title="bbox 135 1543 1343 1628; baseline 0.001 -21"><span class='ocrx_word' id='word_1_100' title='bbox 135 1544 335 1626; x_wconf 82' lang='lat' dir='ltr'><strong>aanuissimo</strong></span> <span class='ocrx_word' id='word_1_101' title='bbox 359 1548 393 1608; x_wconf 83' lang='lat' dir='ltr'><strong>et</strong></span> <span class='ocrx_word' id='word_1_102' title='bbox 415 1546 486 1610; x_wconf 90' lang='lat' dir='ltr'><strong>aliis</strong></span> <span class='ocrx_word' id='word_1_103' title='bbox 509 1546 650 1628; x_wconf 77' lang='lat' dir='ltr'><strong>antiquis</strong></span> <span class='ocrx_word' id='word_1_104' title='bbox 674 1545 791 1609; x_wconf 78' lang='lat' dir='ltr'><strong>dixerit</strong></span> <span class='ocrx_word' id='word_1_105' title='bbox 813 1563 984 1627; x_wconf 89' lang='lat' dir='ltr'><strong>apparere,</strong></span> <span class='ocrx_word' id='word_1_106' title='bbox 1019 1543 1115 1608; x_wconf 86' lang='lat' dir='ltr'><strong>facile</strong></span> <span class='ocrx_word' id='word_1_107' title='bbox 1145 1543 1199 1608; x_wconf 96' lang='lat' dir='ltr'><strong>illo</strong></span> <span class='ocrx_word' id='word_1_108' title='bbox 1227 1563 1303 1626; x_wconf 85' lang='lat' dir='ltr'><strong>pro·</strong></span> <span class='ocrx_word' id='word_1_109' title='bbox 1340 1581 1343 1587; x_wconf 89' lang='lat'>·</span> 
     </span>
     <span class='ocr_line' id='line_1_13' title="bbox 136 1650 1303 1734; baseline 0.001 -21"><span class='ocrx_word' id='word_1_110' title='bbox 136 1650 237 1714; x_wconf 87' lang='lat' dir='ltr'><strong>nomine</strong></span> <span class='ocrx_word' id='word_1_111' title='bbox 259 1670 313 1715; x_wconf 89' lang='lat' dir='ltr'><strong>me</strong></span> <span class='ocrx_word' id='word_1_112' title='bbox 336 1650 468 1716; x_wconf 90' lang='lat' dir='ltr'><strong>liberari</strong></span> <span class='ocrx_word' id='word_1_113' title='bbox 490 1654 606 1734; x_wconf 89' lang='lat' dir='ltr'><strong>patior,</strong></span> <span class='ocrx_word' id='word_1_114' title='bbox 631 1653 719 1734; x_wconf 91' lang='lat' dir='ltr'><strong>quod</strong></span> <span class='ocrx_word' id='word_1_115' title='bbox 741 1672 806 1716; x_wconf 91' lang='lat' dir='ltr'><strong>non</strong></span> <span class='ocrx_word' id='word_1_116' title='bbox 830 1671 870 1715; x_wconf 88' lang='lat' dir='ltr'><strong>ex</strong></span> <span class='ocrx_word' id='word_1_117' title='bbox 894 1650 1087 1732; x_wconf 91' lang='lat' dir='ltr'><strong>compendio</strong></span> <span class='ocrx_word' id='word_1_118' title='bbox 1111 1653 1221 1714; x_wconf 86' lang='lat' dir='ltr'><strong>ortum</strong></span> <span class='ocrx_word' id='word_1_119' title='bbox 1243 1657 1303 1729; x_wconf 90' lang='lat' dir='ltr'><strong>est,</strong></span> 
     </span>
     <span class='ocr_line' id='line_1_14' title="bbox 137 1755 1303 1841; baseline 0.001 -21"><span class='ocrx_word' id='word_1_120' title='bbox 137 1755 180 1819; x_wconf 81' lang='lat' dir='ltr'><strong>sed</strong></span> <span class='ocrx_word' id='word_1_121' title='bbox 196 1758 409 1839; x_wconf 89' lang='lat' dir='ltr'><strong>oppositionis,</strong></span> <span class='ocrx_word' id='word_1_122' title='bbox 445 1778 544 1841; x_wconf 89' lang='lat' dir='ltr'><strong>quarn</strong></span> <span class='ocrx_word' id='word_1_123' title='bbox 573 1763 701 1835; x_wconf 86' lang='lat' dir='ltr'><strong>vocant,</strong></span> <span class='ocrx_word' id='word_1_124' title='bbox 736 1759 841 1840; x_wconf 76' lang='lat' dir='ltr'><strong>gratia</strong></span> <span class='ocrx_word' id='word_1_125' title='bbox 864 1757 1024 1822; x_wconf 89' lang='lat' dir='ltr'><strong>additum.</strong></span> <span class='ocrx_word' id='word_1_126' title='bbox 1071 1756 1136 1821; x_wconf 90' lang='lat' dir='ltr'><strong>Sed</strong></span> <span class='ocrx_word' id='word_1_127' title='bbox 1159 1756 1303 1821; x_wconf 88' lang='lat' dir='ltr'><strong>tollenda</strong></span> 
     </span>
     <span class='ocr_line' id='line_1_15' title="bbox 138 1863 1359 1948; baseline 0.001 -22"><span class='ocrx_word' id='word_1_128' title='bbox 138 1867 174 1926; x_wconf 78' lang='lat' dir='ltr'><strong>at</strong></span> <span class='ocrx_word' id='word_1_129' title='bbox 195 1865 352 1946; x_wconf 87' lang='lat' dir='ltr'><strong>particula,</strong></span> <span class='ocrx_word' id='word_1_130' title='bbox 389 1866 538 1947; x_wconf 88' lang='lat' dir='ltr'><strong>quamvis</strong></span> <span class='ocrx_word' id='word_1_131' title='bbox 565 1867 690 1948; x_wconf 82' lang='lat' dir='ltr'><strong>antiqui</strong></span> <span class='ocrx_word' id='word_1_132' title='bbox 718 1866 807 1930; x_wconf 87' lang='lat' dir='ltr'><strong>illarn</strong></span> <span class='ocrx_word' id='word_1_133' title='bbox 837 1865 963 1930; x_wconf 91' lang='lat' dir='ltr'><strong>codices</strong></span> <span class='ocrx_word' id='word_1_134' title='bbox 992 1863 1147 1940; x_wconf 81' lang='lat' dir='ltr'><strong>habeant,</strong></span> <span class='ocrx_word' id='word_1_135' title='bbox 1183 1866 1219 1928; x_wconf 92' lang='lat' dir='ltr'><strong>ut</strong></span> <span class='ocrx_word' id='word_1_136' title='bbox 1246 1865 1302 1928; x_wconf 88' lang='lat' dir='ltr'><strong>sit:</strong></span> <span class='ocrx_word' id='word_1_137' title='bbox 1319 1874 1359 1915; x_wconf 72' lang='lat'><strong>1⁸⁹</strong></span> 
     </span>
     <span class='ocr_line' id='line_1_16' title="bbox 139 1972 1303 2057; baseline 0.002 -25"><span class='ocrx_word' id='word_1_138' title='bbox 139 1983 232 2034; x_wconf 71' lang='lat' dir='ltr'><strong>aaron·</strong></span> <span class='ocrx_word' id='word_1_139' title='bbox 245 1973 337 2056; x_wconf 80' lang='lat' dir='ltr'><strong>ipooa,</strong></span> <span class='ocrx_word' id='word_1_140' title='bbox 368 1972 501 2057; x_wconf 81' lang='lat' dir='ltr'><strong>placore</strong></span> <span class='ocrx_word' id='word_1_141' title='bbox 523 1973 572 2035; x_wconf 80' lang='lat' dir='ltr'><strong>rei</strong></span> <span class='ocrx_word' id='word_1_142' title='bbox 587 1972 734 2057; x_wconf 80' lang='lat' dir='ltr'><strong>poblicoe.</strong></span> <span class='ocrx_word' id='word_1_143' title='bbox 781 1973 884 2036; x_wconf 90' lang='lat' dir='ltr'><strong>Nemo</strong></span> <span class='ocrx_word' id='word_1_144' title='bbox 913 1972 1051 2053; x_wconf 77' lang='lat' dir='ltr'><strong>ignorat,</strong></span> <span class='ocrx_word' id='word_1_145' title='bbox 1087 1989 1185 2052; x_wconf 89' lang='lat' dir='ltr'><strong>quam</strong></span> <span class='ocrx_word' id='word_1_146' title='bbox 1214 1990 1303 2053; x_wconf 83' lang='lat' dir='ltr'><strong>saepe</strong></span> 
     </span>
     <span class='ocr_line' id='line_1_17' title="bbox 139 2076 1303 2161; baseline 0.001 -20"><span class='ocrx_word' id='word_1_147' title='bbox 139 2077 191 2141; x_wconf 80' lang='lat' dir='ltr'><strong>bec</strong></span> <span class='ocrx_word' id='word_1_148' title='bbox 213 2079 430 2144; x_wconf 88' lang='lat' dir='ltr'><strong>membrorum</strong></span> <span class='ocrx_word' id='word_1_149' title='bbox 461 2079 662 2161; x_wconf 79' lang='lat' dir='ltr'><strong>compositio,</strong></span> <span class='ocrx_word' id='word_1_150' title='bbox 698 2098 771 2161; x_wconf 88' lang='lat' dir='ltr'><strong>quae</strong></span> <span class='ocrx_word' id='word_1_151' title='bbox 803 2099 843 2142; x_wconf 84' lang='lat' dir='ltr'><strong>ex</strong></span> <span class='ocrx_word' id='word_1_152' title='bbox 876 2078 984 2160; x_wconf 87' lang='lat' dir='ltr'><strong>aliqua</strong></span> <span class='ocrx_word' id='word_1_153' title='bbox 1016 2080 1109 2159; x_wconf 88' lang='lat' dir='ltr'><strong>parte</strong></span> <span class='ocrx_word' id='word_1_154' title='bbox 1140 2076 1303 2142; x_wconf 82' lang='lat' dir='ltr'><strong>contraria</strong></span> 
     </span>
     <span class='ocr_line' id='line_1_18' title="bbox 141 2180 925 2266; baseline 0.003 -18"><span class='ocrx_word' id='word_1_155' title='bbox 141 2183 193 2260; x_wconf 83' lang='lat' dir='ltr'><strong>sint,</strong></span> <span class='ocrx_word' id='word_1_156' title='bbox 211 2185 337 2250; x_wconf 85' lang='lat' dir='ltr'><strong>turbata</strong></span> <span class='ocrx_word' id='word_1_157' title='bbox 360 2185 412 2250; x_wconf 89' lang='lat' dir='ltr'><strong>sit.</strong></span> <span class='ocrx_word' id='word_1_158' title='bbox 422 2180 448 2266; x_wconf 84' lang='lat'><strong>¹)</strong></span> <span class='ocrx_word' id='word_1_159' title='bbox 923 2226 925 2231; x_wconf 93' lang='lat'>-</span> 
     </span>
    </p>

    <p class='ocr_par' dir='ltr' id='par_1_3' title="bbox 89 2291 1381 3761">
     <span class='ocr_line' id='line_1_19' title="bbox 203 2291 1304 2375; baseline -0.002 -19"><span class='ocrx_word' id='word_1_160' title='bbox 203 2291 347 2359; x_wconf 83' lang='lat' dir='ltr'><strong>lnCatil.</strong></span> <span class='ocrx_word' id='word_1_161' title='bbox 371 2292 413 2356; x_wconf 86' lang='grc' dir='ltr'><strong>ΠΙ</strong></span> <span class='ocrx_word' id='word_1_162' title='bbox 437 2312 464 2356; x_wconf 88' lang='lat' dir='ltr'><strong>c.</strong></span> <span class='ocrx_word' id='word_1_163' title='bbox 487 2292 519 2368; x_wconf 83' lang='lat'><strong>5,</strong></span> <span class='ocrx_word' id='word_1_164' title='bbox 546 2292 596 2368; x_wconf 92' lang='lat'><strong>10,</strong></span> <span class='ocrx_word' id='word_1_165' title='bbox 620 2291 677 2356; x_wconf 92' lang='lat' dir='ltr'><strong>ubi</strong></span> <span class='ocrx_word' id='word_1_166' title='bbox 701 2295 785 2355; x_wconf 91' lang='lat' dir='ltr'><strong>erat:</strong></span> <span class='ocrx_word' id='word_1_167' title='bbox 826 2291 908 2355; x_wconf 80' lang='lat' dir='ltr'><strong>Tum</strong></span> <span class='ocrx_word' id='word_1_168' title='bbox 933 2291 1092 2375; x_wconf 78' lang='lat' dir='ltr'><strong>Cetbepua,</strong></span> <span class='ocrx_word' id='word_1_169' title='bbox 1124 2291 1178 2375; x_wconf 77' lang='lat' dir='ltr'><strong>pai</strong></span> <span class='ocrx_word' id='word_1_170' title='bbox 1202 2293 1304 2375; x_wconf 83' lang='lat' dir='ltr'><strong>poulo</strong></span> 
     </span>
     <span class='ocr_line' id='line_1_20' title="bbox 143 2397 1304 2485; baseline 0.001 -26"><span class='ocrx_word' id='word_1_171' title='bbox 143 2404 193 2459; x_wconf 77' lang='lat' dir='ltr'><strong>onte</strong></span> <span class='ocrx_word' id='word_1_172' title='bbox 209 2399 325 2485; x_wconf 71' lang='lat' dir='ltr'><strong>alipoid</strong></span> <span class='ocrx_word' id='word_1_173' title='bbox 348 2405 454 2463; x_wconf 78' lang='lat' dir='ltr'><strong>tamen</strong></span> <span class='ocrx_word' id='word_1_174' title='bbox 476 2398 515 2462; x_wconf 81' lang='lat' dir='ltr'><strong>de</strong></span> <span class='ocrx_word' id='word_1_175' title='bbox 536 2399 657 2483; x_wconf 71' lang='lat' dir='ltr'><strong>pladite</strong></span> <span class='ocrx_word' id='word_1_176' title='bbox 680 2419 717 2461; x_wconf 85' lang='lat' dir='ltr'><strong>ac</strong></span> <span class='ocrx_word' id='word_1_177' title='bbox 747 2399 830 2479; x_wconf 77' lang='lat' dir='ltr'><strong>sicia,</strong></span> <span class='ocrx_word' id='word_1_178' title='bbox 865 2419 934 2483; x_wconf 81' lang='lat' dir='ltr'><strong>quae</strong></span> <span class='ocrx_word' id='word_1_179' title='bbox 964 2397 1051 2480; x_wconf 77' lang='lat' dir='ltr'><strong>apud</strong></span> <span class='ocrx_word' id='word_1_180' title='bbox 1079 2399 1184 2481; x_wconf 73' lang='lat' dir='ltr'><strong>aprum</strong></span> <span class='ocrx_word' id='word_1_181' title='bbox 1212 2405 1304 2461; x_wconf 80' lang='lat' dir='ltr'><strong>erant</strong></span> 
     </span>
     <span class='ocr_line' id='line_1_21' title="bbox 141 2499 1381 2589; baseline -0.002 -20"><span class='ocrx_word' id='word_1_182' title='bbox 141 2499 306 2587; x_wconf 61' lang='lat' dir='ltr'><strong>dorcinca,</strong></span> <span class='ocrx_word' id='word_1_183' title='bbox 344 2505 562 2589; x_wconf 68' lang='lat' dir='ltr'><strong>respondisset,</strong></span> <span class='ocrx_word' id='word_1_184' title='bbox 597 2525 709 2570; x_wconf 89' lang='lat' dir='ltr'><strong>verum</strong></span> <span class='ocrx_word' id='word_1_185' title='bbox 746 2525 827 2581; x_wconf 87' lang='lat' dir='ltr'><strong>esse,</strong></span> <span class='ocrx_word' id='word_1_186' title='bbox 863 2504 951 2586; x_wconf 88' lang='lat' dir='ltr'><strong>quod</strong></span> <span class='ocrx_word' id='word_1_187' title='bbox 986 2506 1019 2568; x_wconf 93' lang='lat' dir='ltr'><strong>in</strong></span> <span class='ocrx_word' id='word_1_188' title='bbox 1052 2505 1180 2568; x_wconf 87' lang='lat' dir='ltr'><strong>duobus</strong></span> <span class='ocrx_word' id='word_1_189' title='bbox 1207 2502 1302 2568; x_wconf 84' lang='lat' dir='ltr'><strong>codd.</strong></span> <span class='ocrx_word' id='word_1_190' title='bbox 1375 2518 1381 2533; x_wconf 92' lang='lat'><strong>·</strong></span> 
     </span>
     <span class='ocr_line' id='line_1_22' title="bbox 142 2605 1303 2695; baseline 0 -22"><span class='ocrx_word' id='word_1_191' title='bbox 142 2605 197 2672; x_wconf 84' lang='lat' dir='ltr'><strong>Orr.</strong></span> <span class='ocrx_word' id='word_1_192' title='bbox 216 2616 290 2690; x_wconf 85' lang='lat' dir='ltr'><strong>erat,</strong></span> <span class='ocrx_word' id='word_1_193' title='bbox 315 2611 404 2695; x_wconf 72' lang='lat' dir='ltr'><strong>apred</strong></span> <span class='ocrx_word' id='word_1_194' title='bbox 426 2632 467 2690; x_wconf 79' lang='lat' dir='ltr'><strong>ae,</strong></span> <span class='ocrx_word' id='word_1_195' title='bbox 493 2613 690 2694; x_wconf 90' lang='lat' dir='ltr'><strong>reliquorum</strong></span> <span class='ocrx_word' id='word_1_196' title='bbox 710 2611 906 2677; x_wconf 86' lang='lat' dir='ltr'><strong>ostendebat</strong></span> <span class='ocrx_word' id='word_1_197' title='bbox 925 2612 1101 2687; x_wconf 91' lang='lat' dir='ltr'><strong>dissensus,</strong></span> <span class='ocrx_word' id='word_1_198' title='bbox 1126 2630 1227 2692; x_wconf 89' lang='lat' dir='ltr'><strong>quum</strong></span> <span class='ocrx_word' id='word_1_199' title='bbox 1250 2629 1303 2673; x_wconf 88' lang='lat' dir='ltr'><strong>re·</strong></span> 
     </span>
     <span class='ocr_line' id='line_1_23' title="bbox 141 2711 1304 2801; baseline 0.003 -25"><span class='ocrx_word' id='word_1_200' title='bbox 141 2711 256 2782; x_wconf 75' lang='lat' dir='ltr'><strong>lenum</strong></span> <span class='ocrx_word' id='word_1_201' title='bbox 281 2719 473 2783; x_wconf 86' lang='lat' dir='ltr'><strong>insolentius</strong></span> <span class='ocrx_word' id='word_1_202' title='bbox 496 2719 638 2800; x_wconf 90' lang='lat' dir='ltr'><strong>positum</strong></span> <span class='ocrx_word' id='word_1_203' title='bbox 663 2721 751 2789; x_wconf 88' lang='lat' dir='ltr'><strong>varie</strong></span> <span class='ocrx_word' id='word_1_204' title='bbox 779 2721 1008 2801; x_wconf 78' lang='lat' dir='ltr'><strong>corrigeretur3</strong></span> <span class='ocrx_word' id='word_1_205' title='bbox 1032 2738 1109 2782; x_wconf 88' lang='lat' dir='ltr'><strong>narn</strong></span> <span class='ocrx_word' id='word_1_206' title='bbox 1140 2721 1172 2782; x_wconf 88' lang='lat' dir='ltr'><strong>et</strong></span> <span class='ocrx_word' id='word_1_207' title='bbox 1200 2719 1304 2800; x_wconf 79' lang='lat' dir='ltr'><strong>ipsum</strong></span> 
     </span>
     <span class='ocr_line' id='line_1_24' title="bbox 141 2820 1301 2908; baseline 0.004 -26"><span class='ocrx_word' id='word_1_208' title='bbox 141 2824 162 2882; x_wconf 87' lang='lat' dir='ltr'><strong>el</strong></span> <span class='ocrx_word' id='word_1_209' title='bbox 177 2823 250 2888; x_wconf 81' lang='lat' dir='ltr'><strong>ittam</strong></span> <span class='ocrx_word' id='word_1_210' title='bbox 272 2829 304 2889; x_wconf 91' lang='lat' dir='ltr'><strong>et</strong></span> <span class='ocrx_word' id='word_1_211' title='bbox 328 2846 398 2888; x_wconf 82' lang='lat' dir='ltr'><strong>eum</strong></span> <span class='ocrx_word' id='word_1_212' title='bbox 423 2820 582 2908; x_wconf 77' lang='lat' dir='ltr'><strong>legitur.²)</strong></span> <span class='ocrx_word' id='word_1_213' title='bbox 616 2826 690 2890; x_wconf 93' lang='lat' dir='ltr'><strong>Non</strong></span> <span class='ocrx_word' id='word_1_214' title='bbox 712 2826 857 2891; x_wconf 87' lang='lat' dir='ltr'><strong>debebat</strong></span> <span class='ocrx_word' id='word_1_215' title='bbox 880 2827 932 2890; x_wconf 90' lang='lat' dir='ltr'><strong>hic</strong></span> <span class='ocrx_word' id='word_1_216' title='bbox 955 2826 1034 2889; x_wconf 90' lang='lat' dir='ltr'><strong>illud</strong></span> <span class='ocrx_word' id='word_1_217' title='bbox 1058 2826 1168 2907; x_wconf 89' lang='lat' dir='ltr'><strong>sperni</strong></span> <span class='ocrx_word' id='word_1_218' title='bbox 1191 2824 1301 2903; x_wconf 87' lang='lat' dir='ltr'><strong>abiis,</strong></span> 
     </span>
     <span class='ocr_line' id='line_1_25' title="bbox 89 2928 1303 3018; baseline -0.005 -19"><span class='ocrx_word' id='word_1_219' title='bbox 89 2958 92 2999; x_wconf 91' lang='grc'>;</span> <span class='ocrx_word' id='word_1_220' title='bbox 140 2928 243 3012; x_wconf 75' lang='lat' dir='ltr'><strong>luipro</strong></span> <span class='ocrx_word' id='word_1_221' title='bbox 264 2932 340 2996; x_wconf 83' lang='lat' dir='ltr'><strong>Sex.</strong></span> <span class='ocrx_word' id='word_1_222' title='bbox 363 2933 484 2997; x_wconf 87' lang='lat' dir='ltr'><strong>Roscio</strong></span> <span class='ocrx_word' id='word_1_223' title='bbox 508 2934 538 3011; x_wconf 75' lang='lat'><strong>2,</strong></span> <span class='ocrx_word' id='word_1_224' title='bbox 568 2932 796 2997; x_wconf 75' lang='lat' dir='ltr'><strong>ceciderant:</strong></span> <span class='ocrx_word' id='word_1_225' title='bbox 832 2934 886 3018; x_wconf 78' lang='lat' dir='ltr'><strong>qui</strong></span> <span class='ocrx_word' id='word_1_226' title='bbox 914 2955 946 2997; x_wconf 82' lang='lat' dir='ltr'><strong>ae</strong></span> <span class='ocrx_word' id='word_1_227' title='bbox 978 2933 1045 2996; x_wconf 82' lang='lat' dir='ltr'><strong>dica</strong></span> <span class='ocrx_word' id='word_1_228' title='bbox 1067 2939 1227 3017; x_wconf 68' lang='lat' dir='ltr'><strong>nonaeque</strong></span> <span class='ocrx_word' id='word_1_229' title='bbox 1249 2933 1303 2994; x_wconf 80' lang='lat' dir='ltr'><strong>oti·</strong></span> 
     </span>
     <span class='ocr_line' id='line_1_26' title="bbox 89 3037 1304 3122; baseline 0.002 -22"><span class='ocrx_word' id='word_1_230' title='bbox 89 3062 91 3069; x_wconf 95' lang='lat'>·</span> <span class='ocrx_word' id='word_1_231' title='bbox 140 3037 217 3101; x_wconf 68' lang='lat' dir='ltr'><strong>aaa</strong></span> <span class='ocrx_word' id='word_1_232' title='bbox 259 3039 349 3104; x_wconf 84' lang='lat' dir='ltr'><strong>Alios</strong></span> <span class='ocrx_word' id='word_1_233' title='bbox 373 3040 470 3116; x_wconf 86' lang='lat' dir='ltr'><strong>locos,</strong></span> <span class='ocrx_word' id='word_1_234' title='bbox 507 3040 539 3102; x_wconf 94' lang='lat' dir='ltr'><strong>in</strong></span> <span class='ocrx_word' id='word_1_235' title='bbox 569 3040 686 3120; x_wconf 91' lang='lat' dir='ltr'><strong>quibus</strong></span> <span class='ocrx_word' id='word_1_236' title='bbox 714 3060 895 3122; x_wconf 89' lang='lat' dir='ltr'><strong>pronomen</strong></span> <span class='ocrx_word' id='word_1_237' title='bbox 918 3040 1109 3104; x_wconf 78' lang='lat' dir='ltr'><strong>reflexivurn</strong></span> <span class='ocrx_word' id='word_1_238' title='bbox 1133 3039 1166 3102; x_wconf 91' lang='lat' dir='ltr'><strong>in</strong></span> <span class='ocrx_word' id='word_1_239' title='bbox 1189 3038 1304 3103; x_wconf 90' lang='lat' dir='ltr'><strong>huius-</strong></span> 
     </span>
     <span class='ocr_line' id='line_1_27' title="bbox 89 3143 1300 3228; baseline 0.003 -24"><span class='ocrx_word' id='word_1_240' title='bbox 89 3180 94 3195; x_wconf 82' lang='lat'>·</span> <span class='ocrx_word' id='word_1_241' title='bbox 138 3143 200 3207; x_wconf 91' lang='lat' dir='ltr'><strong>nodi</strong></span> <span class='ocrx_word' id='word_1_242' title='bbox 218 3147 384 3210; x_wconf 87' lang='lat' dir='ltr'><strong>sententiis</strong></span> <span class='ocrx_word' id='word_1_243' title='bbox 402 3146 584 3211; x_wconf 85' lang='lat' dir='ltr'><strong>indicativis</strong></span> <span class='ocrx_word' id='word_1_244' title='bbox 602 3148 737 3210; x_wconf 86' lang='lat' dir='ltr'><strong>annexis</strong></span> <span class='ocrx_word' id='word_1_245' title='bbox 753 3149 885 3228; x_wconf 89' lang='lat' dir='ltr'><strong>ponitur</strong></span> <span class='ocrx_word' id='word_1_246' title='bbox 903 3147 1042 3211; x_wconf 85' lang='lat' dir='ltr'><strong>relatura</strong></span> <span class='ocrx_word' id='word_1_247' title='bbox 1058 3147 1102 3210; x_wconf 88' lang='lat' dir='ltr'><strong>ad</strong></span> <span class='ocrx_word' id='word_1_248' title='bbox 1119 3145 1300 3210; x_wconf 88' lang='lat' dir='ltr'><strong>subiectum</strong></span> 
     </span>
     <span class='ocr_line' id='line_1_28' title="bbox 138 3248 1304 3336; baseline -0.001 -20"><span class='ocrx_word' id='word_1_249' title='bbox 138 3248 267 3327; x_wconf 74' lang='lat' dir='ltr'><strong>pinanae</strong></span> <span class='ocrx_word' id='word_1_250' title='bbox 300 3253 472 3317; x_wconf 88' lang='lat' dir='ltr'><strong>sententiae</strong></span> <span class='ocrx_word' id='word_1_251' title='bbox 506 3253 549 3317; x_wconf 93' lang='lat' dir='ltr'><strong>ob</strong></span> <span class='ocrx_word' id='word_1_252' title='bbox 584 3253 806 3318; x_wconf 86' lang='lat' dir='ltr'><strong>contusionem</strong></span> <span class='ocrx_word' id='word_1_253' title='bbox 842 3255 1008 3336; x_wconf 89' lang='lat' dir='ltr'><strong>quandam</strong></span> <span class='ocrx_word' id='word_1_254' title='bbox 1039 3253 1209 3317; x_wconf 83' lang='lat' dir='ltr'><strong>sententiae</strong></span> <span class='ocrx_word' id='word_1_255' title='bbox 1240 3253 1304 3315; x_wconf 90' lang='lat' dir='ltr'><strong>irn-</strong></span> 
     </span>
     <span class='ocr_line' id='line_1_29' title="bbox 89 3353 1303 3443; baseline 0 -20"><span class='ocrx_word' id='word_1_256' title='bbox 89 3418 91 3423; x_wconf 90' lang='lat'><em>.</em></span> <span class='ocrx_word' id='word_1_257' title='bbox 136 3353 234 3434; x_wconf 76' lang='lat' dir='ltr'><strong>plere</strong></span> <span class='ocrx_word' id='word_1_258' title='bbox 256 3378 293 3423; x_wconf 89' lang='lat' dir='ltr'><strong>ac</strong></span> <span class='ocrx_word' id='word_1_259' title='bbox 316 3359 489 3441; x_wconf 91' lang='lat' dir='ltr'><strong>pendentis</strong></span> <span class='ocrx_word' id='word_1_260' title='bbox 519 3363 551 3422; x_wconf 87' lang='lat' dir='ltr'><strong>et</strong></span> <span class='ocrx_word' id='word_1_261' title='bbox 579 3379 715 3424; x_wconf 78' lang='lat' dir='ltr'><strong>annexae</strong></span> <span class='ocrx_word' id='word_1_262' title='bbox 745 3380 782 3424; x_wconf 89' lang='lat' dir='ltr'><strong>ac</strong></span> <span class='ocrx_word' id='word_1_263' title='bbox 812 3360 986 3437; x_wconf 86' lang='lat' dir='ltr'><strong>narrantis,</strong></span> <span class='ocrx_word' id='word_1_264' title='bbox 1022 3360 1151 3443; x_wconf 77' lang='lat' dir='ltr'><strong>collegit</strong></span> <span class='ocrx_word' id='word_1_265' title='bbox 1181 3359 1303 3423; x_wconf 86' lang='lat' dir='ltr'><strong>Rams·</strong></span> 
     </span>
     <span class='ocr_line' id='line_1_30' title="bbox 136 3459 1303 3556; baseline 0.002 -29"><span class='ocrx_word' id='word_1_266' title='bbox 136 3459 239 3529; x_wconf 74' lang='lat' dir='ltr'><strong>bornus</strong></span> <span class='ocrx_word' id='word_1_267' title='bbox 263 3463 281 3545; x_wconf 64' lang='grc' dir='ltr'><strong>ἕ</strong></span> <span class='ocrx_word' id='word_1_268' title='bbox 306 3465 367 3530; x_wconf 84' lang='grc'><strong>157</strong></span> <span class='ocrx_word' id='word_1_269' title='bbox 392 3469 459 3530; x_wconf 92' lang='lat' dir='ltr'><strong>not.</strong></span> <span class='ocrx_word' id='word_1_270' title='bbox 487 3467 502 3529; x_wconf 97' lang='grc'><strong>1</strong></span> <span class='ocrx_word' id='word_1_271' title='bbox 528 3465 550 3529; x_wconf 99' lang='lat' dir='ltr'><strong>b</strong></span> <span class='ocrx_word' id='word_1_272' title='bbox 574 3469 607 3530; x_wconf 89' lang='lat' dir='ltr'><strong>et</strong></span> <span class='ocrx_word' id='word_1_273' title='bbox 630 3485 657 3544; x_wconf 89' lang='lat' dir='ltr'><strong>c,</strong></span> <span class='ocrx_word' id='word_1_274' title='bbox 688 3466 807 3548; x_wconf 87' lang='lat' dir='ltr'><strong>quibus</strong></span> <span class='ocrx_word' id='word_1_275' title='bbox 835 3466 922 3532; x_wconf 89' lang='lat' dir='ltr'><strong>addo</strong></span> <span class='ocrx_word' id='word_1_276' title='bbox 946 3467 1011 3531; x_wconf 88' lang='lat' dir='ltr'><strong>Cic.</strong></span> <span class='ocrx_word' id='word_1_277' title='bbox 1036 3487 1096 3549; x_wconf 90' lang='lat' dir='ltr'><strong>pro</strong></span> <span class='ocrx_word' id='word_1_278' title='bbox 1120 3467 1250 3556; x_wconf 30' lang='lat' dir='ltr'><strong>eruent..</strong></span> <span class='ocrx_word' id='word_1_279' title='bbox 1271 3466 1303 3542; x_wconf 88' lang='lat'><strong>8,</strong></span> 
     </span>
     <span class='ocr_line' id='line_1_31' title="bbox 136 3565 1302 3659; baseline 0.003 -29"><span class='ocrx_word' id='word_1_280' title='bbox 136 3565 179 3631; x_wconf 77' lang='lat' dir='ltr'><strong>lo:</strong></span> <span class='ocrx_word' id='word_1_281' title='bbox 206 3571 260 3635; x_wconf 76' lang='lat' dir='ltr'><strong>cibi</strong></span> <span class='ocrx_word' id='word_1_282' title='bbox 283 3593 346 3636; x_wconf 80' lang='lat' dir='ltr'><strong>ease</strong></span> <span class='ocrx_word' id='word_1_283' title='bbox 369 3573 570 3655; x_wconf 79' lang='lat' dir='ltr'><strong>imperatum,</strong></span> <span class='ocrx_word' id='word_1_284' title='bbox 599 3580 633 3635; x_wconf 83' lang='lat' dir='ltr'><strong>ut</strong></span> <span class='ocrx_word' id='word_1_285' title='bbox 656 3573 795 3636; x_wconf 79' lang='lat' dir='ltr'><strong>Aurium</strong></span> <span class='ocrx_word' id='word_1_286' title='bbox 818 3574 919 3655; x_wconf 80' lang='lat' dir='ltr'><strong>illum,</strong></span> <span class='ocrx_word' id='word_1_287' title='bbox 949 3575 1003 3659; x_wconf 82' lang='lat' dir='ltr'><strong>qui</strong></span> <span class='ocrx_word' id='word_1_288' title='bbox 1031 3573 1092 3637; x_wconf 73' lang='lat' dir='ltr'><strong>albi</strong></span> <span class='ocrx_word' id='word_1_289' title='bbox 1115 3573 1302 3637; x_wconf 78' lang='lat' dir='ltr'><strong>delationem</strong></span> 
     </span>
     <span class='ocr_line' id='line_1_32' title="bbox 138 3676 922 3761; baseline 0.009 -25"><span class='ocrx_word' id='word_1_290' title='bbox 138 3677 243 3741; x_wconf 74' lang='lat' dir='ltr'><strong>minio</strong></span> <span class='ocrx_word' id='word_1_291' title='bbox 263 3685 444 3759; x_wconf 77' lang='lat' dir='ltr'><strong>ostentarat,</strong></span> <span class='ocrx_word' id='word_1_292' title='bbox 463 3677 724 3761; x_wconf 66' lang='lat' dir='ltr'><strong>proambendunr</strong></span> <span class='ocrx_word' id='word_1_293' title='bbox 747 3676 922 3761; x_wconf 49' lang='lat' dir='ltr'><strong>mrumst)</strong></span> 
     </span>
    </p>

    <p class='ocr_par' dir='ltr' id='par_1_4' title="bbox 203 3783 1301 3871">
     <span class='ocr_line' id='line_1_33' title="bbox 203 3783 1301 3871; baseline 0.001 -24"><span class='ocrx_word' id='word_1_294' title='bbox 203 3783 234 3847; x_wconf 94' lang='lat' dir='ltr'><strong>ln</strong></span> <span class='ocrx_word' id='word_1_295' title='bbox 260 3786 403 3850; x_wconf 90' lang='lat' dir='ltr'><strong>eiusdem</strong></span> <span class='ocrx_word' id='word_1_296' title='bbox 431 3789 513 3850; x_wconf 88' lang='lat' dir='ltr'><strong>orat.</strong></span> <span class='ocrx_word' id='word_1_297' title='bbox 543 3805 570 3849; x_wconf 93' lang='lat' dir='ltr'><strong>c.</strong></span> <span class='ocrx_word' id='word_1_298' title='bbox 596 3787 631 3862; x_wconf 92' lang='grc'><strong>7,</strong></span> <span class='ocrx_word' id='word_1_299' title='bbox 664 3788 702 3850; x_wconf 92' lang='grc'><strong>17</strong></span> <span class='ocrx_word' id='word_1_300' title='bbox 733 3787 908 3852; x_wconf 89' lang='lat' dir='ltr'><strong>edebatur:</strong></span> <span class='ocrx_word' id='word_1_301' title='bbox 943 3808 1040 3871; x_wconf 77' lang='lat' dir='ltr'><strong>oeque</strong></span> <span class='ocrx_word' id='word_1_302' title='bbox 1068 3808 1124 3850; x_wconf 82' lang='lat' dir='ltr'><strong>nos</strong></span> <span class='ocrx_word' id='word_1_303' title='bbox 1151 3807 1301 3871; x_wconf 71' lang='lat' dir='ltr'><strong>tanquam,</strong></span> 
     </span>
    </p>
   </div>
   <div class='ocr_carea' id='block_1_3' title="bbox 138 3883 1301 3977">
    <p class='ocr_par' dir='ltr' id='par_1_5' title="bbox 138 3883 1301 3977">
     <span class='ocr_line' id='line_1_34' title="bbox 138 3883 1301 3977; baseline 0.005 -28"><span class='ocrx_word' id='word_1_304' title='bbox 138 3883 194 3949; x_wconf 74' lang='lat' dir='ltr'><strong>dem</strong></span> <span class='ocrx_word' id='word_1_305' title='bbox 214 3891 259 3953; x_wconf 78' lang='lat' dir='ltr'><strong>illc</strong></span> <span class='ocrx_word' id='word_1_306' title='bbox 280 3894 312 3955; x_wconf 80' lang='lat' dir='ltr'><strong>in</strong></span> <span class='ocrx_word' id='word_1_307' title='bbox 328 3892 404 3955; x_wconf 82' lang='lat' dir='ltr'><strong>urbe</strong></span> <span class='ocrx_word' id='word_1_308' title='bbox 419 3892 515 3956; x_wconf 79' lang='lat' dir='ltr'><strong>boetis</strong></span> <span class='ocrx_word' id='word_1_309' title='bbox 529 3893 652 3974; x_wconf 74' lang='lat' dir='ltr'><strong>fuisset,</strong></span> <span class='ocrx_word' id='word_1_310' title='bbox 676 3895 773 3957; x_wconf 76' lang='lat' dir='ltr'><strong>toralia</strong></span> <span class='ocrx_word' id='word_1_311' title='bbox 784 3895 938 3977; x_wconf 79' lang='lat' dir='ltr'><strong>periculis</strong></span> <span class='ocrx_word' id='word_1_312' title='bbox 957 3894 1194 3977; x_wconf 80' lang='lat' dir='ltr'><strong>rempublicam</strong></span> <span class='ocrx_word' id='word_1_313' title='bbox 1212 3900 1301 3956; x_wconf 83' lang='lat' dir='ltr'><strong>tanto</strong></span> 
     </span>
    </p>
   </div>
   <div class='ocr_carea' id='block_1_4' title="bbox 160 4181 1305 4621">
    <p class='ocr_par' dir='ltr' id='par_1_6' title="bbox 160 4181 1204 4265">
     <span class='ocr_line' id='line_1_35' title="bbox 160 4181 1204 4265; baseline -0.002 -16"><span class='ocrx_word' id='word_1_314' title='bbox 160 4181 177 4249; x_wconf 89' lang='lat' dir='ltr'><strong>¹l</strong></span> <span class='ocrx_word' id='word_1_315' title='bbox 191 4185 234 4253; x_wconf 81' lang='lat' dir='ltr'><strong>[De</strong></span> <span class='ocrx_word' id='word_1_316' title='bbox 249 4193 302 4246; x_wconf 86' lang='lat' dir='ltr'><strong>cod.</strong></span> <span class='ocrx_word' id='word_1_317' title='bbox 320 4193 385 4264; x_wconf 72' lang='lat' dir='ltr'><strong>Teg.</strong></span> <span class='ocrx_word' id='word_1_318' title='bbox 405 4196 505 4248; x_wconf 89' lang='lat' dir='ltr'><strong>erravit</strong></span> <span class='ocrx_word' id='word_1_319' title='bbox 524 4196 726 4258; x_wconf 87' lang='lat' dir='ltr'><strong>Steinmetzius;</strong></span> <span class='ocrx_word' id='word_1_320' title='bbox 746 4196 920 4250; x_wconf 87' lang='lat' dir='ltr'><strong>retinendum</strong></span> <span class='ocrx_word' id='word_1_321' title='bbox 939 4196 1020 4265; x_wconf 78' lang='lat' dir='ltr'><strong>igitur</strong></span> <span class='ocrx_word' id='word_1_322' title='bbox 1039 4197 1094 4249; x_wconf 80' lang='lat' dir='ltr'><strong>aidi</strong></span> <span class='ocrx_word' id='word_1_323' title='bbox 1112 4192 1204 4262; x_wconf 69' lang='lat' dir='ltr'><strong>opaea]</strong></span> 
     </span>
    </p>

    <p class='ocr_par' dir='ltr' id='par_1_7' title="bbox 161 4269 1303 4442">
     <span class='ocr_line' id='line_1_36' title="bbox 161 4269 1303 4353; baseline 0.002 -17"><span class='ocrx_word' id='word_1_324' title='bbox 161 4269 178 4336; x_wconf 75' lang='lat' dir='ltr'><strong>&#39;l</strong></span> <span class='ocrx_word' id='word_1_325' title='bbox 192 4276 305 4336; x_wconf 80' lang='lat' dir='ltr'><strong>Gruterus</strong></span> <span class='ocrx_word' id='word_1_326' title='bbox 324 4287 351 4337; x_wconf 85' lang='lat' dir='ltr'><strong>el</strong></span> <span class='ocrx_word' id='word_1_327' title='bbox 375 4283 566 4338; x_wconf 84' lang='lat' dir='ltr'><strong>Steinmelaius</strong></span> <span class='ocrx_word' id='word_1_328' title='bbox 588 4303 701 4339; x_wconf 89' lang='lat' dir='ltr'><strong>suorum</strong></span> <span class='ocrx_word' id='word_1_329' title='bbox 726 4286 851 4338; x_wconf 87' lang='lat' dir='ltr'><strong>codicum</strong></span> <span class='ocrx_word' id='word_1_330' title='bbox 875 4286 1022 4353; x_wconf 89' lang='lat' dir='ltr'><strong>scripturas</strong></span> <span class='ocrx_word' id='word_1_331' title='bbox 1047 4301 1101 4338; x_wconf 88' lang='lat' dir='ltr'><strong>non</strong></span> <span class='ocrx_word' id='word_1_332' title='bbox 1125 4289 1303 4338; x_wconf 83' lang='lat' dir='ltr'><strong>annotarunt.</strong></span> 
     </span>
     <span class='ocr_line' id='line_1_37' title="bbox 195 4362 789 4442; baseline 0.01 -22"><span class='ocrx_word' id='word_1_333' title='bbox 195 4362 311 4431; x_wconf 68' lang='lat' dir='ltr'><strong>[beliores</strong></span> <span class='ocrx_word' id='word_1_334' title='bbox 329 4373 438 4427; x_wconf 87' lang='lat' dir='ltr'><strong>codices</strong></span> <span class='ocrx_word' id='word_1_335' title='bbox 457 4379 568 4428; x_wconf 88' lang='lat' dir='ltr'><strong>tuentur</strong></span> <span class='ocrx_word' id='word_1_336' title='bbox 586 4377 661 4442; x_wconf 78' lang='lat' dir='ltr'><strong>apud</strong></span> <span class='ocrx_word' id='word_1_337' title='bbox 680 4373 789 4442; x_wconf 66' lang='lat' dir='ltr'><strong>ipsum]</strong></span> 
     </span>
    </p>

    <p class='ocr_par' dir='ltr' id='par_1_8' title="bbox 163 4446 1305 4621">
     <span class='ocr_line' id='line_1_38' title="bbox 163 4446 1305 4532; baseline -0.001 -16"><span class='ocrx_word' id='word_1_338' title='bbox 163 4446 179 4516; x_wconf 69' lang='lat' dir='ltr'><strong>&#39;l</strong></span> <span class='ocrx_word' id='word_1_339' title='bbox 193 4454 237 4510; x_wconf 66' lang='lat' dir='ltr'><strong>Cic</strong></span> <span class='ocrx_word' id='word_1_340' title='bbox 252 4459 282 4513; x_wconf 86' lang='lat' dir='ltr'><strong>de</strong></span> <span class='ocrx_word' id='word_1_341' title='bbox 298 4460 356 4516; x_wconf 80' lang='lat' dir='ltr'><strong>Fin.</strong></span> <span class='ocrx_word' id='word_1_342' title='bbox 376 4462 409 4526; x_wconf 90' lang='lat' dir='ltr'><strong>ss,</strong></span> <span class='ocrx_word' id='word_1_343' title='bbox 428 4462 471 4527; x_wconf 84' lang='lat'><strong>30,</strong></span> <span class='ocrx_word' id='word_1_344' title='bbox 490 4463 531 4529; x_wconf 84' lang='grc'><strong>97,</strong></span> <span class='ocrx_word' id='word_1_345' title='bbox 551 4471 709 4532; x_wconf 86' lang='lat' dir='ltr'><strong>corruptum</strong></span> <span class='ocrx_word' id='word_1_346' title='bbox 729 4465 829 4527; x_wconf 87' lang='lat' dir='ltr'><strong>locum,</strong></span> <span class='ocrx_word' id='word_1_347' title='bbox 848 4466 896 4517; x_wconf 88' lang='lat' dir='ltr'><strong>sed</strong></span> <span class='ocrx_word' id='word_1_348' title='bbox 916 4481 947 4517; x_wconf 84' lang='lat' dir='ltr'><strong>ex</strong></span> <span class='ocrx_word' id='word_1_349' title='bbox 967 4463 1059 4531; x_wconf 85' lang='lat' dir='ltr'><strong>aliqua</strong></span> <span class='ocrx_word' id='word_1_350' title='bbox 1078 4469 1155 4532; x_wconf 84' lang='lat' dir='ltr'><strong>parte</strong></span> <span class='ocrx_word' id='word_1_351' title='bbox 1175 4463 1305 4516; x_wconf 85' lang='lat' dir='ltr'><strong>facillime</strong></span> 
     </span>
     <span class='ocr_line' id='line_1_39' title="bbox 195 4549 1104 4621; baseline 0.004 -20"><span class='ocrx_word' id='word_1_352' title='bbox 195 4549 335 4618; x_wconf 67' lang='lat' dir='ltr'><strong>mutem,</strong></span> <span class='ocrx_word' id='word_1_353' title='bbox 354 4567 411 4605; x_wconf 90' lang='lat' dir='ltr'><strong>non</strong></span> <span class='ocrx_word' id='word_1_354' title='bbox 430 4556 501 4605; x_wconf 85' lang='lat' dir='ltr'><strong>recte</strong></span> <span class='ocrx_word' id='word_1_355' title='bbox 520 4553 574 4606; x_wconf 90' lang='lat' dir='ltr'><strong>buc</strong></span> <span class='ocrx_word' id='word_1_356' title='bbox 593 4554 697 4607; x_wconf 86' lang='lat' dir='ltr'><strong>rettulit</strong></span> <span class='ocrx_word' id='word_1_357' title='bbox 716 4551 819 4620; x_wconf 68' lang='lat' dir='ltr'><strong>(Refert</strong></span> <span class='ocrx_word' id='word_1_358' title='bbox 837 4562 934 4621; x_wconf 76' lang='lat' dir='ltr'><strong>tamen,</strong></span> <span class='ocrx_word' id='word_1_359' title='bbox 953 4550 1104 4621; x_wconf 67' lang='lat' dir='ltr'><strong>quamodo).</strong></span> 
     </span>
    </p>
   </div>
   <div class='ocr_carea' id='block_1_5' title="bbox 0 0 1481 5206">
    <p class='ocr_par' dir='ltr' id='par_1_9' title="bbox 0 0 1481 5206">
     <span class='ocr_line' id='line_1_40' title="bbox 0 0 1481 5206; baseline 0 0"><span class='ocrx_word' id='word_1_360' title='bbox 0 0 1481 5206; x_wconf 95' lang='lat' dir='ltr'><strong> </strong></span> 
     </span>
    </p>
   </div>
  </div>
 </body>
</html>
