<?xml version="1.0" encoding="UTF-8"?>
<!DOCTYPE html PUBLIC "-//W3C//DTD XHTML 1.0 Transitional//EN"
    "http://www.w3.org/TR/xhtml1/DTD/xhtml1-transitional.dtd">
<html xmlns="http://www.w3.org/1999/xhtml" xml:lang="en" lang="en">
 <head>
  <title>
</title>
<meta http-equiv="Content-Type" content="text/html;charset=utf-8" />
  <meta name='ocr-system' content='tesseract 3.04.00' />
  <meta name='ocr-capabilities' content='ocr_page ocr_carea ocr_par ocr_line ocrx_word'/>
</head>
<body>
  <div class='ocr_page' id='page_1' title='image "./ionicolaimadvig02madvgoog/ionicolaimadvig02madvgoog_0173.png"; bbox 0 0 2956 5190; ppageno 0'>
   <div class='ocr_carea' id='block_1_1' title="bbox 693 297 758 363">
    <p class='ocr_par' dir='ltr' id='par_1_1' title="bbox 693 297 758 363">
     <span class='ocr_line' id='line_1_1' title="bbox 693 297 758 363; baseline 0.015 -1"><span class='ocrx_word' id='word_1_1' title='bbox 693 297 758 363; x_wconf 75' lang='lat'>150</span> 
     </span>
    </p>
   </div>
   <div class='ocr_carea' id='block_1_2' title="bbox 29 493 1308 2608">
    <p class='ocr_par' dir='ltr' id='par_1_2' title="bbox 122 493 1300 795">
     <span class='ocr_line' id='line_1_2' title="bbox 212 493 1300 582; baseline 0.003 -22"><span class='ocrx_word' id='word_1_2' title='bbox 212 494 371 578; x_wconf 77' lang='lat' dir='ltr'>Insignior</span> <span class='ocrx_word' id='word_1_3' title='bbox 398 494 502 560; x_wconf 86' lang='lat' dir='ltr'>altera</span> <span class='ocrx_word' id='word_1_4' title='bbox 529 497 579 559; x_wconf 90' lang='lat' dir='ltr'>est</span> <span class='ocrx_word' id='word_1_5' title='bbox 607 494 804 560; x_wconf 76' lang='lat' dir='ltr'><strong>emendatio.</strong></span> <span class='ocrx_word' id='word_1_6' title='bbox 855 493 941 561; x_wconf 85' lang='lat' dir='ltr'>Nam</span> <span class='ocrx_word' id='word_1_7' title='bbox 968 514 995 559; x_wconf 91' lang='lat' dir='ltr'>c.</span> <span class='ocrx_word' id='word_1_8' title='bbox 1019 495 1080 573; x_wconf 82' lang='lat'>43,</span> <span class='ocrx_word' id='word_1_9' title='bbox 1118 496 1300 582; x_wconf 60' lang='grc'>1241931111</span> 
     </span>
     <span class='ocr_line' id='line_1_3' title="bbox 125 600 1300 693; baseline 0.002 -26"><span class='ocrx_word' id='word_1_10' title='bbox 125 603 236 686; x_wconf 79' lang='lat' dir='ltr'>vulgo:</span> <span class='ocrx_word' id='word_1_11' title='bbox 268 601 365 666; x_wconf 80' lang='lat' dir='ltr'>Venio</span> <span class='ocrx_word' id='word_1_12' title='bbox 387 622 471 666; x_wconf 76' lang='lat' dir='ltr'>nunc</span> <span class='ocrx_word' id='word_1_13' title='bbox 493 601 538 666; x_wconf 82' lang='lat' dir='ltr'>od</span> <span class='ocrx_word' id='word_1_14' title='bbox 559 600 643 666; x_wconf 71' lang='lat' dir='ltr'>illud</span> <span class='ocrx_word' id='word_1_15' title='bbox 664 621 778 665; x_wconf 76' lang='lat' dir='ltr'>nornen</span> <span class='ocrx_word' id='word_1_16' title='bbox 800 620 935 665; x_wconf 78' lang='lat' dir='ltr'>aureum</span> <span class='ocrx_word' id='word_1_17' title='bbox 957 600 1166 688; x_wconf 72' lang='lat' dir='ltr'>Chrysopont,</span> <span class='ocrx_word' id='word_1_18' title='bbox 1188 603 1242 669; x_wconf 77' lang='lat' dir='ltr'>sut</span> <span class='ocrx_word' id='word_1_19' title='bbox 1259 628 1300 693; x_wconf 75' lang='lat' dir='ltr'>pm</span> 
     </span>
     <span class='ocr_line' id='line_1_4' title="bbox 122 706 1300 795; baseline 0.002 -21"><span class='ocrx_word' id='word_1_20' title='bbox 122 711 248 775; x_wconf 80' lang='lat' dir='ltr'>nominc</span> <span class='ocrx_word' id='word_1_21' title='bbox 270 715 335 774; x_wconf 83' lang='lat' dir='ltr'>toto</span> <span class='ocrx_word' id='word_1_22' title='bbox 357 708 488 773; x_wconf 67' lang='lat' dir='ltr'>accidas</span> <span class='ocrx_word' id='word_1_23' title='bbox 509 709 671 772; x_wconf 68' lang='grc'>9191211111.</span> <span class='ocrx_word' id='word_1_24' title='bbox 706 706 773 771; x_wconf 85' lang='lat' dir='ltr'>Sed</span> <span class='ocrx_word' id='word_1_25' title='bbox 794 709 1125 775; x_wconf 62' lang='lat' dir='ltr'>coemendarum</span> <span class='ocrx_word' id='word_1_26' title='bbox 1141 729 1204 776; x_wconf 87' lang='lat' dir='ltr'>nec</span> <span class='ocrx_word' id='word_1_27' title='bbox 1218 711 1300 795; x_wconf 78' lang='lat' dir='ltr'>ipsiu</span> 
     </span>
    </p>

    <p class='ocr_par' dir='ltr' id='par_1_3' title="bbox 29 813 1307 2272">
     <span class='ocr_line' id='line_1_5' title="bbox 71 813 1301 902; baseline 0.002 -21"><span class='ocrx_word' id='word_1_28' title='bbox 71 817 240 881; x_wconf 67' lang='lat' dir='ltr'>ruostine</span> <span class='ocrx_word' id='word_1_29' title='bbox 262 815 379 880; x_wconf 85' lang='lat' dir='ltr'>dicitur</span> <span class='ocrx_word' id='word_1_30' title='bbox 401 834 463 879; x_wconf 87' lang='lat' dir='ltr'>nec</span> <span class='ocrx_word' id='word_1_31' title='bbox 485 814 821 879; x_wconf 58' lang='lat' dir='ltr'>numerosiorem</span> <span class='ocrx_word' id='word_1_32' title='bbox 843 813 901 879; x_wconf 73' lang='lat' dir='ltr'>cccl</span> <span class='ocrx_word' id='word_1_33' title='bbox 930 815 1068 881; x_wconf 78' lang='lat' dir='ltr'>alicuius</span> <span class='ocrx_word' id='word_1_34' title='bbox 1094 818 1221 883; x_wconf 70' lang='lat' dir='ltr'>omnim</span> <span class='ocrx_word' id='word_1_35' title='bbox 1245 820 1301 902; x_wconf 83' lang='lat' dir='ltr'>quit</span> 
     </span>
     <span class='ocr_line' id='line_1_6' title="bbox 122 920 1301 1004; baseline 0.002 -16"><span class='ocrx_word' id='word_1_36' title='bbox 122 924 175 1001; x_wconf 90' lang='lat' dir='ltr'>sit,</span> <span class='ocrx_word' id='word_1_37' title='bbox 198 921 396 1004; x_wconf 77' lang='lat' dir='ltr'>intelligitur,</span> <span class='ocrx_word' id='word_1_38' title='bbox 420 922 482 985; x_wconf 88' lang='lat' dir='ltr'>etsi</span> <span class='ocrx_word' id='word_1_39' title='bbox 504 921 776 1004; x_wconf 71' lang='lat' dir='ltr'>interpretantur:</span> <span class='ocrx_word' id='word_1_40' title='bbox 805 920 862 986; x_wconf 81' lang='lat' dir='ltr'>rut</span> <span class='ocrx_word' id='word_1_41' title='bbox 885 922 1022 988; x_wconf 77' lang='lat' dir='ltr'>alicuius</span> <span class='ocrx_word' id='word_1_42' title='bbox 1043 924 1143 989; x_wconf 73' lang='lat' dir='ltr'>tutelo</span> <span class='ocrx_word' id='word_1_43' title='bbox 1166 924 1301 1001; x_wconf 71' lang='grc'>99109911,</span> 
     </span>
     <span class='ocr_line' id='line_1_7' title="bbox 116 1029 1302 1111; baseline 0.009 -25"><span class='ocrx_word' id='word_1_44' title='bbox 116 1048 184 1095; x_wconf 86' lang='lat' dir='ltr'>nec</span> <span class='ocrx_word' id='word_1_45' title='bbox 217 1047 363 1111; x_wconf 85' lang='lat' dir='ltr'>praesens</span> <span class='ocrx_word' id='word_1_46' title='bbox 397 1031 528 1111; x_wconf 84' lang='lat' dir='ltr'>tempus</span> <span class='ocrx_word' id='word_1_47' title='bbox 562 1032 677 1111; x_wconf 89' lang='lat' dir='ltr'>aptum</span> <span class='ocrx_word' id='word_1_48' title='bbox 712 1032 772 1095; x_wconf 88' lang='lat' dir='ltr'>est.</span> <span class='ocrx_word' id='word_1_49' title='bbox 819 1029 856 1093; x_wconf 90' lang='lat' dir='ltr'>ln</span> <span class='ocrx_word' id='word_1_50' title='bbox 889 1029 1056 1097; x_wconf 86' lang='lat' dir='ltr'>codicibus</span> <span class='ocrx_word' id='word_1_51' title='bbox 1091 1030 1221 1097; x_wconf 82' lang='lat' dir='ltr'>Oxonn.</span> <span class='ocrx_word' id='word_1_52' title='bbox 1243 1032 1302 1097; x_wconf 80' lang='grc'>691</span> 
     </span>
     <span class='ocr_line' id='line_1_8' title="bbox 123 1134 1302 1220; baseline 0.003 -19"><span class='ocrx_word' id='word_1_53' title='bbox 123 1135 278 1201; x_wconf 85' lang='lat' dir='ltr'>Parisinis</span> <span class='ocrx_word' id='word_1_54' title='bbox 302 1135 502 1201; x_wconf 89' lang='lat' dir='ltr'>Steinmetzii</span> <span class='ocrx_word' id='word_1_55' title='bbox 525 1135 696 1220; x_wconf 83' lang='lat' dir='ltr'>(Gruterus</span> <span class='ocrx_word' id='word_1_56' title='bbox 712 1134 813 1217; x_wconf 83' lang='lat' dir='ltr'>tacet)</span> <span class='ocrx_word' id='word_1_57' title='bbox 837 1139 870 1202; x_wconf 89' lang='lat' dir='ltr'>et</span> <span class='ocrx_word' id='word_1_58' title='bbox 892 1137 926 1200; x_wconf 91' lang='lat' dir='ltr'>in</span> <span class='ocrx_word' id='word_1_59' title='bbox 944 1136 1019 1202; x_wconf 86' lang='lat' dir='ltr'>edd.</span> <span class='ocrx_word' id='word_1_60' title='bbox 1036 1141 1117 1203; x_wconf 85' lang='lat' dir='ltr'>vett.</span> <span class='ocrx_word' id='word_1_61' title='bbox 1139 1143 1190 1204; x_wconf 87' lang='lat' dir='ltr'>est</span> <span class='ocrx_word' id='word_1_62' title='bbox 1206 1141 1302 1217; x_wconf 69' lang='grc'>9191111</span> 
     </span>
     <span class='ocr_line' id='line_1_9' title="bbox 123 1242 1303 1331; baseline 0.003 -24"><span class='ocrx_word' id='word_1_63' title='bbox 123 1263 189 1308; x_wconf 89' lang='lat' dir='ltr'>non</span> <span class='ocrx_word' id='word_1_64' title='bbox 211 1243 373 1307; x_wconf 67' lang='grc'>9191110111.</span> <span class='ocrx_word' id='word_1_65' title='bbox 419 1243 455 1307; x_wconf 91' lang='lat' dir='ltr'>ld</span> <span class='ocrx_word' id='word_1_66' title='bbox 478 1243 706 1309; x_wconf 88' lang='lat' dir='ltr'>Steinmetzius</span> <span class='ocrx_word' id='word_1_67' title='bbox 730 1243 868 1325; x_wconf 88' lang='lat' dir='ltr'>recepit;</span> <span class='ocrx_word' id='word_1_68' title='bbox 897 1242 957 1308; x_wconf 87' lang='lat' dir='ltr'>sed</span> <span class='ocrx_word' id='word_1_69' title='bbox 978 1250 1118 1310; x_wconf 68' lang='lat' dir='ltr'>statmo</span> <span class='ocrx_word' id='word_1_70' title='bbox 1141 1264 1215 1311; x_wconf 89' lang='lat' dir='ltr'>esse</span> <span class='ocrx_word' id='word_1_71' title='bbox 1236 1267 1303 1331; x_wconf 69' lang='lat' dir='ltr'>nepe</span> 
     </span>
     <span class='ocr_line' id='line_1_10' title="bbox 123 1346 1304 1434; baseline 0.004 -20"><span class='ocrx_word' id='word_1_72' title='bbox 123 1351 170 1414; x_wconf 84' lang='lat' dir='ltr'>tia</span> <span class='ocrx_word' id='word_1_73' title='bbox 191 1369 301 1434; x_wconf 75' lang='lat' dir='ltr'>perere</span> <span class='ocrx_word' id='word_1_74' title='bbox 323 1348 476 1431; x_wconf 85' lang='lat' dir='ltr'>(emendi,</span> <span class='ocrx_word' id='word_1_75' title='bbox 500 1349 659 1432; x_wconf 88' lang='lat' dir='ltr'>rapiendi,</span> <span class='ocrx_word' id='word_1_76' title='bbox 688 1346 829 1432; x_wconf 84' lang='lat' dir='ltr'>similia),</span> <span class='ocrx_word' id='word_1_77' title='bbox 853 1369 951 1417; x_wconf 91' lang='lat' dir='ltr'>nemo</span> <span class='ocrx_word' id='word_1_78' title='bbox 973 1350 1096 1425; x_wconf 80' lang='lat' dir='ltr'>credet,</span> <span class='ocrx_word' id='word_1_79' title='bbox 1126 1371 1189 1418; x_wconf 86' lang='lat' dir='ltr'>nec</span> <span class='ocrx_word' id='word_1_80' title='bbox 1211 1353 1304 1419; x_wconf 86' lang='lat' dir='ltr'>melius</span> 
     </span>
     <span class='ocr_line' id='line_1_11' title="bbox 124 1455 1304 1538; baseline 0.004 -17"><span class='ocrx_word' id='word_1_81' title='bbox 124 1460 175 1521; x_wconf 88' lang='lat' dir='ltr'>est</span> <span class='ocrx_word' id='word_1_82' title='bbox 201 1455 258 1520; x_wconf 60' lang='lat' dir='ltr'>aab</span> <span class='ocrx_word' id='word_1_83' title='bbox 286 1457 423 1521; x_wconf 72' lang='lat' dir='ltr'>alicuius</span> <span class='ocrx_word' id='word_1_84' title='bbox 450 1459 575 1522; x_wconf 72' lang='lat' dir='ltr'>nonina</span> <span class='ocrx_word' id='word_1_85' title='bbox 604 1464 751 1522; x_wconf 75' lang='lat' dir='ltr'>statum.</span> <span class='ocrx_word' id='word_1_86' title='bbox 798 1455 950 1538; x_wconf 81' lang='lat' dir='ltr'>Corrupit</span> <span class='ocrx_word' id='word_1_87' title='bbox 976 1456 1063 1523; x_wconf 91' lang='lat' dir='ltr'>hunc</span> <span class='ocrx_word' id='word_1_88' title='bbox 1091 1459 1203 1525; x_wconf 91' lang='lat' dir='ltr'>locum</span> <span class='ocrx_word' id='word_1_89' title='bbox 1230 1460 1304 1525; x_wconf 80' lang='lat' dir='ltr'>utrius</span> 
     </span>
     <span class='ocr_line' id='line_1_12' title="bbox 123 1545 1305 1647; baseline 0.005 -21"><span class='ocrx_word' id='word_1_90' title='bbox 123 1562 274 1629; x_wconf 87' lang='lat' dir='ltr'>litterulae</span> <span class='ocrx_word' id='word_1_91' title='bbox 297 1562 484 1646; x_wconf 84' lang='lat' dir='ltr'>duplicatio,</span> <span class='ocrx_word' id='word_1_92' title='bbox 508 1584 608 1647; x_wconf 88' lang='lat' dir='ltr'>quam</span> <span class='ocrx_word' id='word_1_93' title='bbox 632 1563 766 1630; x_wconf 79' lang='lat' dir='ltr'>alterius</span> <span class='ocrx_word' id='word_1_94' title='bbox 789 1564 928 1628; x_wconf 84' lang='lat' dir='ltr'>mutatio</span> <span class='ocrx_word' id='word_1_95' title='bbox 947 1545 1130 1631; x_wconf 85' lang='lat' dir='ltr'>¹consecuta</span> <span class='ocrx_word' id='word_1_96' title='bbox 1153 1570 1220 1642; x_wconf 83' lang='lat' dir='ltr'>est;</span> <span class='ocrx_word' id='word_1_97' title='bbox 1246 1585 1305 1632; x_wconf 84' lang='lat' dir='ltr'>uam</span> 
     </span>
     <span class='ocr_line' id='line_1_13' title="bbox 122 1670 1306 1752; baseline 0.005 -19"><span class='ocrx_word' id='word_1_98' title='bbox 122 1690 182 1752; x_wconf 92' lang='lat' dir='ltr'>pro</span> <span class='ocrx_word' id='word_1_99' title='bbox 216 1671 457 1736; x_wconf 61' lang='lat' dir='ltr'>amoenatur</span> <span class='ocrx_word' id='word_1_100' title='bbox 489 1671 698 1737; x_wconf 87' lang='lat' dir='ltr'>scribendum</span> <span class='ocrx_word' id='word_1_101' title='bbox 735 1674 785 1735; x_wconf 88' lang='lat' dir='ltr'>est</span> <span class='ocrx_word' id='word_1_102' title='bbox 818 1670 1052 1736; x_wconf 73' lang='lat' dir='ltr'>wcictoototuit.</span> <span class='ocrx_word' id='word_1_103' title='bbox 1103 1672 1160 1738; x_wconf 89' lang='lat' dir='ltr'>Sic</span> <span class='ocrx_word' id='word_1_104' title='bbox 1193 1673 1306 1739; x_wconf 84' lang='lat' dir='ltr'>demun</span> 
     </span>
     <span class='ocr_line' id='line_1_14' title="bbox 124 1776 1306 1863; baseline 0.006 -23"><span class='ocrx_word' id='word_1_105' title='bbox 124 1776 293 1858; x_wconf 88' lang='lat' dir='ltr'>aptissima</span> <span class='ocrx_word' id='word_1_106' title='bbox 328 1777 394 1841; x_wconf 85' lang='lat' dir='ltr'>exit</span> <span class='ocrx_word' id='word_1_107' title='bbox 427 1778 600 1843; x_wconf 82' lang='lat' dir='ltr'>sententia.</span> <span class='ocrx_word' id='word_1_108' title='bbox 658 1779 807 1843; x_wconf 91' lang='lat' dir='ltr'>Latuisse</span> <span class='ocrx_word' id='word_1_109' title='bbox 841 1776 967 1843; x_wconf 83' lang='lat' dir='ltr'>foedam</span> <span class='ocrx_word' id='word_1_110' title='bbox 1000 1777 1100 1844; x_wconf 84' lang='lat' dir='ltr'>istam</span> <span class='ocrx_word' id='word_1_111' title='bbox 1134 1779 1306 1863; x_wconf 80' lang='lat' dir='ltr'>rapinarum</span> 
     </span>
     <span class='ocr_line' id='line_1_15' title="bbox 122 1883 1307 1970; baseline 0.003 -21"><span class='ocrx_word' id='word_1_112' title='bbox 122 1885 312 1949; x_wconf 83' lang='lat' dir='ltr'>societatem</span> <span class='ocrx_word' id='word_1_113' title='bbox 329 1884 441 1950; x_wconf 91' lang='lat' dir='ltr'>Cicero</span> <span class='ocrx_word' id='word_1_114' title='bbox 464 1886 510 1950; x_wconf 87' lang='lat' dir='ltr'>ait</span> <span class='ocrx_word' id='word_1_115' title='bbox 533 1887 628 1967; x_wconf 86' lang='lat' dir='ltr'>quasi</span> <span class='ocrx_word' id='word_1_116' title='bbox 651 1888 772 1965; x_wconf 83' lang='lat' dir='ltr'>tectam</span> <span class='ocrx_word' id='word_1_117' title='bbox 797 1883 859 1949; x_wconf 88' lang='lat' dir='ltr'>sub</span> <span class='ocrx_word' id='word_1_118' title='bbox 881 1885 1013 1950; x_wconf 89' lang='lat' dir='ltr'>nomine</span> <span class='ocrx_word' id='word_1_119' title='bbox 1028 1884 1241 1970; x_wconf 75' lang='lat' dir='ltr'>Chrysogoni,</span> <span class='ocrx_word' id='word_1_120' title='bbox 1262 1886 1307 1952; x_wconf 82' lang='lat' dir='ltr'>ho</span> 
     </span>
     <span class='ocr_line' id='line_1_16' title="bbox 29 1990 1306 2075; baseline 0.004 -21"><span class='ocrx_word' id='word_1_121' title='bbox 29 2018 32 2022; x_wconf 48' lang='lat'><strong>⁴</strong></span> <span class='ocrx_word' id='word_1_122' title='bbox 121 1990 218 2055; x_wconf 89' lang='lat' dir='ltr'>minis</span> <span class='ocrx_word' id='word_1_123' title='bbox 241 1991 393 2073; x_wconf 85' lang='lat' dir='ltr'>potentis,</span> <span class='ocrx_word' id='word_1_124' title='bbox 417 1991 505 2075; x_wconf 88' lang='lat' dir='ltr'>quod</span> <span class='ocrx_word' id='word_1_125' title='bbox 528 1995 686 2074; x_wconf 79' lang='lat' dir='ltr'>tanquam</span> <span class='ocrx_word' id='word_1_126' title='bbox 711 1990 833 2073; x_wconf 82' lang='lat' dir='ltr'>clipeus</span> <span class='ocrx_word' id='word_1_127' title='bbox 857 1990 1063 2057; x_wconf 87' lang='lat' dir='ltr'>obiiceretur.</span> <span class='ocrx_word' id='word_1_128' title='bbox 1105 1992 1192 2058; x_wconf 89' lang='lat' dir='ltr'>Dicit</span> <span class='ocrx_word' id='word_1_129' title='bbox 1214 1997 1306 2059; x_wconf 85' lang='lat' dir='ltr'>auten</span> 
     </span>
     <span class='ocr_line' id='line_1_17' title="bbox 123 2098 1307 2182; baseline 0.005 -22"><span class='ocrx_word' id='word_1_130' title='bbox 123 2098 253 2163; x_wconf 80' lang='lat' dir='ltr'>latuisse</span> <span class='ocrx_word' id='word_1_131' title='bbox 275 2099 442 2180; x_wconf 71' lang='lat' dir='ltr'>praeterito</span> <span class='ocrx_word' id='word_1_132' title='bbox 470 2103 633 2181; x_wconf 89' lang='lat' dir='ltr'>tempore;</span> <span class='ocrx_word' id='word_1_133' title='bbox 667 2117 754 2163; x_wconf 90' lang='lat' dir='ltr'>nunc</span> <span class='ocrx_word' id='word_1_134' title='bbox 782 2098 869 2162; x_wconf 89' lang='lat' dir='ltr'>enim</span> <span class='ocrx_word' id='word_1_135' title='bbox 899 2099 968 2180; x_wconf 88' lang='lat' dir='ltr'>ipse</span> <span class='ocrx_word' id='word_1_136' title='bbox 997 2116 1071 2164; x_wconf 84' lang='lat' dir='ltr'>eam</span> <span class='ocrx_word' id='word_1_137' title='bbox 1099 2099 1260 2182; x_wconf 78' lang='lat' dir='ltr'>protraxit</span> <span class='ocrx_word' id='word_1_138' title='bbox 1278 2119 1307 2165; x_wconf 82' lang='lat' dir='ltr'>cx</span> 
     </span>
     <span class='ocr_line' id='line_1_18' title="bbox 124 2204 867 2272; baseline -0.003 -2"><span class='ocrx_word' id='word_1_139' title='bbox 124 2205 259 2271; x_wconf 86' lang='lat' dir='ltr'>latebris</span> <span class='ocrx_word' id='word_1_140' title='bbox 282 2210 316 2270; x_wconf 89' lang='lat' dir='ltr'>et</span> <span class='ocrx_word' id='word_1_141' title='bbox 338 2208 371 2271; x_wconf 87' lang='lat' dir='ltr'>in</span> <span class='ocrx_word' id='word_1_142' title='bbox 394 2207 570 2272; x_wconf 80' lang='lat' dir='ltr'>manifesta</span> <span class='ocrx_word' id='word_1_143' title='bbox 592 2207 664 2270; x_wconf 92' lang='lat' dir='ltr'>luce</span> <span class='ocrx_word' id='word_1_144' title='bbox 687 2204 867 2270; x_wconf 86' lang='lat' dir='ltr'>collocavit.</span> 
     </span>
    </p>

    <p class='ocr_par' dir='ltr' id='par_1_4' title="bbox 121 2310 1308 2608">
     <span class='ocr_line' id='line_1_19' title="bbox 212 2310 1308 2394; baseline 0.001 -18"><span class='ocrx_word' id='word_1_145' title='bbox 212 2312 249 2376; x_wconf 93' lang='lat' dir='ltr'>In</span> <span class='ocrx_word' id='word_1_146' title='bbox 283 2312 485 2394; x_wconf 85' lang='lat' dir='ltr'>Pompeiana</span> <span class='ocrx_word' id='word_1_147' title='bbox 519 2313 666 2378; x_wconf 87' lang='lat' dir='ltr'>oratione</span> <span class='ocrx_word' id='word_1_148' title='bbox 703 2310 813 2376; x_wconf 83' lang='lat' dir='ltr'>omnia</span> <span class='ocrx_word' id='word_1_149' title='bbox 848 2311 917 2376; x_wconf 87' lang='lat' dir='ltr'>tere</span> <span class='ocrx_word' id='word_1_150' title='bbox 956 2313 1167 2394; x_wconf 87' lang='lat' dir='ltr'>perspicuam</span> <span class='ocrx_word' id='word_1_151' title='bbox 1200 2312 1308 2379; x_wconf 83' lang='lat' dir='ltr'>habent</span> 
     </span>
     <span class='ocr_line' id='line_1_20' title="bbox 122 2416 1307 2507; baseline 0 -24"><span class='ocrx_word' id='word_1_152' title='bbox 122 2419 350 2507; x_wconf 82' lang='lat' dir='ltr'>auctoritatem</span> <span class='ocrx_word' id='word_1_153' title='bbox 375 2422 407 2483; x_wconf 90' lang='grc'>91</span> <span class='ocrx_word' id='word_1_154' title='bbox 431 2420 602 2498; x_wconf 86' lang='lat' dir='ltr'>rationem,</span> <span class='ocrx_word' id='word_1_155' title='bbox 631 2419 718 2484; x_wconf 88' lang='lat' dir='ltr'>velut</span> <span class='ocrx_word' id='word_1_156' title='bbox 748 2416 837 2500; x_wconf 90' lang='lat' dir='ltr'>quod</span> <span class='ocrx_word' id='word_1_157' title='bbox 866 2436 894 2482; x_wconf 84' lang='lat' dir='ltr'>c.</span> <span class='ocrx_word' id='word_1_158' title='bbox 918 2418 971 2496; x_wconf 85' lang='lat'>20,</span> <span class='ocrx_word' id='word_1_159' title='bbox 1001 2418 1054 2495; x_wconf 89' lang='grc'>60,</span> <span class='ocrx_word' id='word_1_160' title='bbox 1083 2439 1145 2502; x_wconf 91' lang='lat' dir='ltr'>pro</span> <span class='ocrx_word' id='word_1_161' title='bbox 1168 2440 1231 2485; x_wconf 80' lang='lat' dir='ltr'>noc</span> <span class='ocrx_word' id='word_1_162' title='bbox 1252 2419 1307 2483; x_wconf 81' lang='lat' dir='ltr'>dico</span> 
     </span>
     <span class='ocr_line' id='line_1_21' title="bbox 121 2523 1308 2608; baseline 0.003 -20"><span class='ocrx_word' id='word_1_163' title='bbox 121 2527 253 2607; x_wconf 81' lang='lat' dir='ltr'>recepta</span> <span class='ocrx_word' id='word_1_164' title='bbox 282 2524 352 2589; x_wconf 92' lang='lat' dir='ltr'>cod.</span> <span class='ocrx_word' id='word_1_165' title='bbox 377 2525 576 2591; x_wconf 85' lang='lat' dir='ltr'>Erfurtensis</span> <span class='ocrx_word' id='word_1_166' title='bbox 604 2525 776 2608; x_wconf 84' lang='lat' dir='ltr'>scriptura,</span> <span class='ocrx_word' id='word_1_167' title='bbox 812 2544 876 2588; x_wconf 80' lang='lat' dir='ltr'>non</span> <span class='ocrx_word' id='word_1_168' title='bbox 904 2523 1020 2602; x_wconf 80' lang='lat' dir='ltr'>dicam,</span> <span class='ocrx_word' id='word_1_169' title='bbox 1055 2526 1184 2592; x_wconf 88' lang='lat' dir='ltr'>restitui</span> <span class='ocrx_word' id='word_1_170' title='bbox 1211 2547 1308 2592; x_wconf 84' lang='lat' dir='ltr'>veram</span> 
     </span>
    </p>
   </div>
   <div class='ocr_carea' id='block_1_3' title="bbox 122 2630 1309 2716">
    <p class='ocr_par' dir='ltr' id='par_1_5' title="bbox 122 2630 1309 2716">
     <span class='ocr_line' id='line_1_22' title="bbox 122 2630 1309 2716; baseline 0.001 -20"><span class='ocrx_word' id='word_1_171' title='bbox 122 2630 277 2696; x_wconf 87' lang='lat' dir='ltr'>orationis</span> <span class='ocrx_word' id='word_1_172' title='bbox 300 2631 441 2696; x_wconf 84' lang='lat' dir='ltr'>formam</span> <span class='ocrx_word' id='word_1_173' title='bbox 465 2635 498 2696; x_wconf 91' lang='lat' dir='ltr'>et</span> <span class='ocrx_word' id='word_1_174' title='bbox 520 2632 674 2716; x_wconf 66' lang='lat' dir='ltr'>figuram</span> <span class='ocrx_word' id='word_1_175' title='bbox 698 2631 845 2714; x_wconf 89' lang='lat' dir='ltr'>sequitur</span> <span class='ocrx_word' id='word_1_176' title='bbox 867 2632 970 2697; x_wconf 89' lang='lat' dir='ltr'>enim:</span> <span class='ocrx_word' id='word_1_177' title='bbox 994 2653 1057 2697; x_wconf 78' lang='lat' dir='ltr'>non</span> <span class='ocrx_word' id='word_1_178' title='bbox 1075 2633 1184 2697; x_wconf 81' lang='lat' dir='ltr'>dicam</span> <span class='ocrx_word' id='word_1_179' title='bbox 1203 2669 1242 2678; x_wconf 96' lang='lat'>-</span> <span class='ocrx_word' id='word_1_180' title='bbox 1260 2654 1309 2697; x_wconf 78' lang='lat' dir='ltr'>noc</span> 
     </span>
    </p>
   </div>
   <div class='ocr_carea' id='block_1_4' title="bbox 66 2739 1320 4636">
    <p class='ocr_par' dir='ltr' id='par_1_6' title="bbox 120 2739 1314 3675">
     <span class='ocr_line' id='line_1_23' title="bbox 122 2739 1309 2815; baseline 0.003 -12"><span class='ocrx_word' id='word_1_181' title='bbox 122 2739 374 2803; x_wconf 81' lang='lat' dir='ltr'>commemorabo.</span> <span class='ocrx_word' id='word_1_182' title='bbox 433 2740 575 2804; x_wconf 86' lang='lat' dir='ltr'>Tantum</span> <span class='ocrx_word' id='word_1_183' title='bbox 606 2739 647 2804; x_wconf 87' lang='lat' dir='ltr'>de</span> <span class='ocrx_word' id='word_1_184' title='bbox 671 2759 698 2804; x_wconf 90' lang='lat' dir='ltr'>c.</span> <span class='ocrx_word' id='word_1_185' title='bbox 726 2740 776 2815; x_wconf 85' lang='lat'>14,</span> <span class='ocrx_word' id='word_1_186' title='bbox 811 2740 855 2802; x_wconf 86' lang='grc'>42</span> <span class='ocrx_word' id='word_1_187' title='bbox 889 2739 1135 2805; x_wconf 86' lang='lat' dir='ltr'>admonendum</span> <span class='ocrx_word' id='word_1_188' title='bbox 1171 2743 1231 2815; x_wconf 86' lang='lat' dir='ltr'>est,</span> <span class='ocrx_word' id='word_1_189' title='bbox 1264 2739 1309 2807; x_wconf 85' lang='lat' dir='ltr'>ubi</span> 
     </span>
     <span class='ocr_line' id='line_1_24' title="bbox 122 2845 1309 2930; baseline 0.002 -20"><span class='ocrx_word' id='word_1_190' title='bbox 122 2865 195 2910; x_wconf 87' lang='lat' dir='ltr'>eam</span> <span class='ocrx_word' id='word_1_191' title='bbox 219 2846 413 2928; x_wconf 88' lang='lat' dir='ltr'>scripturam</span> <span class='ocrx_word' id='word_1_192' title='bbox 442 2846 640 2929; x_wconf 90' lang='lat' dir='ltr'>optimorum</span> <span class='ocrx_word' id='word_1_193' title='bbox 664 2845 821 2922; x_wconf 87' lang='lat' dir='ltr'>codicum,</span> <span class='ocrx_word' id='word_1_194' title='bbox 847 2847 944 2911; x_wconf 83' lang='lat' dir='ltr'>etiam</span> <span class='ocrx_word' id='word_1_195' title='bbox 965 2847 1181 2929; x_wconf 74' lang='lat' dir='ltr'>palimpsestt</span> <span class='ocrx_word' id='word_1_196' title='bbox 1205 2846 1309 2930; x_wconf 86' lang='lat' dir='ltr'>recepi,</span> 
     </span>
     <span class='ocr_line' id='line_1_25' title="bbox 122 2952 1309 3039; baseline 0.002 -23"><span class='ocrx_word' id='word_1_197' title='bbox 122 2972 222 3034; x_wconf 85' lang='lat' dir='ltr'>quam</span> <span class='ocrx_word' id='word_1_198' title='bbox 252 2953 391 3019; x_wconf 90' lang='lat' dir='ltr'>Orellius</span> <span class='ocrx_word' id='word_1_199' title='bbox 422 2972 610 3036; x_wconf 83' lang='lat' dir='ltr'>perversam</span> <span class='ocrx_word' id='word_1_200' title='bbox 634 2952 755 3017; x_wconf 80' lang='lat' dir='ltr'>iudicat</span> <span class='ocrx_word' id='word_1_201' title='bbox 790 2952 903 3034; x_wconf 80' lang='lat' dir='ltr'>(hostes</span> <span class='ocrx_word' id='word_1_202' title='bbox 931 2973 1036 3017; x_wconf 74' lang='lat' dir='ltr'>manca</span> <span class='ocrx_word' id='word_1_203' title='bbox 1066 2954 1208 3018; x_wconf 69' lang='lat' dir='ltr'>orciniam</span> <span class='ocrx_word' id='word_1_204' title='bbox 1233 2973 1309 3039; x_wconf 76' lang='lat' dir='ltr'>pene</span> 
     </span>
     <span class='ocr_line' id='line_1_26' title="bbox 121 3058 1310 3145; baseline 0.003 -22"><span class='ocrx_word' id='word_1_205' title='bbox 121 3058 218 3141; x_wconf 82' lang='lat' dir='ltr'>rum).</span> <span class='ocrx_word' id='word_1_206' title='bbox 265 3061 424 3144; x_wconf 83' lang='lat' dir='ltr'>Equidem</span> <span class='ocrx_word' id='word_1_207' title='bbox 447 3080 513 3126; x_wconf 91' lang='lat' dir='ltr'>non</span> <span class='ocrx_word' id='word_1_208' title='bbox 537 3059 641 3136; x_wconf 86' lang='lat' dir='ltr'>video,</span> <span class='ocrx_word' id='word_1_209' title='bbox 677 3078 735 3123; x_wconf 91' lang='lat' dir='ltr'>cur</span> <span class='ocrx_word' id='word_1_210' title='bbox 763 3060 947 3124; x_wconf 87' lang='lat' dir='ltr'>necessario</span> <span class='ocrx_word' id='word_1_211' title='bbox 975 3059 1028 3124; x_wconf 92' lang='lat' dir='ltr'>hic</span> <span class='ocrx_word' id='word_1_212' title='bbox 1055 3060 1173 3142; x_wconf 80' lang='lat' dir='ltr'>piratae</span> <span class='ocrx_word' id='word_1_213' title='bbox 1201 3060 1310 3145; x_wconf 62' lang='lat' dir='ltr'>signiti-</span> 
     </span>
     <span class='ocr_line' id='line_1_27' title="bbox 121 3166 1311 3251; baseline 0.001 -20"><span class='ocrx_word' id='word_1_214' title='bbox 121 3166 217 3232; x_wconf 90' lang='lat' dir='ltr'>candi</span> <span class='ocrx_word' id='word_1_215' title='bbox 241 3167 360 3234; x_wconf 86' lang='lat' dir='ltr'>tuerint</span> <span class='ocrx_word' id='word_1_216' title='bbox 383 3188 422 3233; x_wconf 85' lang='lat' dir='ltr'>ac</span> <span class='ocrx_word' id='word_1_217' title='bbox 450 3187 516 3233; x_wconf 90' lang='lat' dir='ltr'>non</span> <span class='ocrx_word' id='word_1_218' title='bbox 544 3166 640 3232; x_wconf 90' lang='lat' dir='ltr'>sociis</span> <span class='ocrx_word' id='word_1_219' title='bbox 670 3167 820 3231; x_wconf 89' lang='lat' dir='ltr'>universe</span> <span class='ocrx_word' id='word_1_220' title='bbox 848 3166 958 3232; x_wconf 88' lang='lat' dir='ltr'>hostes</span> <span class='ocrx_word' id='word_1_221' title='bbox 988 3167 1141 3232; x_wconf 88' lang='lat' dir='ltr'>contrarii</span> <span class='ocrx_word' id='word_1_222' title='bbox 1170 3167 1311 3251; x_wconf 82' lang='lat' dir='ltr'>ponendi</span> 
     </span>
     <span class='ocr_line' id='line_1_28' title="bbox 121 3274 1312 3356; baseline 0.001 -19"><span class='ocrx_word' id='word_1_223' title='bbox 121 3277 163 3337; x_wconf 91' lang='lat' dir='ltr'>et.</span> <span class='ocrx_word' id='word_1_224' title='bbox 188 3274 408 3355; x_wconf 85' lang='lat' dir='ltr'>amplificandi</span> <span class='ocrx_word' id='word_1_225' title='bbox 432 3294 542 3350; x_wconf 87' lang='lat' dir='ltr'>causa,</span> <span class='ocrx_word' id='word_1_226' title='bbox 566 3274 677 3339; x_wconf 91' lang='lat' dir='ltr'>hostes</span> <span class='ocrx_word' id='word_1_227' title='bbox 701 3292 814 3338; x_wconf 90' lang='lat' dir='ltr'>omnes</span> <span class='ocrx_word' id='word_1_228' title='bbox 839 3274 985 3337; x_wconf 89' lang='lat' dir='ltr'>omnium</span> <span class='ocrx_word' id='word_1_229' title='bbox 1008 3292 1186 3356; x_wconf 77' lang='lat' dir='ltr'>generum3</span> <span class='ocrx_word' id='word_1_230' title='bbox 1210 3293 1312 3340; x_wconf 84' lang='lat' dir='ltr'>omnes</span> 
     </span>
     <span class='ocr_line' id='line_1_29' title="bbox 121 3380 1312 3463; baseline 0.001 -20"><span class='ocrx_word' id='word_1_231' title='bbox 121 3381 208 3444; x_wconf 90' lang='lat' dir='ltr'>enim</span> <span class='ocrx_word' id='word_1_232' title='bbox 232 3380 378 3463; x_wconf 88' lang='lat' dir='ltr'>Pompeii</span> <span class='ocrx_word' id='word_1_233' title='bbox 403 3381 501 3446; x_wconf 87' lang='lat' dir='ltr'>fidem</span> <span class='ocrx_word' id='word_1_234' title='bbox 526 3381 650 3462; x_wconf 84' lang='lat' dir='ltr'>experti</span> <span class='ocrx_word' id='word_1_235' title='bbox 674 3383 768 3443; x_wconf 87' lang='lat' dir='ltr'>erant</span> <span class='ocrx_word' id='word_1_236' title='bbox 790 3383 824 3443; x_wconf 90' lang='lat' dir='ltr'>et</span> <span class='ocrx_word' id='word_1_237' title='bbox 847 3380 959 3449; x_wconf 83' lang='lat' dir='ltr'>secuti,</span> <span class='ocrx_word' id='word_1_238' title='bbox 984 3384 1020 3444; x_wconf 92' lang='lat' dir='ltr'>ut</span> <span class='ocrx_word' id='word_1_239' title='bbox 1044 3380 1228 3457; x_wconf 68' lang='lat' dir='ltr'>Cretenses</span> <span class='ocrx_word' id='word_1_240' title='bbox 1245 3385 1312 3446; x_wconf 80' lang='lat' dir='ltr'>‘non</span> 
     </span>
     <span class='ocr_line' id='line_1_30' title="bbox 120 3486 1314 3571; baseline -0.002 -19"><span class='ocrx_word' id='word_1_241' title='bbox 120 3487 180 3552; x_wconf 91' lang='lat' dir='ltr'>soli</span> <span class='ocrx_word' id='word_1_242' title='bbox 214 3488 339 3569; x_wconf 76' lang='lat' dir='ltr'>piratae.</span> <span class='ocrx_word' id='word_1_243' title='bbox 397 3486 478 3569; x_wconf 81' lang='lat' dir='ltr'>[Cir.</span> <span class='ocrx_word' id='word_1_244' title='bbox 503 3488 544 3552; x_wconf 91' lang='lat' dir='ltr'>de</span> <span class='ocrx_word' id='word_1_245' title='bbox 573 3488 611 3552; x_wconf 89' lang='lat' dir='ltr'>N.</span> <span class='ocrx_word' id='word_1_246' title='bbox 636 3486 674 3551; x_wconf 88' lang='lat' dir='ltr'>D.</span> <span class='ocrx_word' id='word_1_247' title='bbox 705 3486 726 3561; x_wconf 89' lang='lat' dir='ltr'>l,</span> <span class='ocrx_word' id='word_1_248' title='bbox 766 3486 820 3561; x_wconf 88' lang='lat'>18,</span> <span class='ocrx_word' id='word_1_249' title='bbox 856 3486 910 3563; x_wconf 85' lang='grc'>46,</span> <span class='ocrx_word' id='word_1_250' title='bbox 945 3486 988 3559; x_wconf 90' lang='grc' dir='ltr'>ΙΙ,</span> <span class='ocrx_word' id='word_1_251' title='bbox 1023 3487 1059 3560; x_wconf 88' lang='grc'>4,</span> <span class='ocrx_word' id='word_1_252' title='bbox 1098 3487 1150 3563; x_wconf 92' lang='grc'>12,</span> <span class='ocrx_word' id='word_1_253' title='bbox 1186 3508 1219 3571; x_wconf 90' lang='lat' dir='ltr'>p.</span> <span class='ocrx_word' id='word_1_254' title='bbox 1243 3486 1314 3554; x_wconf 86' lang='lat' dir='ltr'>Sull.</span> 
     </span>
     <span class='ocr_line' id='line_1_31' title="bbox 123 3592 269 3675; baseline 0.007 -18"><span class='ocrx_word' id='word_1_255' title='bbox 123 3594 174 3670; x_wconf 90' lang='lat'>10,</span> <span class='ocrx_word' id='word_1_256' title='bbox 200 3592 269 3675; x_wconf 73' lang='grc'>20]</span> 
     </span>
    </p>

    <p class='ocr_par' dir='ltr' id='par_1_7' title="bbox 119 3699 1319 4210">
     <span class='ocr_line' id='line_1_32' title="bbox 208 3699 1315 3766; baseline 0.002 -3"><span class='ocrx_word' id='word_1_257' title='bbox 208 3699 245 3763; x_wconf 92' lang='lat' dir='ltr'>In</span> <span class='ocrx_word' id='word_1_258' title='bbox 268 3700 468 3766; x_wconf 88' lang='lat' dir='ltr'>orationibus</span> <span class='ocrx_word' id='word_1_259' title='bbox 493 3700 687 3766; x_wconf 88' lang='lat' dir='ltr'>Catilinariis</span> <span class='ocrx_word' id='word_1_260' title='bbox 713 3700 838 3764; x_wconf 91' lang='lat' dir='ltr'>utinam</span> <span class='ocrx_word' id='word_1_261' title='bbox 863 3699 1090 3764; x_wconf 87' lang='lat' dir='ltr'>Steinmetzius</span> <span class='ocrx_word' id='word_1_262' title='bbox 1115 3699 1236 3765; x_wconf 90' lang='lat' dir='ltr'>codicis</span> <span class='ocrx_word' id='word_1_263' title='bbox 1257 3701 1315 3765; x_wconf 83' lang='lat' dir='ltr'>Te·</span> 
     </span>
     <span class='ocr_line' id='line_1_33' title="bbox 119 3805 1318 3890; baseline 0.001 -21"><span class='ocrx_word' id='word_1_264' title='bbox 119 3807 324 3888; x_wconf 78' lang='lat' dir='ltr'>gernseensis</span> <span class='ocrx_word' id='word_1_265' title='bbox 355 3808 533 3890; x_wconf 85' lang='lat' dir='ltr'>scripturas</span> <span class='ocrx_word' id='word_1_266' title='bbox 565 3807 751 3890; x_wconf 76' lang='lat' dir='ltr'>diligentius</span> <span class='ocrx_word' id='word_1_267' title='bbox 783 3810 983 3871; x_wconf 86' lang='lat' dir='ltr'>annotasset.</span> <span class='ocrx_word' id='word_1_268' title='bbox 1029 3805 1207 3872; x_wconf 89' lang='lat' dir='ltr'>Verissime</span> <span class='ocrx_word' id='word_1_269' title='bbox 1237 3807 1318 3872; x_wconf 87' lang='lat' dir='ltr'>enim</span> 
     </span>
     <span class='ocr_line' id='line_1_34' title="bbox 119 3911 1317 3997; baseline 0.001 -21"><span class='ocrx_word' id='word_1_270' title='bbox 119 3911 289 3995; x_wconf 80' lang='lat' dir='ltr'>Zumptiu&#39;s</span> <span class='ocrx_word' id='word_1_271' title='bbox 320 3912 363 3979; x_wconf 88' lang='lat' dir='ltr'>ad</span> <span class='ocrx_word' id='word_1_272' title='bbox 394 3914 485 3978; x_wconf 88' lang='lat' dir='ltr'>Verr.</span> <span class='ocrx_word' id='word_1_273' title='bbox 515 3935 547 3997; x_wconf 91' lang='lat' dir='ltr'>p.</span> <span class='ocrx_word' id='word_1_274' title='bbox 572 3915 636 3979; x_wconf 86' lang='grc'>828</span> <span class='ocrx_word' id='word_1_275' title='bbox 668 3914 772 3979; x_wconf 85' lang='lat' dir='ltr'>multa</span> <span class='ocrx_word' id='word_1_276' title='bbox 802 3932 873 3978; x_wconf 89' lang='lat' dir='ltr'>esse</span> <span class='ocrx_word' id='word_1_277' title='bbox 907 3912 940 3976; x_wconf 92' lang='lat' dir='ltr'>in</span> <span class='ocrx_word' id='word_1_278' title='bbox 972 3911 1167 3978; x_wconf 83' lang='lat' dir='ltr'>Catilinariis</span> <span class='ocrx_word' id='word_1_279' title='bbox 1200 3913 1317 3991; x_wconf 90' lang='lat' dir='ltr'>scribit,</span> 
     </span>
     <span class='ocr_line' id='line_1_35' title="bbox 120 4019 1319 4103; baseline 0 -19"><span class='ocrx_word' id='word_1_280' title='bbox 120 4038 193 4100; x_wconf 85' lang='lat' dir='ltr'>quae</span> <span class='ocrx_word' id='word_1_281' title='bbox 216 4019 333 4084; x_wconf 92' lang='lat' dir='ltr'>merito</span> <span class='ocrx_word' id='word_1_282' title='bbox 357 4019 535 4086; x_wconf 87' lang='lat' dir='ltr'>offendant.</span> <span class='ocrx_word' id='word_1_283' title='bbox 582 4021 727 4099; x_wconf 89' lang='lat' dir='ltr'>Quorum</span> <span class='ocrx_word' id='word_1_284' title='bbox 756 4040 816 4103; x_wconf 77' lang='lat' dir='ltr'>ego</span> <span class='ocrx_word' id='word_1_285' title='bbox 845 4038 947 4083; x_wconf 91' lang='lat' dir='ltr'>unum</span> <span class='ocrx_word' id='word_1_286' title='bbox 978 4021 1012 4083; x_wconf 90' lang='lat' dir='ltr'>et</span> <span class='ocrx_word' id='word_1_287' title='bbox 1038 4019 1180 4084; x_wconf 86' lang='lat' dir='ltr'>alterum</span> <span class='ocrx_word' id='word_1_288' title='bbox 1209 4025 1319 4086; x_wconf 85' lang='lat' dir='ltr'>notare</span> 
     </span>
     <span class='ocr_line' id='line_1_36' title="bbox 119 4125 1319 4210; baseline 0.001 -18"><span class='ocrx_word' id='word_1_289' title='bbox 119 4129 220 4210; x_wconf 92' lang='lat' dir='ltr'>potui,</span> <span class='ocrx_word' id='word_1_290' title='bbox 245 4127 420 4193; x_wconf 85' lang='lat' dir='ltr'>manifesto</span> <span class='ocrx_word' id='word_1_291' title='bbox 443 4128 607 4207; x_wconf 88' lang='lat' dir='ltr'>vitiosum,</span> <span class='ocrx_word' id='word_1_292' title='bbox 631 4128 720 4193; x_wconf 92' lang='lat' dir='ltr'>velut</span> <span class='ocrx_word' id='word_1_293' title='bbox 743 4127 822 4191; x_wconf 94' lang='lat' dir='ltr'>illud</span> <span class='ocrx_word' id='word_1_294' title='bbox 845 4126 963 4209; x_wconf 90' lang='lat' dir='ltr'>ipsum,</span> <span class='ocrx_word' id='word_1_295' title='bbox 988 4126 1029 4190; x_wconf 87' lang='lat' dir='ltr'>de</span> <span class='ocrx_word' id='word_1_296' title='bbox 1052 4145 1119 4208; x_wconf 85' lang='lat' dir='ltr'>quo</span> <span class='ocrx_word' id='word_1_297' title='bbox 1136 4125 1183 4190; x_wconf 88' lang='lat' dir='ltr'>ibi</span> <span class='ocrx_word' id='word_1_298' title='bbox 1201 4127 1319 4210; x_wconf 89' lang='lat' dir='ltr'>Zump-</span> 
     </span>
    </p>

    <p class='ocr_par' dir='ltr' id='par_1_8' title="bbox 66 4233 1320 4636">
     <span class='ocr_line' id='line_1_37' title="bbox 66 4233 1319 4325; baseline -0.001 -27"><span class='ocrx_word' id='word_1_299' title='bbox 66 4246 105 4288; x_wconf 72' lang='lat'>100</span> <span class='ocrx_word' id='word_1_300' title='bbox 120 4235 184 4299; x_wconf 90' lang='lat' dir='ltr'>tius</span> <span class='ocrx_word' id='word_1_301' title='bbox 208 4235 294 4314; x_wconf 89' lang='lat' dir='ltr'>dicit,</span> <span class='ocrx_word' id='word_1_302' title='bbox 318 4256 374 4300; x_wconf 81' lang='lat' dir='ltr'>nec</span> <span class='ocrx_word' id='word_1_303' title='bbox 397 4236 430 4300; x_wconf 90' lang='lat' dir='ltr'>in</span> <span class='ocrx_word' id='word_1_304' title='bbox 453 4256 500 4301; x_wconf 89' lang='lat' dir='ltr'>or.</span> <span class='ocrx_word' id='word_1_305' title='bbox 524 4235 561 4312; x_wconf 85' lang='grc' dir='ltr'>Π,</span> <span class='ocrx_word' id='word_1_306' title='bbox 585 4236 616 4309; x_wconf 90' lang='grc'>4,</span> <span class='ocrx_word' id='word_1_307' title='bbox 642 4235 662 4300; x_wconf 88' lang='grc'>8</span> <span class='ocrx_word' id='word_1_308' title='bbox 687 4238 719 4299; x_wconf 87' lang='grc'>91</span> <span class='ocrx_word' id='word_1_309' title='bbox 743 4233 858 4299; x_wconf 87' lang='lat' dir='ltr'>eodem</span> <span class='ocrx_word' id='word_1_310' title='bbox 884 4234 990 4325; x_wconf 77' lang='lat' dir='ltr'>capite</span> <span class='ocrx_word' id='word_1_311' title='bbox 1008 4234 1073 4297; x_wconf 76' lang='lat' dir='ltr'>nisi</span> <span class='ocrx_word' id='word_1_312' title='bbox 1096 4254 1168 4297; x_wconf 84' lang='lat' dir='ltr'>cero</span> <span class='ocrx_word' id='word_1_313' title='bbox 1191 4235 1220 4298; x_wconf 82' lang='lat' dir='ltr'>si</span> <span class='ocrx_word' id='word_1_314' title='bbox 1243 4235 1319 4320; x_wconf 79' lang='lat' dir='ltr'>quis.</span> 
     </span>
     <span class='ocr_line' id='line_1_38' title="bbox 120 4340 1320 4421; baseline 0.001 -17"><span class='ocrx_word' id='word_1_315' title='bbox 120 4341 194 4406; x_wconf 87' lang='lat' dir='ltr'>Alia</span> <span class='ocrx_word' id='word_1_316' title='bbox 218 4343 264 4407; x_wconf 88' lang='lat' dir='ltr'>lta</span> <span class='ocrx_word' id='word_1_317' title='bbox 286 4343 410 4421; x_wconf 86' lang='lat' dir='ltr'>notavi,</span> <span class='ocrx_word' id='word_1_318' title='bbox 441 4345 478 4407; x_wconf 91' lang='lat' dir='ltr'>ut</span> <span class='ocrx_word' id='word_1_319' title='bbox 501 4342 623 4407; x_wconf 89' lang='lat' dir='ltr'>nullam</span> <span class='ocrx_word' id='word_1_320' title='bbox 648 4345 760 4406; x_wconf 88' lang='lat' dir='ltr'>tamen</span> <span class='ocrx_word' id='word_1_321' title='bbox 783 4340 893 4405; x_wconf 91' lang='lat' dir='ltr'>mendi</span> <span class='ocrx_word' id='word_1_322' title='bbox 917 4340 1050 4405; x_wconf 89' lang='lat' dir='ltr'>tollendi</span> <span class='ocrx_word' id='word_1_323' title='bbox 1074 4341 1160 4405; x_wconf 82' lang='lat' dir='ltr'>riam</span> <span class='ocrx_word' id='word_1_324' title='bbox 1187 4340 1320 4407; x_wconf 87' lang='lat' dir='ltr'>demon·</span> 
     </span>
     <span class='ocr_line' id='line_1_39' title="bbox 120 4429 1320 4532; baseline 0.002 -21"><span class='ocrx_word' id='word_1_325' title='bbox 120 4429 224 4511; x_wconf 80' lang='lat' dir='ltr'>strare</span> <span class='ocrx_word' id='word_1_326' title='bbox 258 4468 400 4529; x_wconf 79' lang='lat' dir='ltr'>possem.</span> <span class='ocrx_word' id='word_1_327' title='bbox 437 4449 526 4514; x_wconf 89' lang='lat' dir='ltr'>velut</span> <span class='ocrx_word' id='word_1_328' title='bbox 559 4448 767 4532; x_wconf 77' lang='lat' dir='ltr'>nugatorium</span> <span class='ocrx_word' id='word_1_329' title='bbox 801 4447 880 4512; x_wconf 89' lang='lat' dir='ltr'>illud</span> <span class='ocrx_word' id='word_1_330' title='bbox 915 4448 948 4512; x_wconf 92' lang='lat' dir='ltr'>iu</span> <span class='ocrx_word' id='word_1_331' title='bbox 983 4447 1135 4513; x_wconf 82' lang='lat' dir='ltr'>secundae</span> <span class='ocrx_word' id='word_1_332' title='bbox 1167 4448 1320 4513; x_wconf 90' lang='lat' dir='ltr'>orationis</span> 
     </span>
     <span class='ocr_line' id='line_1_40' title="bbox 119 4550 1320 4636; baseline 0.002 -19"><span class='ocrx_word' id='word_1_333' title='bbox 119 4572 147 4617; x_wconf 90' lang='lat' dir='ltr'>c.</span> <span class='ocrx_word' id='word_1_334' title='bbox 175 4553 224 4631; x_wconf 89' lang='lat'>10,</span> <span class='ocrx_word' id='word_1_335' title='bbox 254 4553 297 4617; x_wconf 93' lang='grc'>22</span> <span class='ocrx_word' id='word_1_336' title='bbox 326 4562 384 4619; x_wconf 81' lang='lat' dir='ltr'>out</span> <span class='ocrx_word' id='word_1_337' title='bbox 412 4550 566 4619; x_wconf 79' lang='lat' dir='ltr'>imberbes</span> <span class='ocrx_word' id='word_1_338' title='bbox 590 4561 646 4618; x_wconf 82' lang='lat' dir='ltr'>aut</span> <span class='ocrx_word' id='word_1_339' title='bbox 677 4553 751 4618; x_wconf 81' lang='lat' dir='ltr'>benc</span> <span class='ocrx_word' id='word_1_340' title='bbox 781 4552 938 4632; x_wconf 81' lang='lat' dir='ltr'>barbatos,</span> <span class='ocrx_word' id='word_1_341' title='bbox 974 4555 1006 4618; x_wconf 92' lang='lat' dir='ltr'>in</span> <span class='ocrx_word' id='word_1_342' title='bbox 1035 4573 1101 4635; x_wconf 88' lang='lat' dir='ltr'>quo</span> <span class='ocrx_word' id='word_1_343' title='bbox 1130 4554 1320 4636; x_wconf 87' lang='lat' dir='ltr'>explicando</span> 
     </span>
    </p>
   </div>
   <div class='ocr_carea' id='block_1_5' title="bbox 0 0 1488 5190">
    <p class='ocr_par' dir='ltr' id='par_1_9' title="bbox 0 0 1488 5190">
     <span class='ocr_line' id='line_1_41' title="bbox 0 0 1488 5190; baseline 0 0"><span class='ocrx_word' id='word_1_344' title='bbox 0 0 1488 5190; x_wconf 95' lang='lat' dir='ltr'> </span> 
     </span>
    </p>
   </div>
  </div>
 </body>
</html>
