2956 5190
706 311 708 317 ·
736 285 804 350 464

171 481 227 545 diu
255 484 440 555 tenuerrmt,
477 500 578 563 quum
610 479 752 562 priorem
783 480 980 547 amisissent.
1026 481 1073 547 Et
1104 484 1220 547 tamen
1247 484 1292 549 vel
1310 486 1346 553 bit

171 597 306 653 manent
329 587 465 669 vestigia
482 587 598 669 prioris
615 607 705 652 usus.
740 587 835 665 Nam,
860 592 895 652 ut
912 608 1015 671 supra
1032 588 1116 667 dixi,
1140 588 1348 659 coniunctim

171 696 267 760 huius
292 697 391 763 futuri
415 712 583 774 nunquam
607 692 640 756 in
657 695 858 776 praeteritum
877 694 1027 774 transire,
1053 696 1105 760 sic
1126 714 1171 759 ne
1188 695 1349 765 mdicatirm

172 803 303 883 quidem
328 821 461 884 prorsus
485 803 553 864 tam
577 800 671 882 longe
700 801 907 883 progreditur
938 801 971 867 in
1004 800 1227 884 significanda
1252 803 1350 869 Mune

173 910 205 972 in
229 909 338 973 futuro
356 908 523 990 praeterita
540 927 639 989 quam
659 907 796 971 alterum
813 907 893 971 illud
911 927 1026 972 verum
1044 908 1200 973 futurum
1219 914 1350 988 examin,

173 1035 361 1097 quanquam
384 1034 426 1078 ne
449 1016 512 1079 hoc
536 1014 667 1096 quidem
692 1013 865 1096 quisquam
889 1015 1072 1080 annotavit.
1111 1015 1199 1081 Nam
1222 1018 1352 1099 nequeo

172 1141 218 1198 re,
255 1140 354 1202 quam
384 1121 480 1186 simul
510 1141 584 1185 cum
607 1121 711 1185 altera
735 1120 921 1185 absolutum
945 1121 982 1185 iri
1007 1124 1182 1203 putamus,
1218 1126 1352 1206 nequeir

174 1232 292 1294 eventu
316 1228 425 1293 futuro
449 1227 496 1292 rei
519 1228 704 1310 praeteritae,
728 1248 802 1310 quae
826 1228 890 1292 duo
914 1247 1036 1311 genera
1058 1229 1165 1311 paulo
1182 1233 1259 1294 ante
1275 1233 1352 1314 atb'gt

173 1337 244 1400 haec
268 1335 373 1399 forma
397 1335 539 1417 ponitur,
564 1334 719 1416 quodibi
744 1334 888 1416 apertius
911 1334 1068 1400 adiuncta
1094 1336 1210 1401 futuro
1226 1337 1354 1419 preteriti

173 1441 364 1523 significatio
389 1445 448 1505 est.
495 1442 608 1522 ltaque
637 1461 697 1523 pro
728 1460 777 1518 eo,
812 1440 900 1522 quod
931 1442 1087 1506 dicimus:
1126 1444 1157 1506 si
1184 1442 1243 1506 boe
1267 1442 1355 1524 ferens

174 1546 305 1630 (foria),
339 1569 458 1632 nrnprrn
491 1569 540 1611 rne
574 1555 654 1611 ebro
687 1548 813 1624 lena-ria,
848 1567 945 1613 nemo
976 1547 1075 1613 dixit:
1112 1551 1145 1614 si
1178 1549 1237 1613 boe
1266 1549 1356 1632 [eron

133 1651 305 1738 ⁸1(fnxis),
329 1675 450 1738 magno
470 1675 519 1717 rne
542 1675 621 1717 euro
643 1655 787 1731 leunasis3
815 1673 877 1718 nee
899 1674 959 1737 pro
983 1675 1033 1733 eo,
1058 1657 1153 1738 quod
1177 1663 1244 1721 est:
1267 1656 1299 1719 st
1317 1656 1357 1719 in

175 1762 318 1841 evenerit,
340 1761 468 1843 frustra
492 1759 687 1824 laboraveris
710 1758 757 1841 (id
780 1764 844 1824 est:
862 1762 999 1844 perierit
1021 1762 1117 1826 labor
1141 1765 1210 1827 iam
1234 1762 1358 1846 effntnrt.

174 1886 313 1948 usquam
337 1866 468 1949 legitur:
491 1867 619 1950 frustra
642 1867 823 1944 laboroasls,
848 1887 954 1950 neque
977 1869 1097 1933 horum
1124 1870 1257 1948 similia,
1280 1890 1359 1953 quun
1404 1950 1406 1959 Ι

175 1976 286 2037 tamen
321 1973 491 2054 utriusque
526 1973 759 2039 coniunctionis
795 1974 893 2038 etiam
922 1975 1012 2056 apud
1041 1976 1190 2042 comicos
1218 1997 1284 2043 non
1304 1996 1361 2042 rara
1404 1978 1406 2005 ¹

176 2080 327 2162 exempla
350 2080 424 2144 sint.

264 2186 426 2251 Absoluta
449 2186 517 2254 fere
540 2190 626 2262 sunt,
663 2206 736 2268 quae
765 2187 806 2251 de
834 2188 969 2269 antiqua
999 2187 1063 2252 hae
1091 2187 1206 2255 forma
1232 2208 1362 2255 mnsam

176 2293 315 2358 dicenda
339 2296 441 2357 erant.
487 2293 627 2374 Reliqua
651 2294 748 2369 enim,
784 2313 857 2375 quae
888 2293 932 2358 ad
963 2294 1213 2360 coniunctivum
1245 2296 1363 2378 (fanin)

176 2400 349 2482 pertinent,
373 2399 463 2464 nulla
487 2404 536 2463 est
560 2419 669 2477 causa,
694 2420 752 2464 eur
775 2400 817 2464 ab
841 2400 889 2478 iis,
914 2420 988 2482 quae
1012 2400 1051 2465 de
1071 2401 1181 2466 altera
1200 2402 1305 2469 forma
1319 2422 1364 2467 er·

176 2505 328 2587 ponenda
352 2510 457 2582 erunt,
482 2507 701 2588 seiungamus
731 2506 809 2570 dum
834 2507 879 2571 ibi
902 2526 942 2572 ea
964 2511 1150 2585 teneamus,
1182 2528 1259 2591 quae
1279 2528 1365 2591 supra

177 2612 264 2676 dicta
287 2616 364 2676 sunt
387 2612 427 2676 de
451 2613 514 2676 hac
538 2612 643 2676 forma
667 2613 765 2677 etiam
790 2613 822 2677 in
846 2614 1049 2679 conjunctivo
1079 2634 1100 2679 a
1129 2616 1300 2697 praeterito
1319 2634 1364 2679 er·

177 2718 276 2781 elusa.
312 2719 424 2800 Itaque
449 2718 482 2782 id
504 2721 633 2783 tantum
658 2720 827 2796 addamus,
852 2721 895 2784 ab
913 2720 1019 2784 activa
1036 2719 1099 2784 hac
1118 2720 1230 2786 forma
1247 2722 1365 2786 dedere

177 2826 316 2906 passivae
348 2826 413 2889 duo
442 2829 530 2889 certa
555 2845 626 2889 esse
650 2826 809 2908 exempla,
846 2828 977 2890 irnsitnr
1008 2828 1097 2909 apud
1129 2828 1293 2894 Catonem
1321 2828 1365 2909 (de

55 2976 60 2985 -
178 2931 218 2994 R.
236 2931 277 2995 R.
304 2928 357 3012 14)
382 2934 413 2995 et
437 2930 628 2994 tnrbnssitnr
651 2934 739 3014 apud
763 2933 950 2998 Ciceronem
974 2933 1008 2997 in
1030 2935 1157 3016 antiqui
1183 2935 1292 3018 legum
1309 2954 1366 2999 ser·

177 3037 282 3101 monis
305 3037 486 3103 imitatione
510 3037 619 3121 (Legg.
633 3039 684 3117 ΙΙΙ,
708 3041 739 3113 4,
767 3036 830 3119 11),
854 3043 1031 3121 utrumque
1055 3060 1129 3105 cum
1155 3041 1260 3107 futuri
1276 3042 1365 3107 exacti

115 3188 119 3196 -
178 3143 410 3225 significatione
434 3145 587 3226 positum.
623 3146 703 3209 Haec
726 3148 857 3228 passiva
880 3146 984 3234 forma
1009 3151 1218 3229 quantopere
1234 3154 1366 3218 nostram

178 3250 431 3330 disputationem
456 3252 634 3329 confirmet,
660 3272 716 3316 eos
739 3259 860 3328 autem,
884 3253 939 3333 qui
964 3254 1047 3316 iusso
1071 3257 1102 3316 et
1127 3255 1277 3321 turbasse
1298 3255 1365 3321 arti·

178 3357 287 3420 tieiose
323 3357 385 3421 alio
421 3358 564 3435 trahunt,
601 3359 736 3435 refellat,
772 3378 837 3423 non
872 3378 954 3442 opus
989 3363 1039 3422 est
1067 3360 1220 3441 pluribus
1252 3361 1366 3444 exponi.

180 3462 334 3526 Nnneltor
357 3483 496 3546 quoque,
532 3466 619 3546 quod
649 3466 737 3547 apud
766 3467 897 3530 Festum
926 3473 1037 3555 tructus
1062 3467 1167 3549 fuerit
1195 3470 1366 3551 exponitur.

179 3570 351 3633 Muellerus
375 3591 406 3652 p.
423 3572 483 3634 167
502 3571 714 3652 probabiliter
729 3592 788 3653 pro
805 3574 960 3636 nonnitnr
977 3575 1135 3654 seriptum
1153 3578 1254 3656 putat
1269 3579 1302 3638 et
1316 3576 1367 3639 boc

180 3676 293 3739 eodem
327 3677 423 3741 ruodo
455 3676 588 3754 dietum,
621 3697 686 3759 quo
717 3680 858 3742 lussltnr.
902 3677 1126 3759 [Merenaaitnr
1158 3682 1192 3744 in
1225 3682 1287 3764 leg.
1309 3700 1366 3763 agr.

180 3802 209 3844 a.
228 3783 292 3844 (543
317 3803 346 3845 v.
361 3783 412 3859 71,
436 3782 563 3863 feritur
587 3784 619 3846 in
643 3788 752 3848 vetere
776 3785 846 3866 lege
870 3786 959 3868 apud
982 3786 1108 3849 Livium
1125 3787 1227 3865 XXII,
1257 3789 1306 3865 10,
1327 3784 1368 3868 6.]

249 3994 338 4058 feretra
356 3997 407 4046 erit
427 4012 509 4062 neque
528 4022 560 4031 -
581 3998 661 4049 aolret
679 4000 776 4049 satiare
793 3998 874 4063 saciet
893 4006 941 4050 ent
959 4016 986 4051 se
1006 4028 1037 4034 —
1059 4016 1112 4052 non
1129 4001 1254 4066 defendet
1266 4003 1331 4064 seire
1342 4026 1368 4035 -

250 4099 304 4134 non
328 4085 496 4149 responderit
519 4102 601 4153 neque
622 4088 702 4151 seriel
722 4091 772 4139 eet.
792 4091 819 4138 et
839 4103 863 4139 v.
884 4086 917 4138 16
936 4103 1007 4154 sqq:
1031 4090 1094 4155 quei
1111 4104 1138 4140 se
1157 4115 1193 4124 -
1213 4106 1269 4143 non
1291 4090 1369 4154 defen·

251 4173 320 4223 ‹ter-it
340 4179 387 4222 nul
406 4174 435 4224 in
450 4175 508 4224 r'ure
527 4190 580 4226 non
600 4176 766 4241 responderit
786 4192 868 4243 neque
888 4178 915 4228 id
933 4177 1012 4229 soleel
1025 4179 1123 4229 satiare
1134 4178 1218 4243 societ
1235 4183 1287 4231 cet.
1304 4175 1368 4239 (add.

252 4276 276 4311 v.
295 4258 330 4310 36
349 4265 377 4311 et
394 4258 448 4326 37).
485 4260 587 4313 Eodem
608 4263 689 4315 modo
708 4263 801 4316 Livius
820 4263 887 4316 dixit
906 4264 1011 4328 fflV,
1029 4263 1072 4327 35,
1095 4265 1139 4316 l'l:
1162 4267 1218 4331 Qui
1234 4273 1368 4319 cunctum

249 4350 333 4413 fuerit
352 4358 375 4400 el
394 4365 473 4401 anum
492 4352 633 4402 eonsilium
652 4368 707 4404 mro
726 4354 882 4420 interponet,
902 4357 969 4406 seint
993 4359 1052 4411 eet..
1077 4359 1104 4407 et
1126 4354 1257 4423 Virgilius
1284 4355 1370 4421 Georg.

180 4453 185 4461 ·
252 4437 270 4497 Ι,
292 4436 438 4491 155-157.
