2948 5206
703 316 767 381 667

135 512 223 578 solus
245 530 306 594 pro
329 508 468 593 infitiari
497 509 600 576 habet
632 529 672 575 ex
703 510 850 577 absurda
878 509 1160 593 interpretatione:
1195 512 1243 576 eei
1264 511 1335 595 infi-

134 619 214 683 tiari
243 615 477 703 infirnmriqne.
530 617 632 683 Paulo
662 622 738 701 post
768 616 786 699 ὅ
812 618 852 683 16
883 635 944 699 pro
974 616 1011 681 P.
1035 616 1164 682 Lentuli
1193 639 1333 683 somurnn

135 724 168 791 in
200 723 447 805 Rheneugiensi
486 723 537 808 (ut
575 724 610 789 in
644 724 772 789 duobus
807 721 1060 805 Oxoniensibns)
1094 724 1252 807 scriptum
1287 730 1336 791 est

135 833 307 905 somnium3
342 829 418 896 hinc
446 834 526 896 nata
555 833 605 896 est
627 830 699 895 haee
721 830 756 895 in
779 829 1015 912 Tegernseensi
1039 831 1262 913 interpolatim
1298 833 1334 897 P.

135 938 275 1020 Lemni,
304 939 359 1024 qui
387 936 508 1002 dicebat
537 939 760 1021 imperatorem
787 957 906 1013 messe
929 957 1013 1001 anno
1035 937 1090 1001 illo
1113 958 1182 1002 oum
1205 940 1337 1003 interitu

133 1045 225 1112 urbis
245 1045 404 1128 ficturum,
438 1044 604 1108 somnium.
650 1043 874 1109 Communiter
910 1050 1021 1109 autem
1053 1046 1087 1109 et
1115 1044 1168 1108 hic
1198 1047 1335 1129 uterque

133 1153 239 1220 codex
262 1155 295 1216 et
317 1151 516 1233 reliquorum
541 1151 635 1232 longe
657 1150 789 1234 plurimi
811 1150 997 1234 interpolati
1020 1155 1097 1215 sunt
1126 1151 1159 1215 in
1188 1154 1270 1216 orat.
1294 1152 1335 1215 ΙΙΙ
1349 1169 1389 1210 ns

132 1258 152 1343 9
179 1260 232 1339 18,
262 1258 328 1336 ubi,
361 1257 446 1340 quod
477 1261 565 1322 recte
593 1255 669 1321 inde
692 1277 712 1322 a
735 1257 897 1339 Naugerio
921 1257 1046 1322 editum
1070 1262 1129 1335 est,
1166 1258 1336 1324 confirmat

132 1367 240 1433 codex
261 1363 517 1446 Selisburgensis
540 1382 614 1428 eum
648 1364 751 1428 tribus
774 1363 1011 1428 parisiensibus
1042 1366 1132 1447 apud
1159 1365 1335 1430 Steinmet-

132 1474 238 1538 zium:
273 1471 355 1557 qnod
377 1473 431 1535 uin
458 1471 584 1536 uidetur
605 1470 740 1535 immuni
762 1471 886 1533 emnilii
908 1477 1072 1535 tantarum
1094 1493 1203 1535 rerum
1223 1471 1336 1557 puber·

133 1581 225 1645 natio
252 1599 315 1642 esse
337 1580 488 1661 putuisse.
539 1577 604 1642 Sed
633 1595 734 1658 quum
766 1577 869 1641 verba
896 1597 962 1642 non
990 1582 1078 1642 reete
1107 1578 1336 1643 ordinarentur

133 1705 196 1751 nee
220 1685 454 1767 intelligeretur
477 1684 548 1747 haec
565 1685 764 1751 coniunctio:
788 1684 924 1749 humani
945 1685 1070 1749 emnilii
1092 1706 1165 1763 esse,
1189 1685 1334 1761 honest,

132 1792 169 1859 in
191 1792 372 1857 humanum
398 1791 566 1855 consilium
597 1795 627 1854 et
657 1791 864 1873 prudentiam
896 1791 1021 1869 cadere,
1057 1792 1147 1856 locus
1175 1792 1335 1874 interpre-

133 1899 275 1965 tantium
300 1900 333 1962 et
364 1897 629 1980 interpolantium
662 1896 870 1962 sedulitatem
900 1898 1061 1975 excitarit,
1098 1917 1237 1979 quorum
1268 1899 1334 1980 pri-

134 2026 209 2071 mus
233 2009 370 2070 conatus
394 2007 532 2086 apparet
560 2006 593 2067 in
623 2003 732 2069 codice
756 2004 834 2081 Eri,
863 2003 938 2069 Par.
962 2005 993 2082 5,
1023 2004 1216 2068 Franciano:
1255 2005 1336 2089 quod

134 2114 188 2177 eie
219 2111 344 2176 mdetur
373 2110 507 2174 immuni
536 2111 660 2174 consilii
691 2117 855 2174 tantu-rum
886 2109 973 2193 (Par.
997 2111 1028 2187 5,
1060 2111 1175 2176 Franc.
1198 2110 1334 2189 tuntum)

136 2221 247 2284 molem
274 2239 380 2282 rerum
410 2216 597 2301 patermutio
625 2218 769 2302 consequi
791 2220 941 2301 potuisse,
976 2222 1013 2282 ut
1041 2220 1256 2301 coniungatur
1278 2218 1335 2281 leu-

137 2327 226 2390 muni
248 2325 373 2389 eonnlii
394 2323 596 2408 quierunt-tim
632 2325 750 2389 deinde
782 2325 908 2407 longius
936 2325 1097 2407 progressi
1126 2327 1172 2390 sio
1195 2327 1334 2407 scripse-

138 2435 212 2497 nmt
236 2430 284 2513 (in
308 2431 555 2513 Tegernseensi
590 2431 844 2514 Rhenaugiensi,
880 2433 996 2497 ceteris
1026 2430 1217 2516 plerisquel:
1253 2431 1335 2516 quod

138 2541 188 2602 uir
219 2537 344 2601 videtur
375 2535 548 2619 (rideretur
582 2537 661 2619 Teg.
694 2542 726 2601 et
757 2538 894 2603 fortasse
926 2539 979 2604 alii
1004 2537 1151 2621 quidam)
1186 2538 1336 2601 terrionis

139 2646 276 2710 rorrsiiiis
298 2650 422 2708 tuntum
445 2645 552 2706 errolem
577 2664 685 2706 rerum
706 2644 891 2728 puberuetio
914 2648 1059 2730 consequi
1075 2646 1224 2730 potuisse.
1270 2644 1334 2709 Po-

136 2757 259 2818 stremo
284 2751 402 2815 codicis
425 2751 595 2815 Parcensis
620 2748 722 2832 (apud
745 2751 915 2832 Orellium)
938 2753 1089 2817 librarius
1112 2753 1223 2816 molem
1246 2751 1334 2815 illam

136 2860 260 2935 vitarit,
285 2858 344 2922 sed
368 2858 431 2922 ulio
455 2857 552 2921 niodo
576 2856 622 2920 sio
646 2858 747 2922 verbu
765 2859 923 2940 corrupit:
947 2859 1097 2923 trumonis
1113 2859 1252 2923 eoreniiis
1267 2865 1334 2922 tun·

133 2973 244 3031 torum
278 2986 385 3029 rerum
418 2964 676 3049 pubernutionem
708 2966 778 3049 quis
811 2967 955 3049 euresequi
980 2961 1164 3049 potuisse.¹)
1210 2966 1334 3030 Eadem

132 3070 395 3154 interpolationis
419 3075 476 3135 aut
499 3072 681 3135 communis
705 3076 762 3135 aut
790 3073 946 3136 seiuncta
976 3076 1008 3136 et
1037 3074 1069 3136 in
1099 3073 1334 3154 Tegernseensi

132 3179 265 3262 longius
288 3198 469 3260 progressae
494 3180 576 3242 ratio
599 3177 740 3260 perspici
764 3182 872 3260 potest
896 3178 950 3260 (ue
968 3179 1078 3243 omnia
1095 3179 1244 3261 pluribus
1260 3198 1335 3242 ver-

130 3284 185 3352 bis
210 3283 403 3368 persequar)
428 3286 460 3348 in
484 3286 533 3348 bis
557 3284 650 3348 locis:
685 3285 737 3361 ΙΙΙ,
771 3287 809 3348 17
840 3284 933 3368 (Teg.
965 3288 997 3350 et
1020 3285 1113 3350 multi
1136 3293 1226 3350 testes
1248 3284 1335 3348 deni·

133 3414 210 3481 qne,
248 3391 341 3473 quasi
375 3411 440 3455 non
475 3391 602 3471 signum
638 3395 671 3456 et
705 3392 821 3456 litlerae
856 3395 956 3456 testes
992 3392 1211 3474 appellentur;
1247 3392 1334 3454 recte

133 3500 262 3574 Colum,
286 3498 404 3573 Rhen„
429 3491 546 3579 alii)²);
570 3497 621 3562 ΠΙ.
648 3499 688 3561 18
706 3497 826 3581 (Rhen.
852 3507 884 3561 ut
907 3506 1001 3561 terrm
1024 3505 1124 3561 neotus
1146 3498 1334 3582 relinquam,

131 3615 169 3672 ut
198 3607 341 3670 omittam
369 3612 481 3686 cetero,
517 3601 617 3689 qure);
652 3605 703 3681 111,
728 3605 771 3669 20
806 3604 879 3688 (pro
914 3606 1102 3680 locauerunt,
1138 3603 1226 3685 quod
1260 3621 1334 3665 curn
1350 3618 1389 3659 ³³⁴

136 3713 359 3797 „potioribus“
395 3712 523 3776 Gruteri
555 3711 721 3776 codicibus
752 3715 786 3776 et
817 3711 938 3777 Cuiaeii
970 3711 1052 3775 libro
1075 3708 1335 3792 Rhenaugiensis

132 3821 257 3893 tuetur,
292 3818 401 3900 plures
432 3819 672 3894 collocaverunt3
707 3819 782 3896 hinc
813 3819 892 3901 Teg.
922 3822 955 3882 et
983 3817 1037 3883 alii
1060 3823 1246 3882 statue-runt.
1281 3815 1335 3879 alii

130 3963 220 3972 ———

163 4048 189 4116 ')
209 4049 330 4103 Klolzius
348 4034 455 4103 codices
473 4049 651 4118 interpolatos
670 4048 753 4118 (Tep,
773 4046 925 4118 Rheuaug.l
945 4048 983 4102 ita
1001 4053 1111 4101 secutus
1130 4051 1179 4109 est,
1204 4051 1233 4098 ul
1254 4045 1336 4098 etiam

208 4155 225 4193 e
248 4137 311 4206 Teg.
336 4141 473 4192 rideretur
495 4138 634 4191 scriberet.
672 4138 802 4192 Sufficere
825 4144 892 4206 puto
916 4137 950 4190 ad
974 4136 1168 4190 refutationem
1192 4135 1337 4203 interpola-

207 4226 290 4280 tionis
309 4227 450 4280 historiam
470 4243 553 4296 supra
577 4227 729 4295 expositam
736 4247 742 4291 ;
767 4227 838 4280 addo
857 4233 958 4290 lamen,
983 4242 1110 4294 magnam
1129 4225 1337 4293 perversitatem

208 4316 311 4369 habere
329 4316 533 4385 gubernationis
551 4332 653 4369 nornen
672 4315 710 4369 sie
729 4315 802 4369 nude
826 4315 955 4385 positum,
983 4320 1013 4368 ut
1038 4320 1088 4367 neo
1113 4315 1190 4368 cuius
1213 4328 1337 4382 personae

208 4419 260 4457 nec
284 4421 401 4472 quarum
425 4420 517 4458 rerum
540 4405 584 4468 sit,
613 4404 733 4458 dicatur:
760 4405 920 4472 qnbmnutio
945 4422 998 4458 non
1016 4411 1105 4471 potest
1130 4405 1222 4457 nrolem
1244 4419 1337 4455 rerum

208 4496 341 4562 consequi.

163 4579 186 4650 ’l
205 4581 327 4636 Klotzius
345 4598 459 4651 pravam
479 4582 643 4650 scripturam
664 4582 759 4635 tenuit.
