2948 5206
650 275 693 340 33

65 480 185 552 ficitur,
209 475 354 541 abellam
378 474 647 556 philosophorum
671 473 838 554 propriam
864 471 974 548 fuisse,
1007 491 1109 553 quum
1133 473 1166 536 in
1190 474 1272 536 Var-

67 587 158 651 ronis
180 584 367 665 fragmento
391 580 480 662 apud
503 580 644 644 Nouium
669 581 768 644 vestis
793 579 941 643 militaris
965 580 1017 657 sit,
1043 579 1131 662 apud
1155 580 1272 645 Sueto·

68 695 160 759 nium
188 689 304 772 (Calig.
328 686 385 768 35)
420 705 586 769 purpurea
621 687 715 768 regis,
753 687 841 768 apud
875 687 1057 751 Martialem
1094 686 1184 769 (Vlll,
1216 686 1273 768 48)

71 800 212 865 bominis
235 795 366 861 delicati
390 797 424 857 et
447 788 651 875 elegantis¹),
676 797 713 858 ut
730 795 810 858 satis
829 799 998 876 appareat,
1023 814 1089 858 nou
1105 795 1272 876 proprium

72 903 149 967 certi
173 901 345 966 hominum
369 902 497 984 generis
513 900 746 965 vestimentum
766 901 876 977 luisse,
901 901 960 965 sed
976 920 1160 977 commune,
1185 920 1274 964 cras·

74 1012 141 1074 sius
164 1007 271 1090 (Serv.
288 1009 332 1072 ad
350 1008 435 1090 virg.
460 1007 531 1072 AEn.
544 1006 582 1083 V,
606 1004 696 1088 421),
720 1008 808 1090 quod
831 1012 916 1090 togae
940 1007 1130 1090 reliquoque
1147 1008 1274 1072 habitui

75 1116 259 1199 superiniici
284 1115 414 1191 soleret,
446 1118 483 1178 ut
505 1116 568 1179 hoc
590 1114 662 1200 loco
685 1134 705 1178 a
728 1114 865 1197 Pegaso,
901 1116 963 1179 iter
986 1116 1093 1179 hieme
1117 1115 1276 1179 stridente

76 1224 152 1304 (rid.
176 1243 207 1286 v.
226 1220 283 1302 58)
306 1223 504 1304 ingressuro.
550 1221 616 1285 Sed
639 1221 729 1285 nulla
753 1222 820 1285 iere
844 1223 985 1304 pravior,
1010 1231 1043 1287 et
1067 1242 1141 1305 quae
1173 1223 1277 1304 magis

78 1336 109 1394 el
130 1350 184 1394 res
206 1329 448 1393 diversissimas
472 1327 651 1392 confundat
680 1332 713 1392 et
741 1333 847 1410 poetae
877 1331 1075 1395 sententiam
1099 1333 1277 1411 pervertat,

23 1424 29 1436 ⁸
80 1458 117 1501 ex
150 1437 213 1501 hoc
245 1455 367 1518 genere
402 1436 544 1517 suspicio
579 1442 639 1511 est,
675 1455 775 1518 quam
810 1455 875 1519 qua
911 1437 953 1500 ad
988 1442 1050 1501 sat.
1069 1437 1121 1514 lll,
1153 1437 1205 1514 79,
1235 1435 1279 1501 80

81 1547 222 1608 utuntur.
242 1585 251 1601 ·
269 1542 457 1607 Graecorum
485 1543 653 1607 nationem
685 1542 727 1606 ad
758 1562 988 1626 quamcunque
1018 1548 1122 1607 artem
1154 1550 1277 1624 aptam,
1292 1572 1320 1612 a

83 1649 156 1714 nibil
178 1669 245 1713 non
267 1653 451 1715 tentantem
475 1653 510 1712 et
533 1648 709 1713 audentem
734 1669 834 1731 quum
853 1651 1089 1733 descripsisset,
1113 1654 1279 1732 postremo

86 1758 188 1821 omnia
212 1755 444 1837 complectens,
480 1756 514 1819 id
537 1755 674 1833 facinus,
710 1757 742 1819 in
772 1777 836 1839 quo
861 1761 954 1840 quasi
978 1777 1109 1823 summa
1133 1757 1280 1821 audaciae

89 1866 118 1925 et
148 1862 360 1945 impudentia
395 1864 550 1927 humanae
585 1865 797 1941 constitisset,
839 1885 904 1930 non
947 1867 990 1929 ab
1026 1866 1109 1930 alius
1145 1864 1280 1928 alicuius

90 1971 185 2051 gentis
207 1970 351 2048 bomine,
374 1970 434 2034 sed
457 1990 477 2034 a
501 1970 614 2035 Graeco
637 1971 799 2036 tentatum
825 1992 897 2036 esse
921 1973 1016 2048 dixit3
1044 1972 1280 2036 Atheniensem

93 2077 192 2151 tuisse,
216 2078 272 2159 qui
295 2076 366 2140 alas
389 2078 594 2158 sumpsisset.
642 2079 722 2156 Quis
745 2099 810 2145 non
834 2078 933 2156 videt,
969 2080 1013 2143 ad
1040 2080 1126 2144 hanc
1149 2087 1282 2144 senten-

95 2184 163 2247 tiam
193 2183 394 2265 implendam
425 2184 505 2248 nihil
536 2185 626 2249 aliud
656 2187 820 2267 pertinere
843 2193 963 2268 praeter
986 2186 1168 2263 Daedalum,
1203 2187 1282 2252 nihil

99 2290 174 2354 aliud
195 2291 304 2354 verbis
329 2293 495 2367 contineri,
521 2292 674 2374 quicquid
698 2292 838 2374 denique
863 2293 1013 2369 addatur,
1043 2296 1149 2376 perire
1173 2296 1283 2358 omnia

101 2404 125 2458 el
145 2398 263 2461 everti?
292 2397 333 2460 Et
357 2407 467 2461 tamen
492 2419 592 2480 quum
618 2400 706 2481 apud
723 2400 914 2465 Suetonium
939 2401 1028 2482 (Ner.
1050 2398 1103 2482 12)
1126 2403 1283 2483 scriptum

104 2510 184 2578 esset,
217 2524 319 2586 quum
343 2505 430 2568 Nero
461 2507 546 2569 inter
568 2506 632 2569 alia
656 2507 880 2589 pyrricharum
906 2512 1099 2589 argumenta
1123 2508 1203 2571 lcari
1227 2528 1284 2572 vo·

106 2608 184 2674 lautis
207 2611 429 2693 spectaculum
455 2612 577 2688 ederet,
614 2613 740 2677 Icarum
772 2615 878 2695 primo
910 2616 1020 2678 statim
1046 2619 1165 2678 conatu
1195 2617 1286 2678 iuxta

108 2718 271 2782 cubiculum
297 2720 505 2799 imperatoris
534 2720 693 2784 decidisse
722 2722 893 2803 ipsumque
929 2741 1043 2785 eruore
1080 2723 1285 2803 respersisse,

109 2824 156 2887 hoo
177 2845 194 2887 a
217 2825 369 2888 lureuale
393 2827 609 2906 significatum
642 2828 835 2909 interpretes
865 2831 1073 2908 putaverunt,
1108 2830 1201 2910 quasi
1232 2832 1288 2892 aut

110 2950 149 2994 res
170 2932 353 3013 perpusilla,
379 2952 443 3014 quo
466 2937 614 3015 tempore
639 2933 799 2997 luvenalis
823 2935 941 2997 satiras
962 2934 1072 3012 edidit,
1098 2943 1175 2998 nota
1194 2935 1288 3017 vulgo

112 3037 190 3102 luerit
212 3047 268 3102 aut
291 3039 526 3120 significatione
550 3041 657 3122 digna,
688 3046 745 3104 aut
773 3042 805 3104 in
830 3042 955 3104 misello
979 3041 1120 3116 homine,
1158 3062 1178 3105 a
1202 3063 1289 3106 saevo

112 3148 230 3224 tparmo
253 3147 433 3227 periculum
457 3149 532 3211 vitae
556 3148 646 3210 adire
665 3153 787 3223 coacto,
813 3167 909 3230 quem
929 3169 970 3211 ne
989 3149 1138 3212 Graecum
1158 3149 1289 3230 quidem

114 3250 194 3315 bisse
216 3257 353 3330 constat,
389 3256 562 3335 quicquam
596 3259 653 3318 aut
684 3256 830 3318 audaciae
863 3261 919 3319 aut
951 3256 1076 3318 ridiculi
1110 3263 1290 3330 eteorum,

114 3377 172 3437 quae
187 3359 235 3423 hic
253 3364 444 3433 tractantur,
469 3361 573 3424 simile
593 3360 700 3424 fuerit.
735 3361 801 3425 Sed
819 3382 884 3426 nou
903 3364 1008 3425 urinus
1028 3363 1290 3442 improbandum,

116 3467 186 3543 quod
208 3467 255 3539 IV,
283 3467 356 3542 106,
387 3468 440 3530 ubi
471 3468 615 3531 Rubrius
644 3469 776 3549 quidam
806 3474 939 3532 senator
963 3468 1134 3551 improbior
1157 3471 1291 3531 ι«αεὶνιιηι

117 3571 246 3636 scribente
268 3573 389 3636 cipedo
413 3574 539 3648 dicitur,
576 3576 661 3638 hunc
693 3576 852 3638 cinaedum
885 3577 1046 3642 Neronem
1077 3596 1149 3639 esse
1182 3575 1292 3638 etalii

117 3682 251 3755 putarunt
276 3685 309 3742 et
332 3699 445 3761 nuper,
471 3701 570 3762 quum
591 3682 703 3744 Mauso
728 3688 889 3762 negasset,
916 3682 1038 3745 Weber
1059 3702 1177 3762 magno
1196 3701 1293 3761 opere

142 3921 158 3986 'l
175 3927 200 3980 lu
219 3929 276 3982 loco
295 3929 342 3982 illo
361 3929 448 3982 tertiae
467 3929 557 3981 satira
580 3945 676 3981 verum
700 3929 816 3991 ridetur,
846 3932 918 3997 quod
943 3931 969 3983 in
995 3930 1097 3982 scholio
1122 3929 1210 3997 primo
1236 3930 1295 3982 loeo

175 4017 278 4083 ponitur
296 4016 406 4082 (deinde
425 4018 499 4070 em'm
519 4018 606 4071 altera
624 4019 671 4071 illa
690 4019 723 4071 de
743 4019 825 4086 pallio
844 4019 1069 4087 philosophorum
1090 4019 1199 4070 additur
1215 4017 1296 4071 inter·

175 4106 304 4172 prelatio),
332 4106 477 4175 proverbio
506 4108 625 4174 quodam
654 4108 706 4160 dici
733 4109 767 4161 de
795 4109 905 4160 maioris
934 4107 1052 4160 hominis
1081 4113 1108 4160 et
1136 4108 1297 4175 potentioris

176 4196 282 4254 scelere
308 4202 402 4265 aperte
422 4197 495 4249 enim
514 4197 644 4264 Egnatius
663 4197 814 4265 seiungitur
833 4213 849 4248 a
869 4198 948 4249 turba
969 4197 1157 4249 Graeculorum
1177 4196 1203 4249 in
1223 4213 1297 4263 gym-

177 4285 253 4337 nasiis
275 4287 456 4354 strepentium
481 4291 509 4338 et
534 4303 629 4339 eorum
655 4286 733 4338 iactis
755 4286 910 4338 levioribus.
948 4285 1015 4337 Nam
1043 4288 1133 4337 tranei
1154 4289 1298 4352 pymnaoia
1319 4335 1321 4339 ,

178 4374 236 4439 quin
256 4375 291 4427 sit
309 4377 406 4440 maiae,
426 4378 541 4441 proteri
561 4393 661 4442 pymn,
686 4391 739 4427 non
764 4378 855 4426 transi
872 4377 909 4427 ad
925 4376 1078 4442 yymnasia,
1103 4390 1157 4426 non
1182 4373 1298 4426 debebat

179 4461 286 4516 dubium
305 4481 365 4516 esse
384 4464 480 4516 Latine
499 4464 656 4528 scientibus
677 4462 783 4515 etiamsi
803 4463 939 4516 luvenalis
959 4463 1014 4526 Vll,
1036 4462 1087 4513 190
1106 4478 1160 4514 non
1181 4463 1299 4530 scripsis-

180 4556 227 4603 set:
246 4554 377 4621 Exemplo
400 4570 530 4606 nouorum
547 4556 669 4619 fatorum
688 4555 784 4605 transi.

1071 4641 1088 4691 :l
