2948 5206
629 358 695 423 565

48 554 209 632 accedat,
232 573 300 620 non
322 552 421 632 dicas,
446 557 479 617 et
501 553 652 619 Sidonius
675 553 881 635 Apollinaris,
906 572 926 617 a
949 572 1014 634 quo
1037 551 1093 616 lib.
1116 553 1144 616 V
1163 552 1258 635 epist.

52 659 74 724 Ἰ
102 658 261 742 permixti
284 662 517 724 enumerantur
539 663 689 741 potentes
712 659 880 725 Caesarum
904 657 1010 723 liberti
1034 663 1067 723 et
1085 659 1258 738 delatores,

57 766 249 849 Narcismcs,
272 767 444 846 Asiaticam,
468 765 590 848 Massa,
615 765 797 847 Marcellus,
831 763 944 846 Carus,
973 763 1174 847 Parthenius,
1203 764 1259 829 Li·

57 875 163 956 cinus,
193 872 319 949 Pallon
346 891 424 937 nam
447 872 494 937 sic
516 872 561 937 ihi
585 871 701 950 editur,
730 871 872 935 Licinus.
919 869 1004 948 Quid
1027 870 1124 953 igitur
1146 890 1259 937 cense-

59 983 158 1045 mus?
194 977 327 1062 opinor,
351 979 494 1060 primum
517 998 584 1043 non
607 978 796 1043 dubitanter
819 997 920 1042 unum
943 979 1108 1042 hominem
1131 979 1166 1042 in
1188 998 1260 1042 om·

60 1086 160 1151 nibus
191 1085 243 1150 his
271 1085 364 1164 loeis,
399 1085 528 1152 Horatii
562 1085 700 1149 fortasse
728 1089 874 1166 excepto,
909 1083 1153 1166 intelligendum
1188 1104 1259 1150 esse

61 1192 268 1276 putabimus3
304 1191 421 1256 deinde
456 1193 525 1256 eius
559 1210 673 1256 verum
704 1211 824 1256 nomen
856 1190 989 1255 Licinus
1016 1191 1106 1273 apud
1132 1194 1258 1273 poetes,

62 1303 170 1365 metro
192 1298 399 1377 defendente,
422 1303 588 1363 servatum
612 1317 694 1376 esse,
718 1301 811 1362 extra
825 1302 941 1379 poetas
962 1298 996 1361 in
1011 1297 1259 1363 celeberrimum

62 1405 259 1471 liciniorum
282 1424 404 1469 nomen
426 1408 599 1483 mutatum,
635 1404 690 1487 qui
722 1424 821 1486 quam
852 1404 1003 1486 proclivis
1034 1404 1131 1469 fuerit
1159 1423 1258 1484 error,

62 1512 114 1577 vel
148 1511 226 1576 inde
255 1512 464 1594 perspicuum
493 1514 553 1588 est,
588 1512 676 1594 quod
710 1514 768 1576 aut
802 1511 864 1593 ipsi
896 1509 1000 1575 Persii
1035 1514 1068 1574 et
1098 1510 1261 1576 Iuvenalis

62 1616 257 1696 scholiastae,
292 1637 393 1700 quum
422 1617 510 1682 aliud
538 1637 658 1683 nomen
687 1619 720 1681 in
742 1622 849 1699 poetae
872 1637 969 1681 versu
991 1616 1162 1694 haberent,
1198 1616 1260 1682 fal-

61 1743 135 1789 sum
170 1729 350 1807 posuerunt
384 1727 441 1789 aut
475 1729 628 1806 corrupta
657 1743 770 1789 eorum
797 1723 958 1805 scriptura
988 1743 1008 1788 a
1037 1723 1175 1788 librariis
1199 1729 1259 1788 est.

61 1830 193 1913 Ubique
216 1830 313 1913 igitur
336 1830 425 1912 apud
447 1831 579 1897 Latinos
604 1830 752 1895 bianum
775 1832 901 1896 restitui
923 1830 1059 1907 iubebo;
1082 1850 1159 1895 nam
1183 1829 1259 1895 Dio·

60 1956 149 2016 nem,
184 1956 251 2002 non
273 1936 484 2015 intercedam,
520 1939 547 2003 si
571 1938 642 2020 quis
666 1938 754 2003 dicat
776 1938 925 2004 Graecum
948 1937 1022 2019 plus
1046 1938 1174 2002 duobus
1197 1954 1260 2001 soe·

62 2043 143 2109 culis
166 2048 242 2125 post
264 2043 449 2126 Augustum
472 2045 581 2126 ipsum
604 2046 776 2110 aberrasse
799 2064 820 2110 e
843 2063 931 2121 vera,
955 2044 1014 2109 sed
1029 2063 1104 2109 rara
1120 2042 1260 2108 nominis

62 2149 180 2228 forma,
204 2169 270 2233 quo
293 2150 483 2234 cognomine
506 2154 539 2215 et
561 2150 666 2215 Porcii
690 2155 723 2215 et
745 2151 837 2216 Fabii
861 2151 910 2215 usi
933 2153 1020 2216 sunt.
