2956 5190
696 304 761 369 392

132 497 361 579 acquieverint,
385 502 421 562 ut
444 498 515 564 illos
540 500 639 564 etiam
662 498 948 582 reprehenderent,
972 518 1127 582 pravam
1150 516 1192 563 ac
1213 515 1325 579 perrer-

130 623 201 668 sam
225 622 298 668 esse
321 603 553 669 demonstrem.
599 604 751 671 Ostendit
778 605 900 683 Cicero,
935 624 1041 689 quum
1075 623 1126 669 ne
1159 603 1327 669 erm

131 712 262 792 quidem
285 711 481 794 populorum
504 713 674 777 iracundia
697 717 731 778 et
757 712 872 777 levitas
900 712 1073 777 deterrere
1108 710 1260 794 egregios
1281 710 1328 776 lo·

132 819 235 882 mines
257 819 409 900 potuerit,
433 820 607 899 quominus
631 819 664 883 in
687 820 794 901 patria
816 819 940 883 tuenda
962 821 997 883 et
1015 815 1258 883 conservanda
1276 815 1329 881 eh·

114 923 295 1002 'borarent
320 924 422 989 multo
446 926 550 1007 magis
573 926 688 991 Rornae
712 925 850 990 eandem
873 925 988 1008 optimi
1005 925 1178 1007 cuiusque
1194 926 1330 989 consun-
1360 926 1362 999 ζ

131 1031 210 1096 tiam
234 1031 267 1094 in
290 1033 398 1114 patria
420 1031 564 1096 iuvanda
587 1050 660 1096 esse
682 1032 813 1109 debere,
836 1031 869 1096 in
884 1034 954 1096 tarn
970 1031 1066 1114 gravi
1086 1031 1230 1115 populo,
1252 1032 1330 1095 tarta

131 1136 298 1219 proposita
330 1137 442 1219 gloria,
477 1141 546 1201 tam
577 1140 747 1220 praestanti
780 1139 826 1203 rei
853 1137 993 1221 publicae
1026 1137 1210 1220 dignitate.
1261 1136 1331 1218 oet

132 1263 188 1307 twa
209 1243 347 1321 tandem,
371 1243 484 1326 inquit,
507 1244 616 1325 facere
637 1243 792 1326 decenae,
816 1244 861 1308 ad
882 1265 952 1308 eam
974 1264 1046 1307 rem
1066 1244 1238 1328 publicam
1254 1252 1330 1308 wee-

132 1346 208 1412 dam
231 1350 383 1434 oppressi,
407 1372 477 1435 quoe
499 1357 590 1415 tanta
612 1350 767 1435 dignitate
790 1358 843 1432 est,
866 1358 901 1415 ut
924 1371 994 1414 eam
1016 1349 1249 1432 defendentem
1265 1352 1329 1415 oeci·

132 1455 206 1519 dere
239 1476 301 1519 non
336 1456 427 1519 atiud
460 1458 501 1520 sit
535 1478 631 1542 quom
664 1464 894 1542 oppugnantem
927 1478 1038 1522 renem
1061 1458 1199 1542 potiri?
1233 1457 1328 1537 Quum

132 1561 292 1628 Lambino
315 1564 434 1627 mirum
457 1563 564 1627 visum
588 1567 685 1641 esset,
709 1563 825 1628 eodem
849 1564 918 1629 loco
942 1563 1058 1629 haberi
1075 1583 1152 1629 rem
1174 1563 1328 1646 publicam

132 1668 307 1733 defendere
330 1673 362 1733 et
386 1689 586 1752 oppugnare,
616 1668 772 1746 Graevius,
800 1669 850 1734 vir
871 1690 938 1736 non
960 1670 1192 1747 acutissimus,
1221 1670 1327 1743 docuit,

131 1775 270 1839 occidere
291 1795 358 1840 non
382 1795 453 1840 esse
477 1776 538 1840 hoc
561 1776 632 1842 loco
642 1777 762 1860 perire,
786 1776 845 1841 sed
859 1797 981 1858 necare,
1005 1776 1206 1858 interficere3
1228 1778 1327 1858 itaque

130 1883 193 1948 hoc
216 1882 288 1961 dici,
317 1903 378 1964 par
400 1902 472 1946 esse
495 1882 600 1947 scelus
624 1883 670 1947 rei
693 1882 832 1965 publicae
855 1883 1063 1948 defensorem
1086 1882 1276 1948 interficere
1295 1900 1327 1947 ac

131 1988 303 2072 tyrannide
325 1990 357 2053 vi
380 1989 487 2071 potiri.
534 1988 698 2054 Graevium
727 1991 829 2054 secuti
858 1994 934 2054 sunt
964 1989 1104 2054 Mueller
1130 1992 1168 2054 et
1197 1989 1326 2055 Orellins

130 2114 191 2159 nec
225 2095 279 2159 alii
313 2095 537 2160 dissenserunt
570 2099 690 2179 praeter
724 2096 931 2160 Schueizium
966 2098 1000 2160 et
1028 2095 1064 2159 F.
1089 2095 1126 2161 C.
1152 2095 1325 2161 Wolffium

130 2201 225 2265 Subit
248 2201 359 2266 mirari
389 2202 441 2265 hic
472 2206 506 2266 et
538 2202 625 2280 alibi,
661 2222 760 2284 quam
792 2203 951 2267 incuriose
980 2201 1148 2267 interdum
1179 2201 1326 2285 philologi

130 2307 240 2390 legant
263 2314 295 2372 et
318 2308 581 2389 interpretentur.
617 2309 689 2374 Non
713 2310 902 2390 conquiram
925 2310 992 2372 iam
1014 2308 1145 2373 minora
1171 2312 1206 2373 et
1223 2312 1325 2373 tamen

130 2417 219 2478 certa
242 2417 435 2496 argumenta
458 2415 492 2478 in
515 2434 551 2479 re
573 2415 755 2498 perspicua,
781 2418 816 2480 ut
834 2415 1002 2497 explicem,
1025 2432 1135 2496 neque
1152 2435 1221 2479 noo
1242 2413 1325 2479 aliud

130 2541 193 2584 esse
216 2519 278 2585 isto
301 2520 400 2586 modo
423 2520 485 2585 dici
509 2521 550 2585 de
573 2522 672 2587 rebus
696 2542 788 2605 aeque
812 2541 870 2586 seu
893 2519 988 2586 bonis
1010 2540 1069 2585 seu
1091 2521 1203 2599 malis,
1226 2540 1324 2605 neque

129 2627 300 2709 participia
334 2627 380 2692 ita
414 2647 473 2709 pro
508 2629 720 2692 substantivis
744 2627 830 2710 poni,
866 2631 903 2691 ut
936 2627 1075 2691 occidere
1110 2627 1323 2710 defendentem

131 2735 376 2818 rempublicam
399 2734 525 2798 dicatur
548 2754 607 2815 pro
631 2754 680 2812 eo,
705 2735 792 2817 quod
816 2739 866 2799 est
883 2756 962 2811 eum,
987 2736 1040 2820 qui
1057 2733 1225 2816 defendat.
1264 2733 1322 2798 Sed

129 2842 195 2906 duo
217 2842 318 2907 miror
340 2861 430 2918 sane,
459 2842 612 2922 primum,
647 2842 702 2922 qui
726 2842 890 2923 potuerint
914 2842 973 2905 riri
996 2840 1081 2905 docti
1106 2844 1141 2905 et
1164 2839 1321 2906 Ciceronis

129 2948 280 3025 editores,
316 2968 417 3030 quum
446 2947 616 3025 diceretur,
652 2950 823 3030 perspicue
846 2953 984 3029 utroque
1006 2945 1159 3012 membro
1181 2946 1322 3011 similiter

75 3069 114 3111 ⁵0⁶
129 3056 347 3121 conformato:
383 3075 445 3118 non
475 3061 518 3118 eat
546 3054 637 3118 aliud
660 3075 729 3118 com
753 3054 969 3137 defendentem
992 3053 1133 3117 occidere
1155 3075 1253 3139 mcum
1274 3074 1320 3136 op

124 3170 320 3247 praeparantem
342 3183 450 3225 rerum
467 3163 578 3245 potiri,
603 3160 774 3243 participia
797 3161 851 3225 illa
874 3181 941 3227 non
964 3161 1079 3225 eodem
1097 3160 1198 3225 modo
1222 3160 1321 3225 inlini·

129 3269 202 3332 tivis
227 3269 380 3334 adiuncta
402 3272 529 3350 putare,
565 3267 624 3332 sed
652 3268 791 3332 alterum
815 3268 943 3346 obiecti,
979 3266 1067 3349 quod
1090 3269 1222 3343 vocant,
1257 3266 1320 3330 loco

128 3375 251 3439 habere
264 3373 517 3458 (defaecarem),
534 3375 674 3439 alterum
690 3375 732 3438 ad
749 3373 999 3439 describendum
1015 3371 1182 3445 additum
1198 3372 1320 3448 deinde,

128 3483 291 3563 quomodo
324 3503 373 3561 ea,
409 3502 508 3564 quam
537 3483 643 3546 inesse
672 3481 792 3559 dicunt,
828 3481 991 3545 sententia
1024 3480 1062 3543 iis
1097 3499 1132 3543 se
1169 3479 1320 3561 probarit

127 3588 213 3666 Quid
237 3590 344 3655 enirn?
375 3589 411 3653 ln
435 3609 516 3654 eone
540 3593 590 3654 est
613 3589 734 3666 Cicero,
758 3594 794 3651 ut
817 3589 932 3669 patriae
951 3587 1140 3651 defensores
1164 3605 1232 3651 non
1254 3604 1321 3650 esse

127 3693 320 3759 occidendos
344 3696 555 3775 demonstret,
585 3716 696 3761 eorum
721 3696 926 3759 sanctitatem
951 3695 1103 3758 tueatur?
1137 3691 1245 3759 Immo
1267 3712 1321 3775 pa·

127 3801 198 3864 triae
214 3800 377 3870 defensori
393 3823 458 3867 non
474 3824 546 3868 esse
562 3801 822 3885 pertimescenda
838 3800 982 3883 pericula
998 3800 1102 3878 docet,
1127 3820 1170 3864 ne
1185 3804 1321 3866 mortem

126 3906 269 3987 quidem,
294 3927 366 3990 quae
391 3913 458 3974 tem
483 3912 621 3994 gloriose
644 3910 790 3992 oppetita
812 3908 971 3990 praeclara
994 3911 1027 3971 et
1043 3906 1143 3971 beata
1160 3907 1321 3973 censenda

126 4012 177 4075 sit.
224 4012 309 4091 Quid
333 4015 430 4098 igitur
452 4019 515 4083 isto
543 4019 643 4083 totius
672 4017 732 4081 loci
761 4014 849 4079 exitu
877 4013 1082 4095 perversius?
1117 4011 1218 4095 (Nam
1246 4013 1322 4079 illud

126 4118 227 4183 levius
252 4124 310 4200 est,
348 4125 527 4207 tyrannidis
559 4125 741 4190 foeditatem
770 4141 835 4186 non
858 4120 954 4196 ¹valde
977 4120 1113 4202 exprimi
1139 4121 1249 4186 verbis
1272 4140 1321 4205 op

62 4208 66 4219 ’
119 4234 314 4308 permicantem
337 4250 445 4294 rerum
462 4232 588 4317 potiri.)
635 4232 821 4297 Teneamus
845 4227 950 4310 igitur,
983 4226 1111 4308 dequo
1136 4226 1320 4291 dubitatum

125 4350 196 4395 esse
220 4353 285 4398 non
308 4338 461 4419 oportuit,
477 4320 480 4325 ’
498 4362 567 4405 eom
596 4337 813 4422 defendentem-
837 4333 974 4399 neddere
997 4352 1068 4397 esse
1093 4334 1128 4396 in
1151 4352 1189 4396 eo
1213 4333 1321 4417 defen-

124 4436 230 4502 denda
253 4451 381 4508 monem
409 4455 559 4532 oppetere,
595 4444 843 4529 compararique
871 4445 1009 4507 mortem
1038 4459 1098 4522 pro
1126 4459 1162 4504 re
1190 4440 1321 4522 publica

124 4564 198 4608 cum
221 4546 358 4630 imperio
380 4573 416 4618 re
438 4575 471 4638 p.
496 4553 716 4640 oppugnanda
739 4551 876 4633 quaesito
905 4546 998 4629 eique
1021 4546 1179 4627 praeferri.
1227 4545 1321 4626 Quod
