2948 5206
666 274 731 340 203

93 460 99 481 ²
159 464 190 529 31.
199 462 216 546 ¹)
247 469 400 534 Ciceronis
424 471 525 534 rerba
549 471 582 534 in
609 471 756 535 oratione
785 473 897 534 contra
925 469 1057 534 Rullum
1087 471 1230 534 secunda
1255 470 1295 551 (o.

73 566 104 603 '·²
154 570 189 652 tt)
202 594 251 640 non
268 576 380 657 opinor
402 595 488 640 nunc
505 595 702 658 quemquam
728 579 760 641 in
783 596 856 640 eam
880 578 1076 641 sententiam
1099 582 1295 658 pervertere.

77 682 101 711 ’···
151 682 171 741 11
185 679 213 743 de
230 682 367 764 suffragii
391 683 566 748 amissione
590 703 713 760 eorum,
743 685 798 765 qui
822 685 854 747 in
878 683 1020 748 colonias
1044 684 1137 760 irent,
1163 685 1295 766 capian-

146 789 183 857 tur,
200 807 286 868 qutun
309 789 452 852 oratorie
476 792 709 854 enumerentur
732 791 822 854 urbis
846 789 1027 866 commoda,
1052 789 1170 871 quibus
1189 792 1295 855 minus

78 892 81 897 ’
140 890 180 957 ini
196 895 309 975 possint
332 896 420 958 cives
443 895 625 978 longinqui;
660 896 744 960 inter
772 916 845 978 quae
873 900 969 961 erant
991 915 1070 959 sane
1095 897 1259 978 suffragia.
1269 892 1295 977 2)
1310 921 1350 961 aso

137 998 183 1064 l'on
201 1005 253 1076 est,
288 1002 414 1084 opinor,
451 1001 572 1066 diutius
600 1003 633 1065 in
657 1003 706 1067 his
730 1004 931 1084 argumentis
956 1002 1140 1067 refellendis
1164 1022 1296 1067 moran-

133 1103 199 1182 dum
229 1106 282 1170 illa
309 1108 481 1173 videamus
510 1110 705 1183 testimonia,
742 1129 815 1191 quae
838 1109 881 1185 id,
917 1109 1005 1190 quod
1029 1128 1068 1172 ex
1092 1110 1164 1190 ipsa
1186 1128 1296 1173 rerum

130 1215 217 1276 natura
238 1212 331 1295 sequi
347 1219 425 1278 ante
442 1215 654 1292 ostendimus,
679 1218 871 1280 auctoritate
891 1235 957 1279 non
974 1216 1073 1279 tacita
1092 1215 1295 1280 confirmant.

130 1316 163 1382 tx
178 1318 289 1401 quibus
312 1320 394 1384 illud
418 1321 542 1398 omitto,
567 1323 655 1405 quod
677 1322 767 1405 apud
790 1321 978 1406 Dionysium
997 1322 1139 1386 Halicar.
1164 1322 1228 1404 (Vl,
1253 1323 1295 1387 63

126 1428 151 1487 el
165 1424 220 1499 Vll,
254 1423 311 1508 53)
346 1428 489 1509 positum
523 1428 556 1493 in
591 1431 793 1494 orationibus
827 1429 925 1510 Appii
961 1429 1001 1491 de
1036 1429 1228 1493 revocandis
1263 1432 1294 1493 in

126 1530 212 1595 urbem
246 1532 369 1598 colonis
404 1533 479 1615 (roric
497 1540 527 1592 ἐκ
551 1546 606 1594 τῶν
628 1549 768 1612 φρουρίων
785 1538 1026 1612 μεταπεμπώμεθα
1045 1543 1090 1592 καὶ
1110 1539 1171 1600 τούς
1189 1541 1220 1594 ἐν
1238 1545 1296 1600 ταῖς

125 1636 441 1721 wardastallum)
472 1643 574 1707 multo
606 1663 685 1708 sane
715 1644 832 1707 melius
863 1643 928 1706 huc
959 1637 1159 1718 traheretur,
1194 1661 1293 1722 quam

125 1762 173 1823 pto
189 1745 381 1810 Niebuhrius
407 1751 505 1813 traxit
528 1749 541 1813 l
565 1770 595 1830 p.
621 1750 686 1814 635
709 1750 761 1813 ed.
785 1750 816 1812 2.
857 1750 942 1813 Nam
966 1748 1028 1813 illis
1052 1748 1195 1831 Dionysii
1220 1767 1294 1812 ora·

125 1849 239 1915 tionibus
261 1853 294 1916 in
318 1856 499 1935 quaestione
522 1856 676 1921 historica
703 1857 750 1920 uti
775 1857 871 1938 plane
894 1875 961 1919 non
985 1850 1105 1935 lieet.³)
1151 1855 1217 1919 Nec
1242 1854 1295 1918 illo

126 1960 189 2021 utor.
213 1959 296 2040 quod
318 1959 492 2044 Dionysius
515 1963 548 2026 in
572 1962 678 2045 priore
703 1964 849 2028 oratione
873 1963 970 2045 Appii
995 1961 1059 2043 (Vl,
1084 1959 1139 2041 63)
1164 1961 1294 2025 colonos

128 2078 204 2125 uersu
223 2065 345 2129 civium·
360 2066 585 2133 Romanorum
618 2070 875 2150 comprehendit.
923 2069 1006 2133 Nam
1036 2067 1119 2132 adeo
1147 2071 1198 2131 est
1225 2069 1294 2149 ipse

130 2163 292 2245 bundans,
320 2176 366 2250 ut,
397 2175 448 2238 ius
471 2175 641 2240 hominum
665 2196 704 2239 ex
721 2175 767 2240 eo
791 2182 918 2239 tantum
944 2177 1093 2251 metiens,
1129 2180 1237 2238 utrum
1262 2176 1293 2239 in

132 2271 195 2335 urbe
212 2294 247 2339 an
267 2282 358 2342 extra
381 2299 456 2345 eam
484 2282 642 2357 habitent,
672 2282 748 2347 alibi
778 2283 910 2347 eosdem
935 2281 1010 2363 (τούς
1037 2288 1068 2340 ἐν
1091 2293 1295 2358 ramwardo

135 2445 359 2463 *z—

161 2567 177 2631 ¹l
191 2574 275 2631 Veritus
296 2597 372 2641 sum,
401 2597 436 2634 ne
461 2581 522 2647 quis
545 2587 739 2650 argumentum
764 2587 885 2637 sumeret
909 2599 942 2635 ex
967 2582 1056 2634 verbis
1079 2583 1172 2635 Rotlrii
1196 2582 1242 2648 (de
1266 2600 1294 2635 re

195 2678 249 2718 mun
265 2684 289 2735 p.
308 2668 341 2720 18
365 2666 432 2733 not.)
457 2670 490 2722 de
515 2670 574 2738 ipsa
598 2688 635 2733 re,
664 2689 748 2740 quarn
773 2678 879 2734 tractat,
909 2671 1048 2724 verissime
1071 2672 1178 2739 positis:
1210 2672 1293 2734 ,Cuur

192 2757 280 2820 populor
296 2758 364 2810 dixit
382 2758 485 2821 Cicero,
505 2759 619 2813 exclusit
638 2778 670 2813 eo
690 2762 749 2829 ipso
769 2762 902 2815 vocabulo
922 2767 949 2813 et
968 2760 1118 2828 segregarit
1133 2759 1292 2827 111unicipia;

197 2838 238 2893 hac
251 2845 315 2898 enim
334 2847 430 2915 populi
449 2847 567 2900 Romani
585 2849 673 2902 sunt.“
704 2851 777 2903 Dixit
796 2850 869 2903 enim
889 2848 988 2917 plurali
1007 2865 1122 2901 numero
1141 2854 1168 2902 et
1178 2851 1312 2917 populor

197 2933 264 2985 wolon
296 2935 398 2989 Eodem
426 2937 508 2990 modo
537 2954 580 2990 rea
600 2940 716 3004 publiroe
745 2939 956 3007 municipiorum
984 2937 1083 3005 saepius
1108 2938 1293 3000 nominantur,

198 3017 251 3073 relat
265 3022 313 3077 (lie
331 3024 365 3077 ad
385 3024 462 3078 Fam.
481 3025 551 3089 Xlll,
572 3025 613 3079 11.

169 3097 185 3165 'l
202 3104 236 3158 Vos
248 3128 307 3179 mo,
328 3115 456 3180 Quirites,
475 3118 584 3167 retinete
604 3118 681 3168 utam
698 3120 893 3183 possessionem
910 3119 1016 3183 prante,
1035 3117 1175 3182 libertatis,
1194 3119 1294 3182 suffla-

197 3197 283 3267 thm,
307 3205 458 3269 donuae,
486 3205 571 3269 urbia,
596 3206 662 3270 fori,
689 3207 825 3270 ludorum,
851 3207 983 3272 festorum
1005 3207 1119 3271 dierum,
1148 3213 1294 3258 ceterorum

199 3291 288 3341 mum
304 3294 509 3345 commodorum.

170 3360 187 3429 'l
198 3367 285 3432 Omnino
296 3379 379 3443 Livio,
399 3381 496 3434 Ladae
515 3380 652 3444 scribenti,
672 3381 722 3434 elsi
742 3387 866 3435 veterum
886 3383 995 3435 illorum
1014 3382 1231 3436 decemvirorum
1250 3382 1294 3434 tri-

200 3457 359 3536 bunorumque
377 3475 406 3523 et
424 3470 541 3523 aliorum
561 3469 699 3523 orationes
722 3486 777 3522 non
797 3487 830 3523 ex
850 3470 971 3539 reliquiis
990 3471 1081 3524 nescio
1101 3471 1200 3539 quibus
1220 3487 1294 3523 rera-

199 3556 401 3611 anonumum
419 3559 663 3626 componebantur,
684 3576 752 3626 quas
767 3559 863 3612 litteris
877 3561 1026 3613 nemodum
1042 3560 1227 3627 consignabat,
1246 3559 1292 3611 sed

199 3633 259 3702 inira
274 3643 376 3712 ingenio
396 3648 578 3715 fingebantur,
608 3652 699 3700 tamen
724 3647 846 3701 accidere
867 3653 974 3716 poterat
992 3655 1019 3702 et
1039 3649 1136 3702 accidit
1155 3665 1235 3716 saepe,
1263 3653 1294 3700 ut

199 3731 279 3795 anana
298 3735 422 3802 quadam
448 3735 544 3797 verba,
573 3737 673 3789 veteris
701 3736 817 3790 instituti
847 3739 1009 3791 memoriam
1033 3737 1231 3799 conservantia,
1260 3752 1293 3788 ex

200 3824 424 3877 bunuariorum
439 3831 467 3877 et
481 3825 623 3877 annalium
635 3826 710 3878 libris
726 3826 842 3893 repetita
856 3832 978 3893 poneret,
993 3843 1043 3879 nec
1053 3827 1179 3879 Romano
1189 3825 1293 3877 homini

200 3904 238 3957 itm
253 3912 366 3975 proclivis
385 3918 445 3965 erat
464 3930 480 3965 a
499 3914 692 3981 probabilitate
710 3914 856 3967 aberratio.
891 3915 1045 3983 Dionysius,
1065 3916 1157 3968 rhetor
1178 3920 1205 3967 et
1224 3914 1294 3966 Graa-

201 4004 242 4056 0¹1⁸.
263 3998 448 4055 incredibiliter
480 4002 508 4054 in
537 4003 589 4055 illis
617 4003 786 4057 orationibus
821 4003 924 4070 ineptit.
972 4003 1103 4072 Exemplo
1136 4004 1191 4056 sint
1219 4003 1293 4055 Metti

201 4076 408 4144 turritanum
428 4091 536 4143 Hostilii
560 4091 698 4144 orationes
718 4091 812 4145 Graeca
835 4092 988 4145 eruditione
1012 4092 1118 4145 refertae
1138 4093 1183 4153 lll,
1210 4091 1243 4142 16
1267 4096 1293 4144 et

202 4165 230 4221 ll.
257 4174 307 4243 lpse
324 4179 461 4232 interdum
481 4179 509 4232 id
527 4180 610 4233 sentit
634 4185 661 4232 et
685 4179 803 4232 colorem
827 4180 947 4247 aliquem
971 4180 1100 4233 inducere
1123 4180 1215 4233 studet
1234 4178 1292 4241 (cir.

201 4253 233 4320 ll.
248 4260 289 4327 ll).
321 4267 378 4320 Non
397 4268 514 4321 libenter
534 4268 652 4321 insector
671 4273 790 4321 veterem
811 4271 980 4337 scriptorem,
1006 4286 1088 4336 quern
1108 4269 1195 4321 multa
1214 4284 1293 4320 excu-

202 4353 256 4411 sati:
270 4355 309 4407 sed
327 4373 420 4410 eorum
440 4364 481 4410 est
500 4358 589 4426 culpa,
609 4357 664 4425 qui,
684 4357 773 4425 qualis
786 4362 836 4421 est,
856 4359 940 4411 talem
953 4358 1048 4410 baberi
1061 4358 1167 4420 nolunt,
1187 4357 1293 4425 quoties

203 4432 250 4499 iliis
264 4446 423 4499 ammodum
444 4452 493 4499 est.
522 4443 699 4512 [Niebuhrius
719 4446 755 4498 [ΙΙ
774 4463 800 4513 p.
821 4446 872 4498 614
892 4451 948 4499 not.
968 4446 1051 4498 etiam
1071 4446 1212 4498 rhetoricis
1232 4446 1293 4498 arti·

202 4519 253 4575 ielis
266 4529 410 4600 Dionysium
430 4535 548 4588 abusum
568 4540 657 4603 negat.
697 4532 785 4601 1834]
