2956 5190
738 314 804 380 418

170 509 345 588 videbitur,
377 528 443 574 non
467 511 641 592 attingam3
677 529 716 574 ea
739 528 927 591 persequar,
963 528 1040 591 quae
1062 507 1208 574 meliora
1230 506 1296 573 lieri
1312 528 1355 592 po-

171 618 291 694 terunt,
321 634 421 697 quam
444 615 478 679 in
501 615 642 681 editione
666 614 832 681 Orelliana
854 618 941 681 sunt.
986 615 1103 697 Atque
1127 614 1198 680 iam
1221 615 1256 681 in
1275 616 1357 698 prim

173 722 279 805 capite
302 721 444 804 graviter
466 722 681 804 interpolatus
704 725 755 787 est
782 724 809 787 is
837 722 937 800 locus,
972 722 1031 786 ubi
1054 720 1176 787 Cicero
1199 720 1359 787 Stoicorum

171 828 339 911 paradoxo
362 829 474 907 utitur,
510 831 547 893 ut
573 828 768 911 Pompeium
796 832 930 911 propter
958 828 1065 894 omnis
1091 827 1230 893 virtutis
1251 847 1360 911 posses·

172 936 297 1000 sionem
322 934 421 999 etiam
450 939 613 1001 oratorem
642 937 712 1001 siue
743 936 898 1019 singulari
930 935 999 1000 eius
1031 935 1116 1000 artis
1150 934 1363 1000 exercitatiore

173 1061 211 1106 ac
234 1040 342 1107 studio
366 1041 490 1106 factum
513 1041 610 1107 dicat.
657 1042 786 1107 Editur:
821 1050 856 1106 ut
883 1042 964 1106 mibi
993 1043 1062 1105 iam
1091 1062 1209 1105 verum
1238 1039 1364 1105 viem

173 1147 254 1212 Illud
276 1168 350 1228 csse,
374 1148 456 1232 quod
478 1149 633 1231 nonnulli,
657 1150 771 1213 litteris
793 1169 831 1212 ac
847 1148 963 1214 studiis
978 1148 1138 1213 doctrinm
1155 1146 1269 1227 dediti,
1290 1148 1365 1232 pm

172 1254 327 1341 quiddam
354 1254 538 1319 incredibile
566 1255 670 1320 dicere
691 1255 902 1339 potabantur,
937 1276 1017 1337 eum,
1052 1256 1111 1341 pei
1141 1274 1252 1319 omnes
1278 1256 1367 1317 actm
1408 1286 1410 1319 :

173 1363 303 1425 uirtutes
318 1362 448 1444 penitus
470 1360 760 1444 comprehendisset,
783 1364 901 1445 omnic,
931 1383 1001 1449 qum
1020 1362 1136 1445 facere
1161 1361 1263 1443 veltet,
1289 1359 1367 1442 focd-
1408 1358 1410 1365 '

172 1470 245 1533 time
268 1476 418 1533 tractare.
453 1468 518 1533 Sed
541 1468 670 1533 codices
692 1487 759 1534 non
782 1469 968 1552 interpolati
984 1466 1067 1551 (PE)
1082 1488 1148 1552 pro
1173 1489 1247 1533 eum
1260 1467 1368 1533 habent

173 1579 201 1641 ei
229 1574 269 1658 (Ρ
297 1577 326 1639 ei
354 1574 450 1661 quod),
486 1575 603 1640 deinde
634 1576 751 1654 omniu,
787 1597 857 1661 quce
887 1574 927 1658 (E
958 1573 1028 1661 que)
1058 1575 1199 1657 feceret,
1234 1581 1367 1639 tractore.

173 1681 312 1765 [Eadem
335 1682 528 1760 Beruenses,
552 1682 612 1746 sed
636 1683 674 1763 ei,
698 1702 768 1767 quo.
806 1681 918 1763 1842]
963 1682 1116 1765 Apparet
1140 1682 1304 1761 dativum,
1323 1683 1368 1764 qui

173 1789 335 1855 tenendus
359 1793 435 1854 ante
458 1790 569 1853 emula
593 1792 652 1865 est,
687 1789 721 1853 in
750 1790 973 1853 accusativum
995 1793 1166 1854 mutatum
1193 1809 1279 1869 esse,
1311 1795 1368 1854 tum

173 1916 304 1962 summa
327 1896 457 1961 licentia
485 1895 599 1960 addita
626 1895 792 1972 nonnulla,
827 1898 864 1960 ut
899 1898 1090 1978 corruptum
1124 1895 1212 1961 illud
1245 1904 1369 1961 tractore

173 2004 369 2069 sententiam
404 2004 553 2068 haberet.
606 2000 701 2065 Vellet
734 2021 776 2066 ne
810 2003 844 2065 in
867 2001 972 2066 Guelf.
1002 2001 1137 2084 quidem
1176 2006 1240 2081 est,
1275 2006 1368 2069 ortum

133 2124 160 2164 1⁵
172 2114 254 2190 tum,
279 2130 390 2193 quum,
416 2109 564 2174 detracta
586 2107 705 2185 littera,
727 2107 836 2190 fecere
859 2109 1015 2191 scripturn
1032 2104 1174 2192 esset.¹)
1212 2109 1367 2181 Sentent'u

174 2221 329 2300 apparet;
358 2217 460 2281 verba
487 2213 682 2297 reperienda
704 2217 780 2278 sunt
804 2218 883 2297 apta
906 2215 949 2279 ad
973 2214 1102 2279 facilem
1127 2217 1241 2281 omnis
1262 2216 1368 2299 negotii

174 2326 207 2387 et
230 2323 309 2388 artis
333 2323 562 2388 tractationem
586 2320 842 2404 significandam,
866 2325 938 2385 tum
962 2341 1035 2404 quae
1059 2321 1175 2388 dativo
1199 2322 1247 2387 illi
1264 2341 1368 2389 conve·

173 2432 281 2507 niant;
316 2431 427 2512 itaque
450 2433 483 2494 et
505 2436 644 2493 tractare
668 2430 701 2491 et
728 2447 825 2492 omne
848 2428 995 2508 verbum,
1031 2429 1121 2510 quod
1144 2429 1191 2494 ad
1214 2430 1368 2495 hominem

174 2537 345 2615 referatur,
376 2535 568 2602 excluditur.
614 2534 836 2616 Relinquitur:
872 2536 911 2616 ei,
941 2536 996 2620 qui
1018 2568 1061 2580 -
1084 2535 1368 2620 comprehendere,

174 2645 291 2725 crinito,
327 2665 396 2728 qaae
424 2643 556 2726 faceret,
592 2649 671 2705 recte
700 2661 732 2705 se
763 2640 852 2705 dore.
899 2641 1054 2706 Confusio
1086 2640 1228 2724 syllabae
1258 2642 1368 2707 utine

174 2749 262 2814 vocis
283 2748 404 2831 faceret
427 2754 461 2815 et
483 2748 596 2830 primae
620 2748 758 2830 proxImi
782 2748 931 2812 vocabuli
949 2748 1055 2813 locum
1075 2748 1284 2830 depravavit.
1315 2748 1367 2813 Iter

174 2877 206 2920 se
229 2856 308 2920 dere
331 2856 458 2934 dicItur,
482 2856 516 2920 id
540 2858 598 2934 est,
627 2854 814 2936 procedere,
844 2854 1028 2932 succedere,
1058 2858 1217 2919 eventum
1241 2855 1366 2929 habene

175 2962 382 3045 appellantur
405 2964 438 3028 iu
462 2963 572 3027 lexicis
597 2962 728 3026 Terent.
753 2961 833 3025 Hec.
858 2961 909 3038 ΙΙΙ,
935 2961 965 3039 3,
990 2961 1043 3039 20,
1073 2966 1175 3044 poeta
1197 2963 1289 3045 apud
1310 2962 1364 3028 Cic.

175 3068 215 3133 de
239 3069 278 3133 N.
302 3069 340 3133 D.
364 3069 416 3147 ΙΙΙ,
441 3070 493 3147 26,
519 3068 584 3133 Cic.
609 3068 652 3132 ad
675 3068 773 3132 Attio.
797 3068 848 3145 ΙΙΙ,
874 3067 916 3131 23
940 3071 1021 3132 extr.
1067 3068 1171 3133 Addit
1194 3069 1364 3135 Gronovius

175 3176 218 3240 ad
241 3176 367 3240 Liuium
391 3176 531 3253 XXVIII,
562 3176 583 3239 5
607 3176 720 3239 Senec.
744 3174 846 3257 Epist.
871 3175 912 3237 79
942 3173 1098 3255 (omnibus
1122 3183 1285 3258 prraeterec
1303 3176 1364 3259 feti·

175 3283 252 3346 citer
275 3281 325 3345 bic
348 3283 432 3346 Iocus
454 3303 486 3346 se
509 3279 608 3363 dedit)
633 3286 666 3346 et
688 3281 775 3362 Virg.
799 3280 916 3363 Georg.
940 3280 963 3358 I,
988 3281 1063 3346 287.

263 3387 367 3452 Paulo
397 3393 471 3470 post
494 3386 512 3469 ἐ
536 3389 567 3467 5,
603 3389 691 3471 quod
726 3387 819 3453 codd.
855 3391 888 3452 et
919 3379 962 3452 'ex
997 3388 1035 3451 iis
1070 3387 1144 3452 edd.
1180 3389 1363 3455 recentiores

174 3493 315 3558 habent:
344 3494 476 3579 dippum
498 3497 547 3558 rei
577 3495 708 3572 uidetur,
738 3515 802 3560 non
831 3494 936 3559 solum
961 3494 1034 3558 ideo
1058 3495 1248 3577 improbare
1272 3513 1364 3577 cogor,

175 3600 263 3682 quod
291 3601 414 3666 nullum
444 3604 494 3666 est
525 3601 614 3666 aliud
644 3602 831 3684 exemplum
864 3601 933 3665 eius
965 3604 1138 3666 structurae
1169 3621 1190 3665 a
1222 3601 1364 3666 Cicerone

175 3711 352 3790 usurpatae,
376 3708 435 3773 sed
459 3708 556 3790 quod,
581 3708 659 3790 quid
682 3728 738 3773 reo
762 3709 895 3791 dignum
920 3712 1015 3785 esset,
1041 3709 1293 3774 commemorari
1313 3709 1364 3773 boc

176 3812 245 3878 loco
269 3833 335 3878 non
357 3815 473 3897 potuit.
520 3814 604 3878 Nam
628 3817 661 3878 et
683 3815 825 3899 incipere
849 3836 870 3879 a
897 3814 1160 3897 splendidissimo
1185 3816 1285 3882 debet
1305 3815 1365 3879 hec

175 3921 377 3985 enumeratIo
406 3918 566 4002 (sequitur
595 3920 742 4003 Pompeii
777 3921 1050 4004 praestantissima
1085 3922 1197 4003 gloria,
1234 3923 1364 3988 iudicum

175 4025 328 4104 officium,
353 4026 425 4109 ipsa
448 4025 571 4109 causa),
596 4047 656 4092 nec
680 4027 812 4110 dIgnum
837 4027 940 4092 Balbo
965 4027 1027 4092 dici
1050 4027 1116 4094 ullo
1141 4029 1241 4095 modo
1257 4032 1365 4113 potest,

91 4115 98 4129 ⁶
176 4135 283 4195 ratum
307 4134 432 4213 haberi,
468 4135 556 4216 quod
582 4134 758 4216 Pompeius
787 4134 908 4199 fecerit.
955 4134 1008 4198 Ad
1036 4135 1142 4216 ipsam
1167 4135 1366 4220 reipublice

175 4235 366 4318 dignitatem
390 4241 571 4322 spectabat,
608 4242 677 4305 eius
702 4241 789 4318 civis,
825 4241 877 4305 cui
906 4244 1034 4305 tanturn
1064 4261 1103 4305 ea
1128 4246 1160 4306 et
1184 4243 1320 4308 deberet
1341 4246 1368 4306 et

176 4479 198 4547 1Ι
245 4484 384 4546 Gruterus,
413 4486 485 4554 quod
509 4486 665 4563 speciminis
688 4488 747 4542 loco
773 4489 806 4542 de
831 4494 890 4543 tota
908 4489 1031 4542 oratione
1050 4505 1110 4543 esse
1128 4495 1228 4558 potest,
1257 4490 1324 4544 nihil
1340 4489 1371 4542 de

265 4573 321 4626 suis
340 4572 456 4640 coedis.
476 4575 553 4640 Vico,
573 4576 629 4631 Pal.
648 4576 673 4643 9,
693 4575 760 4643 Eri.)
778 4576 853 4632 dixit.
