2956 5190
731 308 797 375 438

167 506 342 571 adirectae
366 505 626 587 interrogationis
650 503 755 569 sonna
779 505 812 568 in
836 504 938 571 altero
961 504 1118 569 membro
1149 504 1343 571 transissent

167 613 338 695 pendentis
354 612 509 676 formam:
534 631 650 696 quaero,
662 612 856 694 postulamur
872 646 914 656 -
931 632 973 674 an
990 611 1189 675 denuntiem.
1226 608 1344 694 leur)

168 718 266 802 Apud
282 719 469 785 Ciceronem
492 718 565 782 libr.
582 718 595 780 l
619 716 660 781 de
684 718 780 799 Legg.
794 737 821 782 c.
838 718 890 794 21,
915 719 957 783 56
974 737 1062 782 nunc
1078 738 1123 782 ex
1147 737 1215 783 uno
1231 719 1347 800 pessimo

168 825 277 891 codice
301 826 422 890 editur:
450 825 628 904 Quamnam
651 824 751 908 ipitur
767 825 951 888 sententiam
968 824 1143 902 dicemue?,
1170 843 1271 906 quum
1290 830 1349 890 ante

166 936 254 997 recte
277 933 434 1014 scriptum
458 934 545 995 esset
568 930 734 994 dicimus..
759 930 950 995 Posterioris
974 931 1104 1013 generis
1131 932 1223 1013 prior
1244 933 1349 1013 species

168 1036 246 1121 (qua
270 1038 437 1103 consilium
461 1055 527 1101 non
551 1036 687 1100 dubium
712 1036 851 1102 faciendi
874 1036 1089 1120 significatur)
1115 1046 1170 1103 est
1193 1037 1281 1119 apud
1300 1037 1351 1102 Cic.

170 1144 210 1209 de
229 1144 320 1209 Orat.
338 1144 388 1222 ΙΠ,
413 1145 444 1221 5,
471 1144 527 1206 17:
552 1142 681 1206 Imucue
703 1144 842 1208 sessum?
864 1147 896 1208 et
918 1144 1088 1227 Virgilium
1112 1146 1190 1210 AEn.
1213 1146 1267 1222 xl,
1288 1145 1352 1211 389:
1395 1150 1397 1181 ²

172 1250 262 1314 Imus
284 1252 319 1313 in
343 1250 511 1314 adversos?
544 1250 631 1332 quod
654 1250 801 1333 Heynius
831 1253 863 1314 et
886 1250 1042 1332 Forbiger
1064 1261 1190 1333 pa'rum
1214 1251 1355 1316 subtiliter

169 1361 332 1421 enarrant.
370 1357 554 1422 Secundam
579 1357 731 1438 speciem,
756 1357 851 1439 longe
874 1356 1144 1438 frequentiorem,
1169 1360 1243 1423 haec
1264 1362 1356 1423 osten·

170 1463 266 1527 dunt:
291 1463 355 1528 Cic.
369 1464 446 1528 Lael.
460 1483 486 1527 c.
505 1464 534 1541 7,
559 1464 617 1527 24:
642 1461 766 1527 Stantee
775 1461 974 1546 plaudebant
988 1464 1024 1526 iu
1038 1484 1075 1527 re
1096 1462 1198 1545 ficta,·
1220 1465 1294 1550 quid
1313 1486 1356 1528 ur·

170 1569 327 1633 bitramnr
357 1572 392 1634 in
422 1591 498 1634 uera
527 1570 671 1652 facturos
700 1569 826 1651 fuisse?
857 1569 953 1633 huius
988 1569 1150 1635 orationis
1186 1591 1215 1635 c.
1239 1572 1291 1648 24,
1311 1572 1355 1635 54:

169 1675 256 1740 Num
277 1676 396 1758 fundos
424 1678 524 1761 initu-r
549 1676 652 1758 factos
674 1677 808 1760 populos
832 1675 965 1739 Latinos
993 1676 1204 1742 arbitramur
1234 1677 1357 1742 Seruilia

168 1783 250 1867 leqi?
271 1803 330 1865 pro
354 1784 437 1848 Caec.
462 1803 489 1847 c.
515 1784 565 1860 17,
590 1783 649 1858 5ος
673 1783 714 1847 de
738 1783 812 1846 Nat.
837 1783 875 1846 D.
899 1782 922 1860 I,
947 1782 999 1858 29,
1025 1783 1085 1847 80:
1113 1784 1242 1870 Ecquos
1262 1787 1290 1850 ei
1309 1805 1357 1848 non

168 1899 233 1955 tarn
267 1891 436 1973 strabones,
473 1897 506 1953 at
533 1891 668 1974 pacatos
703 1910 766 1954 esse
800 1888 1021 1953 arbitramur?
1053 1890 1124 1955 ibd.
1150 1891 1206 1969 III,
1231 1892 1283 1969 30,
1310 1892 1356 1955 ib:

170 1997 266 2062 Hanc
299 1999 399 2083 initur
432 2003 554 2061 tantam
590 2017 610 2059 a
644 1997 695 2060 die
722 1995 952 2059 immortalibus
979 1995 1186 2061 arbitramur
1218 1999 1358 2062 malornm

168 2112 331 2169 sementem
344 2125 406 2168 esse
416 2103 563 2186 factam?
585 2102 717 2167 Tuscul.
730 2102 781 2180 IV,
799 2102 852 2179 25,
869 2101 929 2165 55:
948 2101 1033 2165 Num
1047 2111 1104 2167 aut
1117 2106 1221 2188 episee
1232 2126 1357 2190 unquam

168 2213 286 2275 iratum
294 2211 448 2295 AEsopum
459 2217 514 2273 acet
524 2212 685 2293 scripsisse
699 2211 1045 2303 eaistimmnus'iratum
1052 2210 1180 2274 Attium
1188 2212 1207 2275 ,9
1216 2211 1272 2276 ubi
1284 2211 1357 2293 quod

171 2318 291 2383 librarii
303 2318 551 2400 interpolatores
564 2317 597 2380 in
613 2335 735 2398 paucos
749 2314 842 2379 codd.
855 2315 1033 2379 intulerunt
1046 2318 1224 2393 existimas,
1242 2320 1274 2382 in
1285 2318 1358 2382 iden

169 2425 279 2490 incidit
297 2425 471 2499 Bentleius,
497 2443 517 2488 a
534 2427 645 2487 vetere
661 2421 813 2504 loquendi
832 2441 950 2503 genere
972 2423 1148 2501 aberrans;
1172 2425 1216 2489 de
1229 2424 1356 2500 Divinl,

169 2532 221 2609 39,
241 2531 283 2595 84
299 2529 356 2612 (aa
372 2527 632 2615 exspectamusi);
656 2530 783 2593 Lucret.
797 2528 848 2605 Vl,
875 2529 975 2593 1105:
1001 2529 1184 2616 Numquid
1200 2531 1358 2595 Britannis

168 2640 278 2702 crelam
312 2637 443 2719 differre
471 2645 624 2722 piciamus
660 2635 701 2699 Et
736 2635 818 2719 qnod
848 2637 881 2698 in
911 2636 1050 2720 AEpypto
1080 2645 1133 2718 est,
1171 2658 1236 2722 qua
1260 2635 1357 2700 mundi

169 2744 327 2808 clarulical
353 2746 446 2809 anic?
478 2745 587 2808 iuven.
612 2744 680 2807 Sat.
704 2743 754 2820 lV,
785 2742 843 2806 28:
881 2742 996 2821 Quales
1024 2751 1096 2806 tunc
1126 2746 1240 2828 epulas
1267 2745 1356 2828 ipsum

166 2852 294 2936 piutisse
312 2859 464 2934 putamus
489 2849 775 2934 induperatorem?
808 2847 906 2930 (Male
930 2849 1108 2930 Rupertius
1139 2870 1180 2914 ex
1209 2850 1355 2933 paucissi-

169 2959 230 3023 mis
255 2958 348 3021 codd.
370 2955 539 3042 nectemus.)
574 2956 654 3020 Haec
678 2969 779 3037 quum
804 2955 981 3032 considero
1007 2956 1091 3019 infra
1109 2976 1136 3020 c.
1156 2958 1209 3035 24,
1236 2957 1288 3033 55,
1309 2957 1355 3019 nbi

169 3064 201 3127 in
226 3064 296 3128 cod.
321 3065 498 3147 archetypo
522 3064 597 3128 suit:
628 3063 714 3126 Num
738 3064 837 3147 initur
861 3070 916 3125 aut
937 3063 1057 3144 fraedae
1077 3063 1182 3145 factos
1212 3063 1354 3127 Velienses

170 3171 501 3235 —.arbitrabamur?
534 3169 609 3252 (PE,
641 3170 723 3234 Orm.
749 3171 778 3248 2,
809 3169 882 3233 edd.
913 3167 1014 3249 vett),
1051 3169 1170 3234 rectius
1201 3169 1354 3235 emendari

168 3281 248 3359 puto
272 3278 470 3342 arbitramur
494 3297 593 3359 quam
618 3276 863 3350 arbitrabimur;
887 3276 919 3339 in
937 3276 1077 3340 Divinai.
1103 3279 1214 3340 autem
1232 3277 1268 3340 in
1283 3276 1354 3341 Caec.

129 3402 156 3440 ⁴2
171 3402 198 3447 c.
217 3384 267 3460 14,
292 3384 333 3447 47
351 3404 484 3466 prorsus
502 3383 710 3448 scribendum
730 3403 858 3447 censeo:
884 3404 972 3467 quern
988 3390 1016 3445 te
1039 3385 1073 3445 in
1088 3384 1160 3465 ipsa
1170 3404 1285 3467 pupae
1297 3382 1356 3463 fore

163 3485 373 3574 paternus?²)
419 3491 649 3556 Coniunctivus
679 3509 744 3553 non
772 3491 875 3572 magis
905 3490 956 3553 hic
980 3489 1111 3553 delendi
1135 3493 1245 3570 potest
1268 3507 1355 3571 quam

169 3597 201 3660 in
226 3597 370 3662 secunda
394 3597 584 3680 personali
608 3596 742 3660 deFin.
766 3596 818 3674 23,
844 3597 901 3660 76:
937 3618 1026 3681 quem
1057 3598 1226 3660 clamorem
1249 3630 1294 3640 —
1312 3593 1356 3676 sn·

169 3711 275 3767 turum
297 3705 409 3786 putes?
431 3701 501 3785 [ubi
526 3722 612 3768 nunc
636 3703 787 3784 quaedam
812 3704 976 3767 annotavi.
1011 3703 1160 3768 Praesens
1178 3724 1240 3785 pro
1258 3703 1357 3767 futuro

169 3809 294 3873 restitui
328 3829 366 3873 ex
398 3810 528 3892 optimis
559 3809 722 3874 codicibus
746 3811 779 3873 in
803 3808 872 3873 Cat.
897 3810 972 3873 Mai.
997 3830 1023 3873 c.
1048 3811 1078 3886 9,
1104 3810 1162 3874 29:
1187 3832 1232 3874 an
1254 3831 1292 3874 ne
1313 3829 1359 3873 ecs

169 3915 293 4001 quidem
317 3918 400 3981 eires
424 3918 631 4003 relinquimus
653 3917 800 3979 senectuti
824 3920 884 3979 oet.
935 3915 1046 3997 1842]

197 4196 218 4265 ¹)
238 4196 336 4265 [Aliter
355 4200 471 4254 iudicavi
491 4205 586 4268 postea
604 4201 632 4253 in
652 4199 766 4267 epistola
785 4199 820 4252 ad
839 4199 979 4252 Halmium
1005 4199 1067 4252 huic
1092 4200 1225 4254 volumini
1246 4205 1361 4254 extrem

240 4287 365 4355 adiecta]

197 4373 219 4442 ²)
239 4377 383 4431 Diversum
398 4383 447 4438 est,
467 4379 539 4447 quod
554 4378 646 4432 Cicero
659 4378 738 4432 Tusc.
752 4378 772 4442 l,
789 4375 832 4440 32,
852 4375 884 4427 iil
897 4377 955 4429 sine
969 4376 1102 4444 particula
1115 4376 1194 4430 dixit:
1217 4379 1362 4431 Credamus

245 4468 329 4533 initur
349 4468 471 4522 Pauoetio
491 4471 545 4520 -ἓ
561 4473 592 4520 ut
611 4472 695 4521 esset:
714 4465 820 4520 Fierine
838 4464 932 4534 possit,
952 4471 982 4518 ut
1001 4464 1163 4518 credamus?
