<?xml version="1.0" encoding="UTF-8"?>
<!DOCTYPE html PUBLIC "-//W3C//DTD XHTML 1.0 Transitional//EN"
    "http://www.w3.org/TR/xhtml1/DTD/xhtml1-transitional.dtd">
<html xmlns="http://www.w3.org/1999/xhtml" xml:lang="en" lang="en">
 <head>
  <title>
</title>
<meta http-equiv="Content-Type" content="text/html;charset=utf-8" />
  <meta name='ocr-system' content='tesseract 3.04.00' />
  <meta name='ocr-capabilities' content='ocr_page ocr_carea ocr_par ocr_line ocrx_word'/>
</head>
<body>
  <div class='ocr_page' id='page_1' title='image "./ionicolaimadvig02madvgoog/ionicolaimadvig02madvgoog_0330.png"; bbox 0 0 2948 5206; ppageno 0'>
   <div class='ocr_carea' id='block_1_1' title="bbox 633 316 737 407">
    <p class='ocr_par' dir='ltr' id='par_1_1' title="bbox 633 316 737 407">
     <span class='ocr_line' id='line_1_1' title="bbox 633 316 737 407; baseline 0 -26"><span class='ocrx_word' id='word_1_1' title='bbox 633 402 637 407; x_wconf 16' lang='lat'>⁵</span> <span class='ocrx_word' id='word_1_2' title='bbox 674 316 737 382; x_wconf 78' lang='lat' dir='ltr'>sor</span> 
     </span>
    </p>
   </div>
   <div class='ocr_carea' id='block_1_2' title="bbox 95 509 1399 3578">
    <p class='ocr_par' dir='ltr' id='par_1_2' title="bbox 148 509 1361 914">
     <span class='ocr_line' id='line_1_2' title="bbox 149 509 1361 593; baseline -0.002 -19"><span class='ocrx_word' id='word_1_3' title='bbox 149 509 236 593; x_wconf 81' lang='lat' dir='ltr'>aliquot</span> <span class='ocrx_word' id='word_1_4' title='bbox 253 509 369 575; x_wconf 87' lang='lat' dir='ltr'>libellis</span> <span class='ocrx_word' id='word_1_5' title='bbox 392 511 568 588; x_wconf 86' lang='lat' dir='ltr'>includere,</span> <span class='ocrx_word' id='word_1_6' title='bbox 603 510 731 575; x_wconf 92' lang='lat' dir='ltr'>initium</span> <span class='ocrx_word' id='word_1_7' title='bbox 760 511 906 576; x_wconf 88' lang='lat' dir='ltr'>facturus</span> <span class='ocrx_word' id='word_1_8' title='bbox 928 532 1015 590; x_wconf 88' lang='lat' dir='ltr'>nunc</span> <span class='ocrx_word' id='word_1_9' title='bbox 1039 533 1059 577; x_wconf 90' lang='lat' dir='ltr'>a</span> <span class='ocrx_word' id='word_1_10' title='bbox 1082 512 1236 589; x_wconf 84' lang='lat' dir='ltr'>Caeliana,</span> <span class='ocrx_word' id='word_1_11' title='bbox 1271 517 1306 577; x_wconf 92' lang='lat' dir='ltr'>ut</span> <span class='ocrx_word' id='word_1_12' title='bbox 1321 532 1361 572; x_wconf 76' lang='lat' dir='ltr'>nc</span> 
     </span>
     <span class='ocr_line' id='line_1_3' title="bbox 149 614 1305 702; baseline 0.003 -21"><span class='ocrx_word' id='word_1_13' title='bbox 149 614 261 700; x_wconf 76' lang='lat' dir='ltr'>deinceps</span> <span class='ocrx_word' id='word_1_14' title='bbox 283 617 327 681; x_wconf 90' lang='lat' dir='ltr'>ad</span> <span class='ocrx_word' id='word_1_15' title='bbox 351 616 535 682; x_wconf 83' lang='lat' dir='ltr'>Sestianam</span> <span class='ocrx_word' id='word_1_16' title='bbox 567 617 775 699; x_wconf 87' lang='lat' dir='ltr'>reliquasque</span> <span class='ocrx_word' id='word_1_17' title='bbox 804 617 944 696; x_wconf 87' lang='lat' dir='ltr'>reniam,</span> <span class='ocrx_word' id='word_1_18' title='bbox 980 618 1132 701; x_wconf 88' lang='lat' dir='ltr'>daboque</span> <span class='ocrx_word' id='word_1_19' title='bbox 1160 638 1305 702; x_wconf 83' lang='lat' dir='ltr'>operam,</span> 
     </span>
     <span class='ocr_line' id='line_1_4' title="bbox 148 723 1305 806; baseline 0.002 -18"><span class='ocrx_word' id='word_1_20' title='bbox 148 731 268 804; x_wconf 77' lang='lat' dir='ltr'>panium</span> <span class='ocrx_word' id='word_1_21' title='bbox 291 723 421 788; x_wconf 83' lang='lat' dir='ltr'>efficere</span> <span class='ocrx_word' id='word_1_22' title='bbox 444 727 569 806; x_wconf 92' lang='lat' dir='ltr'>potero,</span> <span class='ocrx_word' id='word_1_23' title='bbox 594 728 640 802; x_wconf 91' lang='lat' dir='ltr'>ut,</span> <span class='ocrx_word' id='word_1_24' title='bbox 665 724 797 788; x_wconf 86' lang='lat' dir='ltr'>exclusa</span> <span class='ocrx_word' id='word_1_25' title='bbox 820 723 975 806; x_wconf 87' lang='lat' dir='ltr'>opinandi</span> <span class='ocrx_word' id='word_1_26' title='bbox 998 725 1142 790; x_wconf 81' lang='lat' dir='ltr'>instabili</span> <span class='ocrx_word' id='word_1_27' title='bbox 1163 725 1305 802; x_wconf 87' lang='lat' dir='ltr'>levitate,</span> 
     </span>
     <span class='ocr_line' id='line_1_5' title="bbox 148 830 1306 914; baseline 0.002 -19"><span class='ocrx_word' id='word_1_28' title='bbox 148 831 286 914; x_wconf 77' lang='lat' dir='ltr'>perspicuis</span> <span class='ocrx_word' id='word_1_29' title='bbox 310 830 473 912; x_wconf 90' lang='lat' dir='ltr'>certisque</span> <span class='ocrx_word' id='word_1_30' title='bbox 495 831 695 912; x_wconf 73' lang='lat' dir='ltr'>argumentis</span> <span class='ocrx_word' id='word_1_31' title='bbox 719 831 897 913; x_wconf 87' lang='lat' dir='ltr'>disputatio</span> <span class='ocrx_word' id='word_1_32' title='bbox 921 832 1118 909; x_wconf 85' lang='lat' dir='ltr'>conficiatur,</span> <span class='ocrx_word' id='word_1_33' title='bbox 1143 831 1306 897; x_wconf 90' lang='lat' dir='ltr'>interdum</span> 
     </span>
    </p>

    <p class='ocr_par' dir='ltr' id='par_1_3' title="bbox 147 937 1380 1984">
     <span class='ocr_line' id='line_1_6' title="bbox 147 937 1307 1020; baseline 0.002 -18"><span class='ocrx_word' id='word_1_34' title='bbox 147 954 190 1002; x_wconf 87' lang='lat' dir='ltr'>non</span> <span class='ocrx_word' id='word_1_35' title='bbox 204 937 241 1003; x_wconf 81' lang='lat' dir='ltr'>ad</span> <span class='ocrx_word' id='word_1_36' title='bbox 262 939 322 1002; x_wconf 82' lang='lat' dir='ltr'>has</span> <span class='ocrx_word' id='word_1_37' title='bbox 345 937 433 1002; x_wconf 85' lang='lat' dir='ltr'>solas</span> <span class='ocrx_word' id='word_1_38' title='bbox 456 937 620 1002; x_wconf 89' lang='lat' dir='ltr'>orationes</span> <span class='ocrx_word' id='word_1_39' title='bbox 643 941 806 1019; x_wconf 85' lang='lat' dir='ltr'>spectans.</span> <span class='ocrx_word' id='word_1_40' title='bbox 841 938 883 1001; x_wconf 83' lang='lat' dir='ltr'>El</span> <span class='ocrx_word' id='word_1_41' title='bbox 904 937 938 1002; x_wconf 94' lang='lat' dir='ltr'>in</span> <span class='ocrx_word' id='word_1_42' title='bbox 959 937 1090 1020; x_wconf 88' lang='lat' dir='ltr'>reliquis</span> <span class='ocrx_word' id='word_1_43' title='bbox 1106 939 1307 1004; x_wconf 88' lang='lat' dir='ltr'>orationibus</span> 
     </span>
     <span class='ocr_line' id='line_1_7' title="bbox 147 1039 1308 1127; baseline 0.002 -19"><span class='ocrx_word' id='word_1_44' title='bbox 147 1062 226 1109; x_wconf 85' lang='lat' dir='ltr'>onnes</span> <span class='ocrx_word' id='word_1_45' title='bbox 246 1044 365 1109; x_wconf 82' lang='lat' dir='ltr'>codicis</span> <span class='ocrx_word' id='word_1_46' title='bbox 380 1042 573 1108; x_wconf 73' lang='lat' dir='ltr'>parisiensis</span> <span class='ocrx_word' id='word_1_47' title='bbox 597 1043 819 1126; x_wconf 82' lang='lat' dir='ltr'>discrepantes</span> <span class='ocrx_word' id='word_1_48' title='bbox 843 1045 1020 1126; x_wconf 85' lang='lat' dir='ltr'>scripturas</span> <span class='ocrx_word' id='word_1_49' title='bbox 1044 1064 1251 1127; x_wconf 67' lang='lat' dir='ltr'>expromam</span> <span class='ocrx_word' id='word_1_50' title='bbox 1269 1039 1308 1110; x_wconf 84' lang='lat' dir='ltr'>&#39;in</span> 
     </span>
     <span class='ocr_line' id='line_1_8' title="bbox 148 1147 1307 1234; baseline 0.003 -20"><span class='ocrx_word' id='word_1_51' title='bbox 148 1147 252 1216; x_wconf 79' lang='lat' dir='ltr'>Gaiana</span> <span class='ocrx_word' id='word_1_52' title='bbox 278 1149 359 1215; x_wconf 93' lang='lat' dir='ltr'>nihil</span> <span class='ocrx_word' id='word_1_53' title='bbox 382 1169 465 1232; x_wconf 91' lang='lat' dir='ltr'>opus</span> <span class='ocrx_word' id='word_1_54' title='bbox 501 1155 550 1213; x_wconf 81' lang='lat' dir='ltr'>est</span> <span class='ocrx_word' id='word_1_55' title='bbox 583 1149 618 1214; x_wconf 91' lang='lat' dir='ltr'>id</span> <span class='ocrx_word' id='word_1_56' title='bbox 646 1155 721 1232; x_wconf 90' lang='lat' dir='ltr'>post</span> <span class='ocrx_word' id='word_1_57' title='bbox 749 1149 904 1215; x_wconf 90' lang='lat' dir='ltr'>Orellium</span> <span class='ocrx_word' id='word_1_58' title='bbox 934 1150 1013 1232; x_wconf 88' lang='lat' dir='ltr'>fieri,</span> <span class='ocrx_word' id='word_1_59' title='bbox 1049 1153 1112 1216; x_wconf 91' lang='lat' dir='ltr'>nisi</span> <span class='ocrx_word' id='word_1_60' title='bbox 1145 1155 1307 1234; x_wconf 87' lang='lat' dir='ltr'>quatenus</span> 
     </span>
     <span class='ocr_line' id='line_1_9' title="bbox 147 1255 1308 1339; baseline 0.003 -18"><span class='ocrx_word' id='word_1_61' title='bbox 147 1273 234 1336; x_wconf 74' lang='lat' dir='ltr'>puras</span> <span class='ocrx_word' id='word_1_62' title='bbox 254 1257 415 1339; x_wconf 86' lang='lat' dir='ltr'>quasdam</span> <span class='ocrx_word' id='word_1_63' title='bbox 439 1256 544 1322; x_wconf 88' lang='lat' dir='ltr'>bonas</span> <span class='ocrx_word' id='word_1_64' title='bbox 568 1256 745 1338; x_wconf 91' lang='lat' dir='ltr'>scripturas</span> <span class='ocrx_word' id='word_1_65' title='bbox 769 1257 805 1335; x_wconf 93' lang='lat' dir='ltr'>is,</span> <span class='ocrx_word' id='word_1_66' title='bbox 831 1258 886 1338; x_wconf 92' lang='lat' dir='ltr'>qui</span> <span class='ocrx_word' id='word_1_67' title='bbox 909 1255 1020 1334; x_wconf 85' lang='lat' dir='ltr'>Orellii</span> <span class='ocrx_word' id='word_1_68' title='bbox 1043 1278 1144 1323; x_wconf 87' lang='lat' dir='ltr'>causa</span> <span class='ocrx_word' id='word_1_69' title='bbox 1163 1259 1308 1324; x_wconf 86' lang='lat' dir='ltr'>codicem</span> 
     </span>
     <span class='ocr_line' id='line_1_10' title="bbox 148 1361 1309 1447; baseline 0.004 -21"><span class='ocrx_word' id='word_1_70' title='bbox 148 1363 254 1439; x_wconf 84' lang='grc'>11111111,</span> <span class='ocrx_word' id='word_1_71' title='bbox 287 1363 508 1445; x_wconf 79' lang='lat' dir='ltr'>praetermisit.</span> <span class='ocrx_word' id='word_1_72' title='bbox 553 1361 712 1441; x_wconf 86' lang='lat' dir='ltr'>Quocirca</span> <span class='ocrx_word' id='word_1_73' title='bbox 745 1383 784 1427; x_wconf 91' lang='lat' dir='ltr'>ea</span> <span class='ocrx_word' id='word_1_74' title='bbox 815 1383 954 1445; x_wconf 90' lang='lat' dir='ltr'>quoque,</span> <span class='ocrx_word' id='word_1_75' title='bbox 990 1385 1064 1447; x_wconf 86' lang='lat' dir='ltr'>quae</span> <span class='ocrx_word' id='word_1_76' title='bbox 1095 1365 1136 1429; x_wconf 90' lang='lat' dir='ltr'>de</span> <span class='ocrx_word' id='word_1_77' title='bbox 1160 1366 1309 1431; x_wconf 90' lang='lat' dir='ltr'>codicum</span> 
     </span>
     <span class='ocr_line' id='line_1_11' title="bbox 148 1467 1308 1552; baseline 0.003 -18"><span class='ocrx_word' id='word_1_78' title='bbox 148 1467 264 1551; x_wconf 76' lang='lat' dir='ltr'>npbus</span> <span class='ocrx_word' id='word_1_79' title='bbox 297 1474 333 1534; x_wconf 89' lang='lat' dir='ltr'>et</span> <span class='ocrx_word' id='word_1_80' title='bbox 367 1469 542 1552; x_wconf 75' lang='lat' dir='ltr'>generibus</span> <span class='ocrx_word' id='word_1_81' title='bbox 578 1475 610 1533; x_wconf 92' lang='lat' dir='ltr'>et</span> <span class='ocrx_word' id='word_1_82' title='bbox 639 1469 791 1533; x_wconf 87' lang='lat' dir='ltr'>universo</span> <span class='ocrx_word' id='word_1_83' title='bbox 818 1488 880 1533; x_wconf 91' lang='lat' dir='ltr'>usu</span> <span class='ocrx_word' id='word_1_84' title='bbox 903 1470 936 1534; x_wconf 91' lang='lat' dir='ltr'>in</span> <span class='ocrx_word' id='word_1_85' title='bbox 959 1470 1009 1534; x_wconf 91' lang='lat' dir='ltr'>his</span> <span class='ocrx_word' id='word_1_86' title='bbox 1033 1472 1235 1537; x_wconf 89' lang='lat' dir='ltr'>orationibus</span> <span class='ocrx_word' id='word_1_87' title='bbox 1258 1472 1308 1537; x_wconf 93' lang='lat' dir='ltr'>di·</span> 
     </span>
     <span class='ocr_line' id='line_1_12' title="bbox 148 1575 1308 1658; baseline 0.005 -20"><span class='ocrx_word' id='word_1_88' title='bbox 148 1575 219 1641; x_wconf 81' lang='lat' dir='ltr'>cenda</span> <span class='ocrx_word' id='word_1_89' title='bbox 248 1581 334 1654; x_wconf 86' lang='lat' dir='ltr'>sunt,</span> <span class='ocrx_word' id='word_1_90' title='bbox 370 1575 573 1641; x_wconf 90' lang='lat' dir='ltr'>commodius</span> <span class='ocrx_word' id='word_1_91' title='bbox 608 1579 677 1640; x_wconf 91' lang='lat' dir='ltr'>tum</span> <span class='ocrx_word' id='word_1_92' title='bbox 707 1581 919 1657; x_wconf 82' lang='lat' dir='ltr'>exponentur,</span> <span class='ocrx_word' id='word_1_93' title='bbox 955 1597 1056 1658; x_wconf 91' lang='lat' dir='ltr'>quum</span> <span class='ocrx_word' id='word_1_94' title='bbox 1085 1579 1127 1642; x_wconf 88' lang='lat' dir='ltr'>de</span> <span class='ocrx_word' id='word_1_95' title='bbox 1157 1579 1308 1644; x_wconf 89' lang='lat' dir='ltr'>Sestiana</span> 
     </span>
     <span class='ocr_line' id='line_1_13' title="bbox 149 1677 1316 1766; baseline 0.004 -21"><span class='ocrx_word' id='word_1_96' title='bbox 149 1677 247 1747; x_wconf 79' lang='grc'>11111111.</span> <span class='ocrx_word' id='word_1_97' title='bbox 276 1683 402 1766; x_wconf 75' lang='lat' dir='ltr'>&#39;Atque</span> <span class='ocrx_word' id='word_1_98' title='bbox 426 1682 514 1764; x_wconf 92' lang='lat' dir='ltr'>qnod</span> <span class='ocrx_word' id='word_1_99' title='bbox 537 1682 571 1746; x_wconf 92' lang='lat' dir='ltr'>in</span> <span class='ocrx_word' id='word_1_100' title='bbox 594 1683 737 1749; x_wconf 86' lang='lat' dir='ltr'>Caeliana</span> <span class='ocrx_word' id='word_1_101' title='bbox 759 1684 897 1748; x_wconf 88' lang='lat' dir='ltr'>omissas</span> <span class='ocrx_word' id='word_1_102' title='bbox 926 1682 992 1747; x_wconf 85' lang='lat' dir='ltr'>dixi</span> <span class='ocrx_word' id='word_1_103' title='bbox 1020 1685 1193 1750; x_wconf 87' lang='lat' dir='ltr'>nonnullas</span> <span class='ocrx_word' id='word_1_104' title='bbox 1216 1685 1316 1750; x_wconf 68' lang='lat' dir='ltr'>Pari.</span> 
     </span>
     <span class='ocr_line' id='line_1_14' title="bbox 148 1777 1380 1873; baseline 0.001 -18"><span class='ocrx_word' id='word_1_105' title='bbox 148 1786 227 1855; x_wconf 69' lang='lat' dir='ltr'>insa</span> <span class='ocrx_word' id='word_1_106' title='bbox 252 1790 372 1855; x_wconf 87' lang='lat' dir='ltr'>codicis</span> <span class='ocrx_word' id='word_1_107' title='bbox 400 1791 587 1872; x_wconf 88' lang='lat' dir='ltr'>scripturas,</span> <span class='ocrx_word' id='word_1_108' title='bbox 623 1790 664 1854; x_wconf 93' lang='lat' dir='ltr'>de</span> <span class='ocrx_word' id='word_1_109' title='bbox 694 1790 744 1855; x_wconf 91' lang='lat' dir='ltr'>his</span> <span class='ocrx_word' id='word_1_110' title='bbox 778 1791 920 1872; x_wconf 86' lang='lat' dir='ltr'>primurn</span> <span class='ocrx_word' id='word_1_111' title='bbox 956 1789 1079 1867; x_wconf 84' lang='lat' dir='ltr'>dicam;</span> <span class='ocrx_word' id='word_1_112' title='bbox 1114 1792 1155 1855; x_wconf 88' lang='lat' dir='ltr'>de</span> <span class='ocrx_word' id='word_1_113' title='bbox 1190 1792 1308 1873; x_wconf 87' lang='lat' dir='ltr'>quibus</span> <span class='ocrx_word' id='word_1_114' title='bbox 1377 1777 1380 1783; x_wconf 39' lang='lat'><strong>¹</strong></span> 
     </span>
     <span class='ocr_line' id='line_1_15' title="bbox 148 1890 1307 1984; baseline 0.004 -26"><span class='ocrx_word' id='word_1_115' title='bbox 148 1890 253 1961; x_wconf 78' lang='grc'>11111111</span> <span class='ocrx_word' id='word_1_116' title='bbox 275 1896 350 1962; x_wconf 93' lang='lat' dir='ltr'>ideo</span> <span class='ocrx_word' id='word_1_117' title='bbox 372 1916 439 1962; x_wconf 91' lang='lat' dir='ltr'>non</span> <span class='ocrx_word' id='word_1_118' title='bbox 462 1901 580 1979; x_wconf 84' lang='lat' dir='ltr'>polest,</span> <span class='ocrx_word' id='word_1_119' title='bbox 610 1897 698 1978; x_wconf 90' lang='lat' dir='ltr'>quod</span> <span class='ocrx_word' id='word_1_120' title='bbox 725 1916 791 1984; x_wconf 89' lang='lat' dir='ltr'>non</span> <span class='ocrx_word' id='word_1_121' title='bbox 815 1897 978 1963; x_wconf 86' lang='lat' dir='ltr'>silentium</span> <span class='ocrx_word' id='word_1_122' title='bbox 1002 1898 1154 1980; x_wconf 88' lang='lat' dir='ltr'>Krarupii</span> <span class='ocrx_word' id='word_1_123' title='bbox 1178 1917 1307 1980; x_wconf 89' lang='lat' dir='ltr'>sequor,</span> 
     </span>
    </p>

    <p class='ocr_par' dir='ltr' id='par_1_4' title="bbox 147 2000 1399 2619">
     <span class='ocr_line' id='line_1_16' title="bbox 147 2000 1308 2087; baseline 0.003 -21"><span class='ocrx_word' id='word_1_124' title='bbox 147 2000 183 2064; x_wconf 79' lang='lat' dir='ltr'>ted</span> <span class='ocrx_word' id='word_1_125' title='bbox 200 2022 242 2082; x_wconf 88' lang='lat' dir='ltr'>ea,</span> <span class='ocrx_word' id='word_1_126' title='bbox 276 2023 352 2086; x_wconf 85' lang='lat' dir='ltr'>qnae</span> <span class='ocrx_word' id='word_1_127' title='bbox 380 2003 424 2067; x_wconf 91' lang='lat' dir='ltr'>ad</span> <span class='ocrx_word' id='word_1_128' title='bbox 447 2003 627 2085; x_wconf 79' lang='lat' dir='ltr'>marginem</span> <span class='ocrx_word' id='word_1_129' title='bbox 651 2003 811 2080; x_wconf 82' lang='lat' dir='ltr'>editionis,</span> <span class='ocrx_word' id='word_1_130' title='bbox 847 2004 880 2068; x_wconf 94' lang='lat' dir='ltr'>in</span> <span class='ocrx_word' id='word_1_131' title='bbox 903 2024 969 2086; x_wconf 87' lang='lat' dir='ltr'>qua</span> <span class='ocrx_word' id='word_1_132' title='bbox 993 2004 1065 2068; x_wconf 81' lang='lat' dir='ltr'>aliae</span> <span class='ocrx_word' id='word_1_133' title='bbox 1089 2008 1182 2069; x_wconf 86' lang='lat' dir='ltr'>erant</span> <span class='ocrx_word' id='word_1_134' title='bbox 1205 2005 1308 2087; x_wconf 89' lang='lat' dir='ltr'>scrip·</span> 
     </span>
     <span class='ocr_line' id='line_1_17' title="bbox 148 2101 1308 2192; baseline 0.003 -19"><span class='ocrx_word' id='word_1_135' title='bbox 148 2106 209 2186; x_wconf 82' lang='lat' dir='ltr'>lure,</span> <span class='ocrx_word' id='word_1_136' title='bbox 228 2111 406 2176; x_wconf 86' lang='lat' dir='ltr'>annotarit.</span> <span class='ocrx_word' id='word_1_137' title='bbox 451 2110 612 2175; x_wconf 87' lang='lat' dir='ltr'>Minutum</span> <span class='ocrx_word' id='word_1_138' title='bbox 636 2114 696 2188; x_wconf 91' lang='lat' dir='ltr'>est,</span> <span class='ocrx_word' id='word_1_139' title='bbox 710 2101 808 2192; x_wconf 85' lang='lat' dir='ltr'>¹quod</span> <span class='ocrx_word' id='word_1_140' title='bbox 832 2130 859 2175; x_wconf 91' lang='lat' dir='ltr'>c.</span> <span class='ocrx_word' id='word_1_141' title='bbox 877 2111 907 2188; x_wconf 88' lang='lat'>8,</span> <span class='ocrx_word' id='word_1_142' title='bbox 932 2110 975 2175; x_wconf 82' lang='lat'>20</span> <span class='ocrx_word' id='word_1_143' title='bbox 999 2114 1086 2175; x_wconf 89' lang='lat' dir='ltr'>recte</span> <span class='ocrx_word' id='word_1_144' title='bbox 1109 2111 1142 2175; x_wconf 92' lang='lat' dir='ltr'>in</span> <span class='ocrx_word' id='word_1_145' title='bbox 1166 2131 1205 2176; x_wconf 93' lang='lat' dir='ltr'>eo</span> <span class='ocrx_word' id='word_1_146' title='bbox 1228 2113 1308 2176; x_wconf 89' lang='lat' dir='ltr'>scri·</span> 
     </span>
     <span class='ocr_line' id='line_1_18' title="bbox 147 2207 1309 2303; baseline 0.002 -22"><span class='ocrx_word' id='word_1_147' title='bbox 147 2207 205 2281; x_wconf 77' lang='lat' dir='ltr'>liin</span> <span class='ocrx_word' id='word_1_148' title='bbox 231 2238 325 2303; x_wconf 71' lang='lat' dir='ltr'>quum</span> <span class='ocrx_word' id='word_1_149' title='bbox 354 2218 396 2280; x_wconf 80' lang='lat' dir='ltr'>eit</span> <span class='ocrx_word' id='word_1_150' title='bbox 425 2217 468 2280; x_wconf 82' lang='lat' dir='ltr'>iis</span> <span class='ocrx_word' id='word_1_151' title='bbox 497 2215 706 2298; x_wconf 78' lang='lat' dir='ltr'>confitendum</span> <span class='ocrx_word' id='word_1_152' title='bbox 724 2228 789 2299; x_wconf 85' lang='lat' dir='ltr'>&#39;pro</span> <span class='ocrx_word' id='word_1_153' title='bbox 811 2216 877 2294; x_wconf 70' lang='lat' dir='ltr'>lis,</span> <span class='ocrx_word' id='word_1_154' title='bbox 912 2216 1010 2299; x_wconf 90' lang='lat' dir='ltr'>paulo</span> <span class='ocrx_word' id='word_1_155' title='bbox 1045 2219 1185 2299; x_wconf 79' lang='lat' dir='ltr'>gravius,</span> <span class='ocrx_word' id='word_1_156' title='bbox 1221 2219 1309 2300; x_wconf 83' lang='lat' dir='ltr'>quod</span> 
     </span>
     <span class='ocr_line' id='line_1_19' title="bbox 149 2319 1399 2402; baseline 0.003 -18"><span class='ocrx_word' id='word_1_157' title='bbox 149 2319 333 2397; x_wconf 68' lang='lat' dir='ltr'>lilibeum</span> <span class='ocrx_word' id='word_1_158' title='bbox 359 2323 538 2387; x_wconf 80' lang='lat' dir='ltr'>Eriuriensi</span> <span class='ocrx_word' id='word_1_159' title='bbox 568 2328 601 2388; x_wconf 90' lang='lat' dir='ltr'>et</span> <span class='ocrx_word' id='word_1_160' title='bbox 624 2324 844 2389; x_wconf 87' lang='lat' dir='ltr'>chensibus</span> <span class='ocrx_word' id='word_1_161' title='bbox 874 2324 995 2388; x_wconf 89' lang='lat' dir='ltr'>omittit</span> <span class='ocrx_word' id='word_1_162' title='bbox 1018 2331 1046 2388; x_wconf 82' lang='lat' dir='ltr'>et</span> <span class='ocrx_word' id='word_1_163' title='bbox 1068 2329 1145 2388; x_wconf 92' lang='lat' dir='ltr'>ante</span> <span class='ocrx_word' id='word_1_164' title='bbox 1170 2323 1308 2402; x_wconf 78' lang='lat' dir='ltr'>adiutor,</span> <span class='ocrx_word' id='word_1_165' title='bbox 1394 2359 1399 2367; x_wconf 86' lang='lat'><strong>·</strong></span> 
     </span>
     <span class='ocr_line' id='line_1_20' title="bbox 148 2429 1327 2513; baseline 0.003 -22"><span class='ocrx_word' id='word_1_166' title='bbox 148 2429 273 2495; x_wconf 75' lang='lat' dir='ltr'>mutum</span> <span class='ocrx_word' id='word_1_167' title='bbox 297 2449 338 2495; x_wconf 85' lang='lat' dir='ltr'>ex</span> <span class='ocrx_word' id='word_1_168' title='bbox 362 2430 542 2511; x_wconf 81' lang='lat' dir='ltr'>depravata</span> <span class='ocrx_word' id='word_1_169' title='bbox 564 2430 746 2513; x_wconf 78' lang='lat' dir='ltr'>vulgarium</span> <span class='ocrx_word' id='word_1_170' title='bbox 771 2429 1104 2512; x_wconf 83' lang='lat' dir='ltr'>codicumscriptura</span> <span class='ocrx_word' id='word_1_171' title='bbox 1128 2430 1327 2512; x_wconf 83' lang='lat' dir='ltr'>eodemquc&#39;</span> 
     </span>
     <span class='ocr_line' id='line_1_21' title="bbox 149 2529 1308 2619; baseline 0.004 -23"><span class='ocrx_word' id='word_1_172' title='bbox 149 2529 285 2619; x_wconf 75' lang='lat' dir='ltr'>inponere</span> <span class='ocrx_word' id='word_1_173' title='bbox 308 2536 432 2619; x_wconf 84' lang='lat' dir='ltr'>pulidae</span> <span class='ocrx_word' id='word_1_174' title='bbox 456 2536 669 2602; x_wconf 88' lang='lat' dir='ltr'>distinotionis</span> <span class='ocrx_word' id='word_1_175' title='bbox 692 2537 855 2614; x_wconf 83' lang='lat' dir='ltr'>vitiosum,</span> <span class='ocrx_word' id='word_1_176' title='bbox 880 2536 921 2601; x_wconf 91' lang='lat' dir='ltr'>de</span> <span class='ocrx_word' id='word_1_177' title='bbox 945 2556 1009 2618; x_wconf 95' lang='lat' dir='ltr'>quo</span> <span class='ocrx_word' id='word_1_178' title='bbox 1034 2537 1100 2602; x_wconf 78' lang='lat' dir='ltr'>dixi</span> <span class='ocrx_word' id='word_1_179' title='bbox 1123 2537 1157 2601; x_wconf 92' lang='lat' dir='ltr'>in</span> <span class='ocrx_word' id='word_1_180' title='bbox 1181 2536 1308 2602; x_wconf 86' lang='lat' dir='ltr'>dissert.</span> 
     </span>
    </p>

    <p class='ocr_par' dir='ltr' id='par_1_5' title="bbox 134 2629 1377 3472">
     <span class='ocr_line' id='line_1_22' title="bbox 149 2629 1310 2725; baseline 0.004 -22"><span class='ocrx_word' id='word_1_181' title='bbox 149 2639 193 2704; x_wconf 82' lang='lat' dir='ltr'>nil.</span> <span class='ocrx_word' id='word_1_182' title='bbox 211 2642 246 2706; x_wconf 87' lang='lat' dir='ltr'>de</span> <span class='ocrx_word' id='word_1_183' title='bbox 269 2643 360 2707; x_wconf 88' lang='lat' dir='ltr'>Verr.</span> <span class='ocrx_word' id='word_1_184' title='bbox 385 2663 417 2725; x_wconf 95' lang='lat' dir='ltr'>p.</span> <span class='ocrx_word' id='word_1_185' title='bbox 431 2643 506 2707; x_wconf 84' lang='grc'><strong>358.</strong></span> <span class='ocrx_word' id='word_1_186' title='bbox 541 2642 644 2707; x_wconf 87' lang='lat' dir='ltr'>Recte</span> <span class='ocrx_word' id='word_1_187' title='bbox 668 2644 767 2707; x_wconf 86' lang='lat' dir='ltr'>etium</span> <span class='ocrx_word' id='word_1_188' title='bbox 791 2629 818 2706; x_wconf 61' lang='lat' dir='ltr'>css</span> <span class='ocrx_word' id='word_1_189' title='bbox 840 2645 889 2721; x_wconf 84' lang='grc'>12,</span> <span class='ocrx_word' id='word_1_190' title='bbox 914 2644 956 2707; x_wconf 79' lang='grc'>29</span> <span class='ocrx_word' id='word_1_191' title='bbox 980 2644 1096 2707; x_wconf 89' lang='lat' dir='ltr'>habet:</span> <span class='ocrx_word' id='word_1_192' title='bbox 1122 2643 1185 2706; x_wconf 81' lang='lat' dir='ltr'>Sed</span> <span class='ocrx_word' id='word_1_193' title='bbox 1201 2651 1310 2708; x_wconf 71' lang='lat' dir='ltr'>cestrie</span> 
     </span>
     <span class='ocr_line' id='line_1_23' title="bbox 148 2748 1310 2831; baseline 0.001 -18"><span class='ocrx_word' id='word_1_194' title='bbox 148 2749 286 2831; x_wconf 70' lang='lat' dir='ltr'>monio,</span> <span class='ocrx_word' id='word_1_195' title='bbox 310 2748 440 2829; x_wconf 78' lang='lat' dir='ltr'>iudices,</span> <span class='ocrx_word' id='word_1_196' title='bbox 464 2757 517 2830; x_wconf 79' lang='lat' dir='ltr'>est,</span> <span class='ocrx_word' id='word_1_197' title='bbox 546 2749 602 2813; x_wconf 92' lang='lat' dir='ltr'>ubi</span> <span class='ocrx_word' id='word_1_198' title='bbox 624 2748 721 2831; x_wconf 81' lang='lat' dir='ltr'>vulgo</span> <span class='ocrx_word' id='word_1_199' title='bbox 745 2749 852 2813; x_wconf 85' lang='lat' dir='ltr'>editur</span> <span class='ocrx_word' id='word_1_200' title='bbox 875 2756 928 2831; x_wconf 81' lang='lat' dir='ltr'>eet,</span> <span class='ocrx_word' id='word_1_201' title='bbox 958 2749 1085 2826; x_wconf 77' lang='lat' dir='ltr'>indices,</span> <span class='ocrx_word' id='word_1_202' title='bbox 1116 2750 1247 2814; x_wconf 86' lang='lat' dir='ltr'>sublata</span> <span class='ocrx_word' id='word_1_203' title='bbox 1271 2771 1310 2814; x_wconf 87' lang='lat' dir='ltr'>ea</span> 
     </span>
     <span class='ocr_line' id='line_1_24' title="bbox 148 2855 1309 2938; baseline 0.003 -21"><span class='ocrx_word' id='word_1_204' title='bbox 148 2857 354 2936; x_wconf 81' lang='lat' dir='ltr'>compositione,</span> <span class='ocrx_word' id='word_1_205' title='bbox 380 2875 479 2938; x_wconf 87' lang='lat' dir='ltr'>quam</span> <span class='ocrx_word' id='word_1_206' title='bbox 503 2856 650 2921; x_wconf 85' lang='lat' dir='ltr'>Ciceroni</span> <span class='ocrx_word' id='word_1_207' title='bbox 673 2857 828 2920; x_wconf 90' lang='lat' dir='ltr'>usitatam</span> <span class='ocrx_word' id='word_1_208' title='bbox 852 2856 979 2920; x_wconf 91' lang='lat' dir='ltr'>ostendi</span> <span class='ocrx_word' id='word_1_209' title='bbox 1000 2856 1033 2920; x_wconf 91' lang='lat' dir='ltr'>in</span> <span class='ocrx_word' id='word_1_210' title='bbox 1049 2855 1165 2919; x_wconf 89' lang='lat' dir='ltr'>eadem</span> <span class='ocrx_word' id='word_1_211' title='bbox 1183 2856 1309 2920; x_wconf 85' lang='lat' dir='ltr'>dissert.</span> 
     </span>
     <span class='ocr_line' id='line_1_25' title="bbox 145 2961 1310 3044; baseline 0 -18"><span class='ocrx_word' id='word_1_212' title='bbox 145 2961 245 3037; x_wconf 77' lang='grc'>11365.</span> <span class='ocrx_word' id='word_1_213' title='bbox 289 2962 361 3044; x_wconf 81' lang='lat' dir='ltr'>(Est</span> <span class='ocrx_word' id='word_1_214' title='bbox 388 2963 476 3027; x_wconf 88' lang='lat' dir='ltr'>idem</span> <span class='ocrx_word' id='word_1_215' title='bbox 505 2964 538 3026; x_wconf 93' lang='lat' dir='ltr'>in</span> <span class='ocrx_word' id='word_1_216' title='bbox 561 2964 637 3027; x_wconf 89' lang='lat' dir='ltr'>edit.</span> <span class='ocrx_word' id='word_1_217' title='bbox 662 2963 782 3028; x_wconf 82' lang='lat' dir='ltr'>Adurni</span> <span class='ocrx_word' id='word_1_218' title='bbox 811 2964 852 3026; x_wconf 93' lang='lat' dir='ltr'>de</span> <span class='ocrx_word' id='word_1_219' title='bbox 881 2964 1070 3043; x_wconf 86' lang='lat' dir='ltr'>Ambergau</span> <span class='ocrx_word' id='word_1_220' title='bbox 1101 2964 1178 3026; x_wconf 88' lang='lat' dir='ltr'>anni</span> <span class='ocrx_word' id='word_1_221' title='bbox 1210 2964 1310 3038; x_wconf 73' lang='lat'>1472,</span> 
     </span>
     <span class='ocr_line' id='line_1_26' title="bbox 145 3060 1308 3151; baseline 0.008 -24"><span class='ocrx_word' id='word_1_222' title='bbox 145 3060 237 3134; x_wconf 82' lang='lat' dir='ltr'>inllri.</span> <span class='ocrx_word' id='word_1_223' title='bbox 257 3071 395 3134; x_wconf 82' lang='lat' dir='ltr'>verbnm</span> <span class='ocrx_word' id='word_1_224' title='bbox 418 3069 516 3151; x_wconf 88' lang='lat' dir='ltr'>plane</span> <span class='ocrx_word' id='word_1_225' title='bbox 540 3070 672 3145; x_wconf 80' lang='lat' dir='ltr'>excidit3</span> <span class='ocrx_word' id='word_1_226' title='bbox 696 3074 857 3151; x_wconf 88' lang='lat' dir='ltr'>apparent</span> <span class='ocrx_word' id='word_1_227' title='bbox 880 3067 1010 3149; x_wconf 84' lang='lat' dir='ltr'>turbae.)</span> <span class='ocrx_word' id='word_1_228' title='bbox 1035 3068 1121 3132; x_wconf 87' lang='lat' dir='ltr'>Turn</span> <span class='ocrx_word' id='word_1_229' title='bbox 1146 3089 1173 3133; x_wconf 90' lang='lat' dir='ltr'>c.</span> <span class='ocrx_word' id='word_1_230' title='bbox 1193 3071 1243 3147; x_wconf 84' lang='grc'>16,</span> <span class='ocrx_word' id='word_1_231' title='bbox 1268 3071 1308 3138; x_wconf 80' lang='grc'>31</span> 
     </span>
     <span class='ocr_line' id='line_1_27' title="bbox 134 3172 1310 3259; baseline 0.003 -22"><span class='ocrx_word' id='word_1_232' title='bbox 134 3172 195 3237; x_wconf 77' lang='lat' dir='ltr'>&#39;oc</span> <span class='ocrx_word' id='word_1_233' title='bbox 212 3174 321 3249; x_wconf 70' lang='lat' dir='ltr'>Paris,</span> <span class='ocrx_word' id='word_1_234' title='bbox 346 3180 383 3239; x_wconf 83' lang='lat' dir='ltr'>ui</span> <span class='ocrx_word' id='word_1_235' title='bbox 406 3175 521 3257; x_wconf 90' lang='lat' dir='ltr'>reliqui</span> <span class='ocrx_word' id='word_1_236' title='bbox 543 3176 631 3251; x_wconf 91' lang='lat' dir='ltr'>boni,</span> <span class='ocrx_word' id='word_1_237' title='bbox 654 3176 782 3259; x_wconf 71' lang='lat' dir='ltr'>ferculi</span> <span class='ocrx_word' id='word_1_238' title='bbox 804 3176 915 3252; x_wconf 86' lang='lat' dir='ltr'>habet,</span> <span class='ocrx_word' id='word_1_239' title='bbox 945 3195 1011 3239; x_wconf 91' lang='lat' dir='ltr'>non</span> <span class='ocrx_word' id='word_1_240' title='bbox 1033 3175 1187 3257; x_wconf 74' lang='lat' dir='ltr'>ferendo,</span> <span class='ocrx_word' id='word_1_241' title='bbox 1223 3177 1310 3258; x_wconf 90' lang='lat' dir='ltr'>lepo-</span> 
     </span>
     <span class='ocr_line' id='line_1_28' title="bbox 140 3264 1377 3365; baseline 0.002 -22"><span class='ocrx_word' id='word_1_242' title='bbox 140 3294 247 3346; x_wconf 83' lang='lat' dir='ltr'>remex</span> <span class='ocrx_word' id='word_1_243' title='bbox 272 3283 453 3348; x_wconf 85' lang='lat' dir='ltr'>imitatione</span> <span class='ocrx_word' id='word_1_244' title='bbox 481 3283 759 3348; x_wconf 89' lang='lat' dir='ltr'>sermocinationis</span> <span class='ocrx_word' id='word_1_245' title='bbox 787 3282 986 3365; x_wconf 85' lang='lat' dir='ltr'>quotidianae</span> <span class='ocrx_word' id='word_1_246' title='bbox 1010 3282 1110 3346; x_wconf 88' lang='lat' dir='ltr'>habet</span> <span class='ocrx_word' id='word_1_247' title='bbox 1138 3282 1193 3346; x_wconf 89' lang='lat' dir='ltr'>illa</span> <span class='ocrx_word' id='word_1_248' title='bbox 1217 3285 1310 3364; x_wconf 89' lang='lat' dir='ltr'>quasi</span> <span class='ocrx_word' id='word_1_249' title='bbox 1375 3264 1377 3269; x_wconf 44' lang='grc'>’</span> 
     </span>
     <span class='ocr_line' id='line_1_29' title="bbox 139 3387 1311 3472; baseline 0.001 -22"><span class='ocrx_word' id='word_1_250' title='bbox 139 3387 314 3454; x_wconf 82' lang='lat' dir='ltr'>confirmano</span> <span class='ocrx_word' id='word_1_251' title='bbox 337 3389 507 3472; x_wconf 90' lang='lat' dir='ltr'>paululum</span> <span class='ocrx_word' id='word_1_252' title='bbox 531 3391 657 3454; x_wconf 84' lang='lat' dir='ltr'>variata</span> <span class='ocrx_word' id='word_1_253' title='bbox 685 3390 861 3471; x_wconf 90' lang='lat' dir='ltr'>superioris</span> <span class='ocrx_word' id='word_1_254' title='bbox 885 3390 993 3453; x_wconf 86' lang='lat' dir='ltr'>istius:</span> <span class='ocrx_word' id='word_1_255' title='bbox 1024 3389 1136 3452; x_wconf 78' lang='lat' dir='ltr'>Ferrci</span> <span class='ocrx_word' id='word_1_256' title='bbox 1163 3391 1311 3453; x_wconf 73' lang='lat' dir='ltr'>nuntiati</span> 
     </span>
    </p>

    <p class='ocr_par' dir='ltr' id='par_1_6' title="bbox 95 3484 1365 3578">
     <span class='ocr_line' id='line_1_30' title="bbox 95 3484 1365 3578; baseline 0.005 -22"><span class='ocrx_word' id='word_1_257' title='bbox 95 3484 98 3533; x_wconf 67' lang='lat'><strong>²</strong></span> <span class='ocrx_word' id='word_1_258' title='bbox 130 3499 230 3574; x_wconf 72' lang='lat' dir='ltr'>poro.</span> <span class='ocrx_word' id='word_1_259' title='bbox 272 3496 397 3561; x_wconf 90' lang='lat' dir='ltr'>Deinde</span> <span class='ocrx_word' id='word_1_260' title='bbox 426 3515 510 3560; x_wconf 91' lang='lat' dir='ltr'>unus</span> <span class='ocrx_word' id='word_1_261' title='bbox 542 3496 658 3578; x_wconf 88' lang='lat' dir='ltr'>aliquis</span> <span class='ocrx_word' id='word_1_262' title='bbox 688 3497 819 3578; x_wconf 83' lang='lat' dir='ltr'>lingitur</span> <span class='ocrx_word' id='word_1_263' title='bbox 849 3498 882 3560; x_wconf 92' lang='lat' dir='ltr'>in</span> <span class='ocrx_word' id='word_1_264' title='bbox 913 3496 1047 3560; x_wconf 71' lang='lat' dir='ltr'>Caelium</span> <span class='ocrx_word' id='word_1_265' title='bbox 1080 3495 1198 3560; x_wconf 88' lang='lat' dir='ltr'>invehi.</span> <span class='ocrx_word' id='word_1_266' title='bbox 1245 3495 1365 3562; x_wconf 78' lang='lat' dir='ltr'>Sedere</span> 
     </span>
    </p>
   </div>
   <div class='ocr_carea' id='block_1_3' title="bbox 176 3779 1312 4560">
    <p class='ocr_par' dir='ltr' id='par_1_7' title="bbox 176 3779 1312 4560">
     <span class='ocr_line' id='line_1_31' title="bbox 186 3779 1310 3848; baseline -0.003 -14"><span class='ocrx_word' id='word_1_267' title='bbox 186 3796 230 3834; x_wconf 75' lang='lat' dir='ltr'>sus</span> <span class='ocrx_word' id='word_1_268' title='bbox 248 3797 303 3836; x_wconf 90' lang='lat' dir='ltr'>non</span> <span class='ocrx_word' id='word_1_269' title='bbox 321 3780 489 3835; x_wconf 86' lang='lat' dir='ltr'>contrarium</span> <span class='ocrx_word' id='word_1_270' title='bbox 510 3780 608 3833; x_wconf 87' lang='lat' dir='ltr'>dicitur</span> <span class='ocrx_word' id='word_1_271' title='bbox 627 3780 693 3843; x_wconf 89' lang='lat' dir='ltr'>eius,</span> <span class='ocrx_word' id='word_1_272' title='bbox 722 3781 795 3848; x_wconf 93' lang='lat' dir='ltr'>qnod</span> <span class='ocrx_word' id='word_1_273' title='bbox 818 3781 869 3833; x_wconf 90' lang='lat' dir='ltr'>dici</span> <span class='ocrx_word' id='word_1_274' title='bbox 895 3781 1020 3845; x_wconf 87' lang='lat' dir='ltr'>debebat,</span> <span class='ocrx_word' id='word_1_275' title='bbox 1049 3781 1097 3833; x_wconf 90' lang='lat' dir='ltr'>sed</span> <span class='ocrx_word' id='word_1_276' title='bbox 1117 3780 1184 3833; x_wconf 90' lang='lat' dir='ltr'>nihil</span> <span class='ocrx_word' id='word_1_277' title='bbox 1204 3779 1310 3832; x_wconf 86' lang='lat' dir='ltr'>dicitur.</span> 
     </span>
     <span class='ocr_line' id='line_1_32' title="bbox 186 3868 1311 3939; baseline -0.004 -15"><span class='ocrx_word' id='word_1_278' title='bbox 186 3869 298 3924; x_wconf 83' lang='lat' dir='ltr'>Tollitur</span> <span class='ocrx_word' id='word_1_279' title='bbox 316 3869 392 3924; x_wconf 88' lang='lat' dir='ltr'>enim</span> <span class='ocrx_word' id='word_1_280' title='bbox 412 3869 580 3939; x_wconf 89' lang='lat' dir='ltr'>comparatio</span> <span class='ocrx_word' id='word_1_281' title='bbox 599 3869 714 3938; x_wconf 87' lang='lat' dir='ltr'>duplicis</span> <span class='ocrx_word' id='word_1_282' title='bbox 734 3869 907 3935; x_wconf 89' lang='lat' dir='ltr'>condicionis,</span> <span class='ocrx_word' id='word_1_283' title='bbox 936 3887 998 3938; x_wconf 86' lang='lat' dir='ltr'>quae</span> <span class='ocrx_word' id='word_1_284' title='bbox 1022 3869 1162 3938; x_wconf 89' lang='lat' dir='ltr'>proposita</span> <span class='ocrx_word' id='word_1_285' title='bbox 1186 3873 1257 3922; x_wconf 89' lang='lat' dir='ltr'>esset</span> <span class='ocrx_word' id='word_1_286' title='bbox 1276 3868 1311 3920; x_wconf 91' lang='lat' dir='ltr'>ad</span> 
     </span>
     <span class='ocr_line' id='line_1_33' title="bbox 184 3956 1311 4028; baseline -0.003 -16"><span class='ocrx_word' id='word_1_287' title='bbox 184 3959 349 4028; x_wconf 70' lang='lat' dir='ltr'>eligendum·</span> <span class='ocrx_word' id='word_1_288' title='bbox 387 3959 471 4013; x_wconf 79' lang='lat' dir='ltr'>ouius</span> <span class='ocrx_word' id='word_1_289' title='bbox 490 3958 608 4014; x_wconf 88' lang='lat' dir='ltr'>Orellius</span> <span class='ocrx_word' id='word_1_290' title='bbox 627 3962 842 4010; x_wconf 88' lang='lat' dir='ltr'>commemorata</span> <span class='ocrx_word' id='word_1_291' title='bbox 860 3958 1005 4021; x_wconf 83' lang='lat' dir='ltr'>sententia,</span> <span class='ocrx_word' id='word_1_292' title='bbox 1026 3961 1130 4024; x_wconf 77' lang='lat' dir='ltr'>nepatto</span> <span class='ocrx_word' id='word_1_293' title='bbox 1150 3966 1247 4021; x_wconf 71' lang='lat' dir='ltr'>tamn,</span> <span class='ocrx_word' id='word_1_294' title='bbox 1272 3956 1311 4009; x_wconf 93' lang='lat' dir='ltr'>in-</span> 
     </span>
     <span class='ocr_line' id='line_1_34' title="bbox 184 4045 1310 4117; baseline -0.002 -17"><span class='ocrx_word' id='word_1_295' title='bbox 184 4048 251 4117; x_wconf 80' lang='lat' dir='ltr'>quit,</span> <span class='ocrx_word' id='word_1_296' title='bbox 277 4051 451 4116; x_wconf 71' lang='lat' dir='ltr'>manifestius</span> <span class='ocrx_word' id='word_1_297' title='bbox 475 4048 609 4116; x_wconf 75' lang='lat' dir='ltr'>cipnificct</span> <span class='ocrx_word' id='word_1_298' title='bbox 632 4064 692 4098; x_wconf 85' lang='lat' dir='ltr'>eum</span> <span class='ocrx_word' id='word_1_299' title='bbox 711 4048 740 4097; x_wconf 77' lang='lat' dir='ltr'>id</span> <span class='ocrx_word' id='word_1_300' title='bbox 757 4063 853 4112; x_wconf 75' lang='lat' dir='ltr'>reapse</span> <span class='ocrx_word' id='word_1_301' title='bbox 870 4049 972 4112; x_wconf 77' lang='lat' dir='ltr'>fecisse.</span> <span class='ocrx_word' id='word_1_302' title='bbox 1010 4048 1086 4100; x_wconf 89' lang='lat' dir='ltr'>itane</span> <span class='ocrx_word' id='word_1_303' title='bbox 1106 4045 1190 4098; x_wconf 78' lang='lat' dir='ltr'>vero?</span> <span class='ocrx_word' id='word_1_304' title='bbox 1219 4045 1310 4111; x_wconf 90' lang='lat' dir='ltr'>Quum</span> 
     </span>
     <span class='ocr_line' id='line_1_35' title="bbox 177 4134 1312 4206; baseline -0.003 -18"><span class='ocrx_word' id='word_1_305' title='bbox 177 4139 272 4204; x_wconf 68' lang='lat' dir='ltr'>potiere</span> <span class='ocrx_word' id='word_1_306' title='bbox 289 4138 337 4190; x_wconf 78' lang='lat' dir='ltr'>hoc</span> <span class='ocrx_word' id='word_1_307' title='bbox 355 4155 438 4206; x_wconf 78' lang='lat' dir='ltr'>quom</span> <span class='ocrx_word' id='word_1_308' title='bbox 456 4139 525 4190; x_wconf 75' lang='grc'>1111111</span> <span class='ocrx_word' id='word_1_309' title='bbox 543 4136 689 4189; x_wconf 88' lang='lat' dir='ltr'>dicendum</span> <span class='ocrx_word' id='word_1_310' title='bbox 709 4140 758 4197; x_wconf 84' lang='lat' dir='ltr'>est,</span> <span class='ocrx_word' id='word_1_311' title='bbox 778 4134 950 4189; x_wconf 79' lang='lat' dir='ltr'>manifestius</span> <span class='ocrx_word' id='word_1_312' title='bbox 969 4136 1027 4197; x_wconf 91' lang='lat' dir='ltr'>erit,</span> <span class='ocrx_word' id='word_1_313' title='bbox 1047 4136 1069 4187; x_wconf 85' lang='lat' dir='ltr'>si</span> <span class='ocrx_word' id='word_1_314' title='bbox 1082 4152 1164 4201; x_wconf 81' lang='lat' dir='ltr'>quom</span> <span class='ocrx_word' id='word_1_315' title='bbox 1177 4152 1230 4186; x_wconf 82' lang='lat' dir='ltr'>non</span> <span class='ocrx_word' id='word_1_316' title='bbox 1245 4136 1312 4186; x_wconf 79' lang='lat' dir='ltr'>illud</span> 
     </span>
     <span class='ocr_line' id='line_1_36' title="bbox 181 4213 1311 4294; baseline -0.001 -17"><span class='ocrx_word' id='word_1_317' title='bbox 181 4224 296 4278; x_wconf 72' lang='lat' dir='ltr'>dixero?</span> <span class='ocrx_word' id='word_1_318' title='bbox 314 4229 341 4278; x_wconf 87' lang='lat' dir='ltr'>et</span> <span class='ocrx_word' id='word_1_319' title='bbox 360 4241 456 4294; x_wconf 88' lang='lat' dir='ltr'>reapse</span> <span class='ocrx_word' id='word_1_320' title='bbox 475 4225 570 4279; x_wconf 83' lang='lat' dir='ltr'>secisse</span> <span class='ocrx_word' id='word_1_321' title='bbox 588 4213 710 4292; x_wconf 82' lang='lat' dir='ltr'>aliquem</span> <span class='ocrx_word' id='word_1_322' title='bbox 722 4224 834 4291; x_wconf 90' lang='lat' dir='ltr'>aliquid,</span> <span class='ocrx_word' id='word_1_323' title='bbox 854 4224 1024 4277; x_wconf 78' lang='lat' dir='ltr'>manifestius</span> <span class='ocrx_word' id='word_1_324' title='bbox 1038 4223 1088 4276; x_wconf 86' lang='lat' dir='ltr'>erit</span> <span class='ocrx_word' id='word_1_325' title='bbox 1102 4238 1134 4274; x_wconf 83' lang='lat' dir='ltr'>ex</span> <span class='ocrx_word' id='word_1_326' title='bbox 1149 4222 1311 4290; x_wconf 79' lang='lat' dir='ltr'>negatione?</span> 
     </span>
     <span class='ocr_line' id='line_1_37' title="bbox 180 4311 1310 4382; baseline -0.005 -14"><span class='ocrx_word' id='word_1_327' title='bbox 180 4316 237 4368; x_wconf 75' lang='lat' dir='ltr'>Aut</span> <span class='ocrx_word' id='word_1_328' title='bbox 258 4314 471 4382; x_wconf 67' lang='lat' dir='ltr'>depugnandum</span> <span class='ocrx_word' id='word_1_329' title='bbox 490 4315 583 4368; x_wconf 83' lang='lat' dir='ltr'>Cicero</span> <span class='ocrx_word' id='word_1_330' title='bbox 611 4313 662 4366; x_wconf 90' lang='lat' dir='ltr'>sibi</span> <span class='ocrx_word' id='word_1_331' title='bbox 691 4314 773 4367; x_wconf 86' lang='lat' dir='ltr'>luisse</span> <span class='ocrx_word' id='word_1_332' title='bbox 797 4313 836 4366; x_wconf 86' lang='lat' dir='ltr'>ait</span> <span class='ocrx_word' id='word_1_333' title='bbox 859 4329 921 4365; x_wconf 91' lang='lat' dir='ltr'>curn</span> <span class='ocrx_word' id='word_1_334' title='bbox 947 4312 1084 4364; x_wconf 91' lang='lat' dir='ltr'>communi</span> <span class='ocrx_word' id='word_1_335' title='bbox 1110 4311 1230 4378; x_wconf 90' lang='lat' dir='ltr'>periculo</span> <span class='ocrx_word' id='word_1_336' title='bbox 1255 4316 1310 4375; x_wconf 85' lang='lat' dir='ltr'>aul,</span> 
     </span>
     <span class='ocr_line' id='line_1_38' title="bbox 178 4399 1311 4473; baseline -0.004 -17"><span class='ocrx_word' id='word_1_337' title='bbox 178 4401 258 4473; x_wconf 83' lang='lat' dir='ltr'>quod</span> <span class='ocrx_word' id='word_1_338' title='bbox 275 4402 404 4456; x_wconf 90' lang='lat' dir='ltr'>omnibus</span> <span class='ocrx_word' id='word_1_339' title='bbox 423 4402 601 4472; x_wconf 89' lang='lat' dir='ltr'>impenderet,</span> <span class='ocrx_word' id='word_1_340' title='bbox 625 4403 677 4455; x_wconf 92' lang='lat' dir='ltr'>sibi</span> <span class='ocrx_word' id='word_1_341' title='bbox 701 4403 747 4456; x_wconf 93' lang='lat' dir='ltr'>nni</span> <span class='ocrx_word' id='word_1_342' title='bbox 768 4419 817 4470; x_wconf 86' lang='lat' dir='ltr'>pro</span> <span class='ocrx_word' id='word_1_343' title='bbox 837 4400 965 4454; x_wconf 90' lang='lat' dir='ltr'>omnibus</span> <span class='ocrx_word' id='word_1_344' title='bbox 983 4399 1167 4452; x_wconf 90' lang='lat' dir='ltr'>subeundum.</span> <span class='ocrx_word' id='word_1_345' title='bbox 1205 4400 1263 4452; x_wconf 89' lang='lat' dir='ltr'>Hoc</span> <span class='ocrx_word' id='word_1_346' title='bbox 1281 4417 1311 4452; x_wconf 91' lang='lat' dir='ltr'>se</span> 
     </span>
     <span class='ocr_line' id='line_1_39' title="bbox 176 4487 1311 4560; baseline -0.005 -13"><span class='ocrx_word' id='word_1_347' title='bbox 176 4492 218 4547; x_wconf 82' lang='lat' dir='ltr'>ait</span> <span class='ocrx_word' id='word_1_348' title='bbox 244 4491 340 4545; x_wconf 79' lang='lat' dir='ltr'>iecisse</span> <span class='ocrx_word' id='word_1_349' title='bbox 363 4507 415 4544; x_wconf 85' lang='lat' dir='ltr'>nec</span> <span class='ocrx_word' id='word_1_350' title='bbox 438 4490 558 4560; x_wconf 89' lang='lat' dir='ltr'>poluisse</span> <span class='ocrx_word' id='word_1_351' title='bbox 582 4492 694 4546; x_wconf 88' lang='lat' dir='ltr'>dubiam</span> <span class='ocrx_word' id='word_1_352' title='bbox 720 4509 778 4544; x_wconf 87' lang='lat' dir='ltr'>esse</span> <span class='ocrx_word' id='word_1_353' title='bbox 802 4489 971 4544; x_wconf 83' lang='lat' dir='ltr'>electionem.</span> <span class='ocrx_word' id='word_1_354' title='bbox 1013 4488 1109 4555; x_wconf 84' lang='lat' dir='ltr'>Itaque</span> <span class='ocrx_word' id='word_1_355' title='bbox 1133 4487 1238 4555; x_wconf 84' lang='lat' dir='ltr'>quaeril,</span> <span class='ocrx_word' id='word_1_356' title='bbox 1266 4505 1311 4556; x_wconf 93' lang='lat' dir='ltr'>po·</span> 
     </span>
    </p>
   </div>
   <div class='ocr_carea' id='block_1_4' title="bbox 176 4576 1099 4716">
    <p class='ocr_par' dir='ltr' id='par_1_8' title="bbox 176 4576 1099 4716">
     <span class='ocr_line' id='line_1_40' title="bbox 176 4576 1066 4714; baseline -0.011 -77"><span class='ocrx_word' id='word_1_357' title='bbox 176 4582 274 4637; x_wconf 82' lang='lat' dir='ltr'>uusne</span> <span class='ocrx_word' id='word_1_358' title='bbox 292 4580 470 4649; x_wconf 60' lang='lat' dir='ltr'>depugnata,</span> <span class='ocrx_word' id='word_1_359' title='bbox 490 4597 573 4648; x_wconf 89' lang='lat' dir='ltr'>quam</span> <span class='ocrx_word' id='word_1_360' title='bbox 593 4580 659 4634; x_wconf 91' lang='lat' dir='ltr'>illud</span> <span class='ocrx_word' id='word_1_361' title='bbox 678 4580 790 4633; x_wconf 84' lang='lat' dir='ltr'>subiret.</span> <span class='ocrx_word' id='word_1_362' title='bbox 829 4578 900 4645; x_wconf 84' lang='lat' dir='ltr'>Quid</span> <span class='ocrx_word' id='word_1_363' title='bbox 919 4576 1066 4714; x_wconf 72' lang='lat' dir='ltr'>apertius?2</span> 
     </span>
     <span class='ocr_line' id='line_1_41' title="bbox 1067 4664 1099 4716; baseline 0 0"><span class='ocrx_word' id='word_1_364' title='bbox 1067 4664 1099 4716; x_wconf 74' lang='lat'>0⁴</span> 
     </span>
    </p>
   </div>
   <div class='ocr_carea' id='block_1_5' title="bbox 0 0 1478 5206">
    <p class='ocr_par' dir='ltr' id='par_1_9' title="bbox 0 0 1478 5206">
     <span class='ocr_line' id='line_1_42' title="bbox 0 0 1478 5206; baseline 0 0"><span class='ocrx_word' id='word_1_365' title='bbox 0 0 1478 5206; x_wconf 95' lang='lat' dir='ltr'> </span> 
     </span>
    </p>
   </div>
  </div>
 </body>
</html>
