2948 5206
711 316 752 378 27

145 510 234 572 etita
262 517 430 596 enarrant,
466 517 503 574 ut
530 511 637 575 notari
665 510 832 576 hominem
860 512 980 587 dicant,
1017 512 1082 592 qui,
1120 513 1332 593 consumptis,

143 615 208 678 dum
240 615 363 680 Neroni
398 617 569 698 aurigandi
603 617 747 682 officium
782 623 927 700 praestet,
962 617 1071 693 bonis,
1108 618 1229 682 audeat
1264 619 1333 682 sive

142 720 331 787 tribunatum
375 722 550 788 militarem
590 725 659 788 sive
698 724 747 805 (ut
788 725 934 807 plerique
972 722 1149 806 accipiunt)
1189 726 1332 806 praetorii
1347 738 1372 779 ³⁴

140 828 358 910 praeiecturam
390 848 535 911 sperare.
581 831 649 895 Nec
680 833 776 896 certis
807 831 977 896 hominum
1008 832 1196 896 nominibus
1228 831 1332 897 absti-

139 944 221 1010 nent3
255 936 443 1000 Gomelium
475 937 561 1000 enim
593 937 734 1002 Fuscum
766 946 823 1003 aut
852 939 961 1020 potius
990 937 1192 1019 Sophonium
1222 938 1330 1020 Tigel-

138 1043 228 1107 linum
252 1043 446 1125 intelligunt.
492 1044 638 1122 Addunt,
666 1045 786 1109 Neroni
810 1046 958 1127 aurigam
983 1044 1093 1123 fuisse,
1119 1064 1221 1126 quum
1245 1046 1271 1109 is
1295 1065 1331 1108 se

137 1149 232 1230 Sporo
259 1152 413 1225 iactaret3
447 1150 536 1214 hunc
566 1152 652 1215 enim
684 1152 876 1234 spadonem,
911 1170 1009 1233 quem
1041 1152 1127 1216 Nem
1158 1170 1262 1233 usque
1292 1171 1331 1216 eo

136 1258 261 1332 amarit,
295 1264 332 1320 ut
361 1257 528 1321 sceleratis
556 1260 678 1339 nuptiis
710 1260 820 1323 uxoris
848 1258 921 1322 loeo
949 1257 1092 1335 duceret,
1128 1259 1330 1322 lacematam

136 1365 269 1427 amicam
293 1383 377 1428 esse.
423 1363 505 1442 Quae
528 1384 628 1446 quam
652 1366 717 1428 sint
740 1365 847 1429 aliena
871 1384 891 1428 a
914 1371 1022 1446 poetae
1045 1372 1156 1429 mente
1180 1371 1212 1429 et
1230 1384 1330 1446 quam

135 1490 195 1534 non
217 1472 297 1534 scite
321 1471 513 1551 composita,
542 1469 637 1535 facile
664 1471 800 1553 patebit.
846 1471 994 1536 Primum
1019 1472 1179 1535 luvenalis
1204 1472 1236 1535 in
1261 1479 1331 1536 tota

133 1575 189 1640 bae
212 1578 323 1652 satira,
359 1578 491 1658 inqua,
528 1578 606 1659 quid
634 1579 677 1642 ad
705 1579 824 1642 satiras
847 1577 1037 1643 scribendas
1061 1577 1236 1660 impulerit,
1273 1595 1329 1641 ex-

134 1685 267 1764 ponitur,
292 1689 332 1746 ut'
352 1703 414 1765 par
437 1689 517 1761 erat,
541 1704 581 1749 ea
597 1685 721 1750 scelera
737 1686 899 1762 tractavit,
924 1686 1008 1749 inter
1023 1704 1163 1766 quorum
1180 1684 1330 1765 exempla

134 1790 198 1870 ipse
227 1790 439 1867 versabatur,
476 1810 580 1873 eaque
615 1798 673 1855 aut
705 1792 856 1855 universe
885 1792 1010 1856 notavit
1039 1797 1097 1855 aut
1125 1809 1193 1854 suaa
1222 1791 1329 1854 aetatis

134 1895 292 1961 hominem
318 1897 470 1979 aliquem,
501 1900 556 1980 qui
579 1919 639 1981 pro
663 1899 813 1980 exemplo
836 1898 936 1962 totius
960 1899 1086 1979 generis
1111 1917 1183 1961 esse
1206 1901 1328 1978 posset,

134 2005 272 2085 arripuit.
316 2004 489 2082 Quomodo
516 2006 614 2087 igitur
644 2005 753 2070 subito
777 2005 820 2069 ad
843 2004 979 2069 Neronis
1003 2005 1199 2085 pravitatem
1221 2009 1328 2067 trans·

135 2109 201 2185 silit,
223 2112 320 2175 unius
344 2111 495 2189 hominis,
520 2113 615 2194 longe
630 2112 674 2176 ab
695 2112 757 2175 illis
779 2110 981 2192 temporibus
1002 2111 1140 2174 remoti?
1164 2110 1329 2191 quomodo

135 2216 216 2298 fingit
239 2238 274 2281 se
297 2217 395 2282 huius
419 2237 557 2282 occursu
580 2220 626 2283 ita
649 2218 848 2294 exacerbari,
873 2224 909 2280 ut
933 2235 969 2281 se
992 2236 1012 2280 a
1035 2217 1137 2280 satira
1155 2215 1329 2280 scribenda

136 2325 290 2388 continere
314 2328 478 2406 nequeat?
513 2325 588 2401 Sed,
617 2325 706 2407 quod
733 2332 832 2406 caput
861 2329 912 2388 est
940 2330 972 2388 et
1001 2323 1090 2404 quod
1118 2331 1195 2387 ante
1218 2324 1328 2387 omnia

137 2433 226 2510 quen
250 2431 359 2508 debet,
383 2451 448 2513 qua
472 2438 551 2495 nota
574 2431 660 2496 Nero
684 2435 717 2495 et
738 2451 791 2495 res
808 2432 852 2495 ad
870 2450 945 2495 eum
964 2432 1130 2511 pertinens
1147 2429 1328 2512 significata

138 2541 198 2601 est?
220 2539 314 2603 Nulla
339 2539 495 2620 prolecto,
520 2558 562 2602 ne
585 2539 720 2602 minima
744 2537 886 2619 quidem.
923 2538 970 2600 Ac
988 2542 1100 2601 tamen
1117 2537 1206 2600 nulla
1224 2538 1328 2599 maior

139 2652 177 2706 est
207 2648 413 2726 perversitas,
450 2664 549 2726 quam
582 2664 621 2708 ea
652 2645 811 2708 subiicere
844 2646 1008 2726 scriptori,
1044 2664 1118 2725 quae
1150 2663 1215 2707 non
1246 2645 1325 2724 ipse.

139 2753 273 2828 quamvis
309 2758 394 2815 teete
431 2750 562 2827 dixerit,
599 2753 644 2815 ita
679 2753 873 2832 insignierit,
909 2759 945 2814 ut
981 2751 1143 2815 confidere
1181 2751 1326 2832 potuisse

141 2854 289 2923 rideatur.
325 2877 382 2922 eos
418 2859 570 2935 lectores,
606 2879 688 2940 quos
724 2859 785 2922 sibi
821 2859 1046 2940 proposuisset
1082 2858 1203 2939 (neque
1240 2859 1326 2920 enim

140 2970 330 3027 enarratores
356 2970 475 3029 nostrae
499 2967 605 3029 aelatis
629 2967 739 3029 animo
762 2965 824 3030 sibi
848 2962 1017 3046 fingebat),
1042 2985 1062 3028 a
1086 2985 1120 3028 re
1146 2964 1326 3045 significata

139 3084 191 3130 non
218 3069 439 3135 aberraturos.
487 3071 560 3155 Ipse
583 3072 626 3153 (r.
645 3071 712 3151 62),
748 3074 908 3153 inquiunt,
947 3072 1033 3134 Nero
1063 3078 1128 3146 est;
1163 3074 1209 3134 sio
1239 3072 1325 3135 enim

139 3175 308 3254 appellatur
337 3177 469 3242 honoris
498 3187 530 3243 et
559 3180 758 3260 praestantiae
793 3199 892 3242 causa
924 3181 1118 3259 imperator,
1155 3180 1246 3259 isque
1277 3187 1325 3242 est

139 3297 203 3344 usus
237 3283 332 3347 huius
368 3286 579 3365 pronominis.
637 3287 753 3350 Miram
787 3306 865 3350 vero
900 3285 1213 3366 interpretationem,
1250 3285 1325 3365 quia

139 3389 202 3450 αέτὸς
233 3397 265 3453 et
290 3392 355 3473 ipse
384 3389 484 3470 (addo
507 3396 655 3458 nostrum
680 3412 861 3475 pronomen
885 3393 1032 3456 eiusdem
1057 3390 1324 3472 significationis),

140 3493 183 3556 ubi
206 3515 242 3559 ex
266 3499 428 3561 contrarie
452 3498 563 3562 relatis
588 3504 683 3563 etex
707 3519 848 3582 persona
872 3499 1033 3580 loquentis
1063 3502 1097 3562 et
1126 3518 1166 3561 ex
1195 3499 1266 3579 ipsa
1289 3518 1324 3561 re

140 3599 247 3666 elamm
271 3605 322 3680 sit,
359 3605 432 3685 quis
462 3606 667 3688 intelligatur,
704 3607 745 3670 de
769 3626 809 3670 eo
833 3607 969 3680 dicatur,
1005 3606 1059 3686 qui
1084 3605 1268 3686 praecipuus
1293 3611 1324 3666 et

140 3710 217 3785 masi
240 3710 391 3775 dominus
421 3713 462 3774 sit
492 3711 594 3792 (velut
619 3713 854 3796 Pythagoreus
879 3732 980 3793 quum
1005 3712 1045 3774 de
1070 3712 1232 3792 dogmatis
1257 3711 1324 3774 suis

139 3810 272 3894 loquitur,
301 3821 383 3875 αὐτόν
401 3823 488 3893 φάναι
512 3820 598 3894 dicit,
627 3820 848 3903 Pythagoram
878 3815 1087 3901 significans),
1118 3818 1191 3881 ideo
1222 3819 1322 3899 ipsum

138 3917 179 3984 hic
200 3924 429 4006 imperatorem
453 3946 535 4002 esse,
569 3926 687 3990 deinde
717 3927 894 3992 Neronem!
931 3926 975 3988 Ut
1003 3925 1096 4007 longe
1127 3924 1221 3987 aliter
1248 3942 1324 4003 pro·
1339 3948 1364 3986 as

139 4044 242 4094 nomen
277 4032 490 4115 intelligatur,
531 4035 687 4097 orationis
722 4034 953 4097 cohaerentiam
990 4031 1171 4113 postulare,
1212 4031 1323 4093 statim

139 4139 304 4216 apparebit.
350 4140 393 4203 At
417 4159 470 4204 res
499 4142 580 4221 ipsa,
616 4140 786 4221 aurigandi
811 4140 967 4213 studium,
1003 4139 1047 4202 ad
1069 4139 1232 4201 Neronem
1264 4157 1323 4201 nos

138 4252 226 4307 vocat.
283 4246 316 4310 Si
352 4247 484 4329 quidem
526 4248 569 4311 ad
609 4247 851 4327 imperatorem.
910 4247 1020 4328 Ipsum
1057 4246 1143 4307 enim
1179 4244 1321 4307 studium

138 4354 236 4426 postea
271 4373 401 4435 quoque
436 4354 598 4417 luvenalis
641 4361 786 4434 tempore
827 4355 860 4416 in
900 4352 1064 4416 nobilibus
1104 4351 1322 4415 nebulonibus

139 4451 222 4520 luisse
245 4463 277 4523 et
300 4479 320 4523 a
344 4460 496 4524 iuvenale
521 4465 670 4524 notatum
695 4480 778 4536 esse,
803 4462 882 4524 satis
907 4463 1034 4523 constat
1059 4477 1099 4521 ex
1117 4459 1202 4522 notis
1220 4459 1322 4522 versi-

139 4558 190 4626 bus
210 4568 315 4630 satirae
339 4574 465 4631 octavae
489 4565 567 4648 (146
586 4564 681 4648 sqq.),
706 4586 813 4648 neque
838 4587 917 4631 sane
938 4566 1049 4630 statim
1068 4572 1142 4646 post
1160 4565 1322 4629 Neronem
