2948 5206
704 281 767 347 631

129 478 262 541 mutari
286 479 398 541 autem
422 495 488 541 non
512 477 555 541 ob
578 477 756 558 particulas
781 479 876 541 etiam
899 480 928 542 ai
955 478 1058 561 (quod
1086 500 1181 562 paene
1209 481 1341 545 volebat

129 581 323 647 Ochsnerus
352 582 385 647 in
410 582 535 665 Eclogis
560 583 662 649 Cicer.
686 604 718 665 p.
746 581 832 664 187),
869 585 927 649 sed
957 587 1055 667 quod,
1090 588 1117 650 si
1146 586 1340 652 indicativus

128 690 304 768 retinetur,
333 689 405 753 haec
434 689 536 755 verba
559 709 599 753 ex
623 690 712 754 Laelii
735 710 876 772 persona
900 691 1052 757 dicuntur
1074 694 1137 758 hac
1160 694 1339 759 sententia:

128 804 200 859 tum
223 816 321 881 quiem
344 797 411 859 iam
429 798 603 879 potentiam
628 799 782 861 consecuti
805 805 888 879 sunt,
913 800 1052 863 etiamsi
1071 834 1110 844 —
1129 807 1212 879 mint,
1235 808 1341 864 tomen

130 902 356 975 arbitrontar3
391 902 521 966 videtur
549 907 659 967 autem
684 904 869 969 necessario
892 906 1066 987 significari
1091 905 1212 970 debere
1234 905 1340 970 homi-

130 1030 214 1073 nurn
245 1008 391 1073 nondum
421 1010 602 1091 potentiam
632 1010 838 1092 adeptorum,
874 1011 933 1075 sed
968 1011 1009 1076 de
1044 1032 1083 1076 ea
1118 1012 1340 1093 comparanda

130 1116 347 1199 cogitantium
371 1117 591 1192 ratiocinati03
615 1118 726 1198 itaque
749 1119 820 1181 haec
844 1136 884 1181 ex
908 1118 1035 1181 illorum
1060 1137 1202 1200 persona
1225 1118 1339 1182 dicun·

130 1229 198 1297 tur,
224 1227 338 1304 estque
363 1224 517 1286 consecuti
538 1225 603 1286 siat
626 1223 814 1305 profuturo
839 1227 955 1289 exacto
979 1224 1184 1289 coniunctivi.

225 1329 262 1394 C.
289 1329 342 1405 18,
367 1329 409 1392 67
435 1348 508 1393 eam
533 1329 641 1411 recepi
669 1330 875 1412 scripturam,
906 1350 1004 1411 quarn
1034 1330 1192 1395 aBeiero
1221 1350 1341 1414 propo·

131 1437 233 1499 sitam
258 1434 404 1500 Klotzius
427 1435 632 1517 perineptam
656 1437 826 1511 iudicavit;
858 1456 918 1519 ego
946 1436 1048 1518 ipsius
1072 1438 1213 1519 vulgatae
1237 1438 1340 1520 scrip·

132 1545 217 1606 tnrae
254 1540 453 1622 (Veterrimo
487 1563 625 1627 pureque,
660 1550 695 1605 ut
726 1564 762 1606 eo
791 1545 877 1624 irino,
913 1564 983 1629 quoe
1011 1550 1189 1609 vetustate-m
1218 1544 1339 1627 ferunt,

132 1670 199 1711 exse
233 1647 344 1711 ‹tebent
378 1647 582 1730 atrocissimo)
618 1649 868 1731 explicationem
903 1651 957 1714 illo
992 1653 1125 1716 nomine
1160 1652 1338 1734 digniorem

133 1760 226 1839 puto.
261 1756 347 1820 Nam
372 1775 473 1836 quum
497 1755 590 1819 multi
613 1756 858 1833 intellexissent,
882 1757 1049 1820 veterrimo
1074 1779 1202 1842 qrroequo
1223 1763 1340 1824 neutro

133 1882 256 1945 genere
290 1863 484 1943 generaliter·
519 1864 591 1939 dici,
627 1866 664 1926 ut
698 1881 804 1943 neque
839 1864 911 1944 ipsa
945 1866 1108 1928 sententia
1136 1868 1215 1947 apta
1244 1869 1339 1941 esset,

134 1989 242 2051 neque
267 1970 469 2051 comparatio
493 1969 653 2042 vinorum,
689 1987 762 2049 quae
791 1970 862 2049 ipsa
892 1988 931 2033 ea
961 1970 1180 2051 appellatione
1205 1974 1340 2036 reterri·

135 2096 265 2140 morum
295 2094 500 2157 quorumque
528 2076 781 2150 continerentur,
817 2075 962 2152 ferenda,
999 2077 1143 2142 Klotzius
1173 2078 1216 2142 ad
1244 2086 1340 2142 ceter·

136 2186 220 2245 ritoo
245 2203 374 2267 quoqne
397 2180 502 2245 audiri
526 2181 595 2245 vult
619 2183 846 2257 amicitiarum,
871 2186 908 2246 ul
929 2184 995 2246 sint
1016 2184 1185 2247 veterrimo
1202 2202 1340 2265 quiaque,

136 2290 360 2373 praeconatio
384 2289 544 2351 octricitiis.
590 2288 759 2369 Loquendi
782 2308 885 2369 genus
917 2294 953 2352 ut
977 2291 1130 2353 Latinum
1154 2308 1226 2351 esse
1250 2286 1340 2350 erin-

139 2398 235 2465 ccret,
260 2414 326 2458 non
350 2394 521 2471 laborarit,
555 2395 643 2475 quod
667 2415 865 2477 magnopere
890 2396 1075 2460 laciendum
1101 2398 1186 2469 erat3
1222 2393 1339 2457 deinde

138 2520 201 2565 non
226 2501 268 2564 de
291 2501 340 2567 iis.
365 2520 439 2580 (111ae
463 2502 528 2564 sint
552 2502 584 2563 in
607 2502 768 2567 amicitiis.
800 2502 859 2565 sed
883 2502 923 2565 de
947 2502 1093 2583 ipsarum
1123 2501 1337 2565 amicitiarum

140 2608 251 2671 ordine
276 2611 308 2670 et
332 2606 489 2687 dignitate
518 2606 683 2688 (quaeritur,
729 2608 938 2689 Relinquitur
968 2608 1065 2690 igitur
1096 2607 1186 2689 (nam
1219 2610 1339 2672 attrac-

140 2714 233 2777 tionis
267 2712 364 2788 color,
401 2733 496 2794 quem
530 2712 668 2776 Orellius
703 2714 838 2779 induxit.
875 2714 968 2777 facile
998 2714 1187 2787 evanescit),
1223 2718 1260 2777 ut
1284 2718 1338 2776 aut

141 2838 210 2883 cum
226 2820 366 2882 Erasmo
384 2821 581 2884 scribamus:
598 2821 772 2883 celerrimo
789 2855 831 2863 —
849 2823 1045 2883 sicca-issima
1061 2825 1116 2884 aut
1134 2840 1207 2884 cum
1226 2820 1340 2883 Beiero

139 2926 240 3001 ‹lebet;
274 2945 413 3007 quorum
437 2927 599 3007 posterius
623 2947 694 2990 esse
718 2928 969 3007 praeterendum,
994 2947 1058 2990 non
1082 2927 1187 2991 solum
1212 2926 1339 2991 erroris
1385 2914 1388 2919 ¹

138 3036 188 3113 qui
215 3033 357 3097 librariis
382 3033 414 3095 in
438 3033 499 3097 hac
524 3035 722 3097 correctione
746 3034 936 3114 imputatur,
971 3033 1158 3114 proclivitas
1188 3033 1339 3103 ostendit,

134 3141 193 3203 sed
218 3138 384 3203 Ciceronis
408 3144 441 3202 et
465 3140 671 3221 antiquorum
703 3139 905 3203 consuetudo
935 3140 967 3201 in
997 3140 1188 3220 pronomine
1213 3141 1341 3223 (litisque

134 3264 211 3309 cnm
235 3245 443 3326 superlativis
467 3247 701 3327 coniungendo,
727 3247 759 3309 in
783 3266 848 3326 quo
871 3245 904 3307 in
927 3245 1107 3308 masculino
1132 3249 1163 3308 et
1186 3244 1340 3308 feminino
1355 3262 1395 3302 aas

128 3370 257 3432 genere
281 3352 479 3432 singularem
509 3372 683 3415 numerum
707 3356 850 3416 serrant.
897 3351 996 3431 Atqui
1021 3355 1055 3414 et
1077 3353 1245 3432 praecessit
1268 3351 1340 3433 plu-

128 3461 213 3525 ralis
239 3462 272 3524 et
296 3459 328 3521 in
352 3461 596 3540 comparatione
620 3460 768 3522 vinorum
800 3458 826 3522 is
855 3461 904 3521 est
932 3477 1098 3520 numerus.
1145 3457 1246 3535 Quasi
1276 3477 1339 3521 non

128 3566 164 3632 iu
205 3568 268 3631 hoc
304 3566 431 3629 dicendi
466 3584 584 3646 genere
621 3564 754 3645 pluralis
789 3565 916 3627 numeri
951 3565 1040 3627 notio
1076 3565 1132 3640 sit,
1174 3568 1231 3628 aut
1266 3584 1338 3627 cunr

129 3675 315 3739 ueterrima
349 3694 471 3757 qrroqoc
506 3671 649 3735 amicitia
685 3691 785 3733 unum
822 3671 885 3734 vini
918 3690 1030 3751 genus,
1067 3691 1106 3734 ac
1138 3690 1203 3733 non
1234 3674 1340 3733 reter-

127 3784 259 3845 rirnurn
283 3779 436 3860 quodque
461 3777 610 3842 contendi
636 3777 795 3853 debuerit,
831 3777 946 3852 idest,
983 3798 1019 3839 eo
1043 3779 1128 3858 volito,
1164 3797 1233 3861 quor
1256 3784 1341 3840 cetu·

127 3896 249 3951 stlitem
272 3884 396 3966 ferunt.
741 3876 743 3880 '

229 3991 265 4056 C.
290 3992 342 4067 23,
368 3992 409 4055 86
434 3990 608 4053 edebatur:
651 3989 721 4053 Uno
750 3996 793 4052 eat
822 3992 902 4052 cuim
933 3991 1075 4053 oriricitio
1104 3991 1138 4052 iu
1166 3989 1258 4052 rebus
1284 3989 1340 4052 lo-

130 4101 256 4180 mariis,
286 4098 325 4160 de
348 4099 437 4161 ‹euius›
460 4097 596 4159 utilitate
619 4118 723 4158 orciuos
754 4116 814 4158 citro
838 4116 890 4158 ore
914 4097 1125 4178 consentiunt;
1159 4116 1339 4180 quanquam

132 4231 155 4271 a
194 4206 304 4270 attritis
338 4207 410 4287 ipsa
445 4205 545 4266 cirtica
585 4202 699 4283 (cirtae
734 4199 817 4284 ipso)
857 4205 1064 4265 contemuitur
1103 4210 1131 4266 et
1169 4201 1341 4265 venditatio

133 4312 287 4400 qiioedom
321 4319 413 4396 utque
447 4312 609 4374 ostentatio
644 4330 706 4372 esse
734 4308 862 4370 dicitur.
921 4309 1018 4372 Patet
1048 4309 1239 4384 attendenti,
1275 4326 1340 4372 non

135 4425 228 4485 recte
250 4419 322 4483 haec
346 4419 495 4500 coniungi
519 4416 678 4500 particula
702 4435 899 4499 qiiooqaom3
930 4434 1036 4496 neque
1069 4414 1154 4479 enirn
1179 4413 1341 4479 contraria

135 4529 216 4591 sunt
252 4529 285 4589 et
320 4526 552 4606 repugnantia3
592 4523 696 4604 magis
731 4521 872 4602 patebit,
908 4522 1026 4585 rectius
1060 4522 1207 4586 oratione
1242 4520 1344 4585 inter·
