2948 5206
705 314 771 378 365

158 503 296 571 trimma.
342 508 382 572 Et
405 512 518 573 tamen
542 508 674 590 aliquid,
711 509 799 590 quod
831 507 874 571 ad
904 507 1060 571 rusticam
1094 505 1236 570 hominis
1271 505 1335 569 ori·

152 606 247 685 ginon
265 618 437 695 spectaret,
472 615 675 680 nominatum
707 614 905 680 aCicerone
928 613 1039 688 fuisse,
1075 632 1179 693 quum
1205 610 1337 675 Serrani

148 709 228 782 illius
245 719 283 783 ab
305 724 417 786 aratro
442 721 642 802 comparatio
665 721 817 795 ostendit,
852 724 923 784 tum
951 718 1121 801 probabile
1145 723 1196 783 est
1221 736 1262 781 ex
1286 717 1334 792 iis,

145 837 220 899 qua
237 827 342 892 Cicero
365 827 406 892 de
431 827 546 892 eodem
570 829 701 892 homine
725 827 809 891 infra
834 846 861 890 c.
886 827 939 902 38,
971 826 1014 890 82
1043 825 1121 889 dicit
1150 822 1337 904 (rusticulus

141 933 177 989 θῑ
206 933 345 1019 mellonia
361 935 506 1017 paenula,
532 955 601 998 cum
626 955 688 1018 quc
706 936 852 1017 primm
868 933 1002 996 Ruinam
1017 930 1123 1011 veuit).
1165 931 1231 994 Nec
1250 931 1336 994 ultra

136 1039 283 1120 progredi
305 1040 414 1105 audeo
438 1040 668 1116 coniectando;
703 1041 765 1104 etsi
787 1061 864 1103 rure
893 1059 958 1104 non
982 1038 1185 1120 displicebat.
1232 1037 1336 1101 Paulo

135 1149 225 1222 post
254 1147 308 1211 ubi
344 1152 394 1211 est
422 1147 600 1211 nominibus
627 1148 662 1210 in
690 1145 817 1210 tabutas
845 1147 969 1222 relatis,
1006 1164 1108 1227 quum
1143 1147 1258 1225 aperta
1294 1143 1336 1208 sit

134 1257 256 1333 empne
277 1253 383 1336 pretio
406 1253 596 1319 delectionis
619 1254 709 1318 Atilii
732 1253 934 1334 significatio
958 1251 1077 1325 nescio,
1102 1270 1160 1315 eur
1183 1250 1285 1315 verba
1303 1250 1336 1314 in

134 1354 238 1422 alian
269 1360 466 1425 sententiam
507 1365 621 1424 contra
660 1380 754 1425 usum
796 1358 949 1440 loquendi
989 1359 1222 1439 detorqueant3
1263 1359 1336 1438 quis

134 1465 228 1529 enim
247 1468 379 1532 nomina
402 1467 507 1531 relata
530 1467 562 1530 in
586 1467 734 1532 tabulam
758 1465 994 1531 auctionariarn
1018 1464 1164 1528 audivit?
1196 1465 1337 1529 Nomina

133 1572 319 1637 referuntur
342 1575 376 1638 in
404 1573 535 1638 tabulas
565 1574 690 1655 accepti
719 1577 752 1638 et
782 1573 926 1654 expensi,
961 1590 1027 1636 non
1056 1574 1173 1649 minus,
1209 1573 1243 1635 in
1271 1592 1335 1654 quo

133 1677 238 1742 miror
258 1679 414 1744 Orellium
438 1681 573 1757 haerere,
610 1700 711 1762 quum
735 1681 892 1761 accipitur
923 1679 1071 1761 pecunia,
1108 1699 1208 1761 quam
1232 1698 1335 1761 quum

135 1790 297 1866 elatratur.

228 1892 336 1971 (1.34,
362 1893 415 1970 73,
438 1893 495 1957 nbi
519 1892 668 1970 OrelliuS,
705 1882 873 1958 Garatonii
895 1894 1050 1957 iudicium
1080 1896 1113 1957 et
1136 1892 1231 1957 codd.
1255 1891 1334 1955 Ber·

136 2003 253 2063 nenses
281 1997 389 2081 [Pan]
418 2003 559 2077 secutuS,
596 1999 711 2063 edidit:
747 2021 865 2083 muqna
893 2021 1001 2064 rerum
1019 2000 1253 2084 permutatione
1276 2000 1334 2060 im·

136 2103 294 2183 Parce,
335 2103 392 2187 [ex
427 2105 664 2183 Gemblacensi,
706 2125 847 2187 quocum
881 2107 995 2188 reliqui
1037 2105 1166 2172 Gruteri
1207 2105 1334 2170 codices

143 2213 336 2277 comensisse
359 2211 522 2287 videntur,
558 2216 590 2276 et
621 2232 661 2276 ex
692 2215 847 2294 quattuor
870 2213 963 2290 Oxx,
999 2214 1032 2277 id
1064 2217 1123 2285 est,
1159 2232 1200 2276 ex
1231 2211 1334 2276 altera

145 2305 275 2400 familia]
309 2318 550 2383 restituendum
585 2325 635 2383 est
663 2317 918 2401 perturbatiora
959 2318 1055 2383 nimis
1089 2321 1160 2383 leve
1195 2318 1335 2383 alterum

145 2424 204 2495 &b
223 2425 306 2506 quod
330 2425 432 2489 etiam
454 2426 488 2488 in
512 2425 633 2489 bonam
657 2430 786 2508 partem
810 2427 912 2507 accipi
935 2429 1075 2507 poterat.
1122 2425 1218 2503 Quod
1241 2425 1335 2489 Orel-

147 2516 206 2590 lius
219 2531 488 2613 perturbationem
511 2553 619 2596 rerum
643 2532 822 2615 tarpandere
851 2532 913 2595 dici
942 2533 1087 2612 potuisse
1110 2534 1218 2613 negat,
1247 2531 1335 2613 quod

148 2628 283 2716 tempora
305 2639 500 2720 perturbata
525 2639 624 2704 luisse
648 2640 760 2703 Cicero
790 2639 856 2702 iam
886 2638 1029 2714 dixisset,
1065 2637 1153 2701 idem
1184 2638 1229 2701 ita
1258 2657 1335 2702 con·

147 2741 221 2804 vem
240 2747 358 2825 potest,
383 2745 411 2809 si
435 2745 626 2810 calumniari
650 2747 809 2810 oratorios
833 2745 984 2809 flosculos
1009 2745 1168 2819 volumus,
1201 2747 1237 2807 ut
1260 2763 1335 2825 per·

147 2844 267 2914 tutata
300 2855 451 2932 tempora
485 2853 551 2916 iam
592 2855 691 2917 etiam
731 2856 858 2917 mutata
892 2851 991 2915 fuisse
1027 2851 1335 2933 impendentemque

147 2961 254 3019 noram
283 2957 500 3022 mutationem
531 2961 564 3022 in
595 2960 711 3024 melius
744 2959 845 3039 accipi
877 2957 1029 3022 debuisse
1061 2958 1218 3022 dicamus.
1270 2958 1335 3021 Sed

147 3052 284 3142 tempora
306 3063 500 3144 perturbata
524 3085 590 3129 non
619 3066 772 3131 continuo
804 3085 923 3141 rerum,
959 3065 992 3128 id
1023 3068 1081 3142 est,
1117 3065 1164 3128 rei
1196 3063 1335 3145 publicae

148 3168 415 3236 perturbationem
455 3170 594 3248 habent,
635 3192 709 3254 quae
748 3171 908 3235 vocabula
949 3171 1021 3252 plus
1064 3172 1335 3252 complectuntur.

149 3260 275 3338 Omnino
309 3276 435 3351 Latine,
470 3281 557 3342 certe
593 3279 636 3342 ad
670 3280 878 3359 antiquorum
907 3297 1013 3354 usum,
1049 3299 1115 3342 non
1144 3277 1262 3342 dicitur
1289 3278 1335 3341 ita

147 3387 316 3448 Permutare
346 3385 380 3445 et
397 3386 600 3465 permittatio,
637 3405 710 3466 quae
745 3403 841 3448 voces
876 3384 1014 3448 alteram
1043 3404 1112 3448 rem
1143 3404 1202 3466 pro
1232 3385 1336 3448 altera

152 3473 223 3559 dari,
252 3487 365 3570 accipi,
401 3490 477 3570 poni
505 3490 689 3572 significant
716 3488 962 3571 (emouerent
997 3491 1051 3554 illo
1080 3491 1178 3555 modo
1201 3511 1335 3553 emerim·
1349 3503 1388 3542 ⁴⁷²

154 3586 220 3652 latio
238 3593 361 3659 dicitur.
408 3595 658 3661 Substantivum
681 3599 801 3679 praeter
824 3597 911 3660 hunc
934 3597 1041 3661 locum
1072 3596 1242 3678 legebatur
1270 3596 1334 3660 Pa·

157 3693 251 3762 rara
273 3705 365 3779 extr,
394 3702 453 3767 sed
476 3704 521 3767 ibi
545 3708 579 3768 et
601 3708 736 3785 propter
759 3703 907 3767 codicum
931 3703 1159 3768 auctoritatem
1190 3708 1224 3766 et
1247 3704 1335 3784 quod

160 3804 281 3880 saritur
314 3816 468 3886 mittatur,
503 3809 629 3891 pridem
666 3811 851 3873 restitutum
887 3815 937 3874 est
967 3817 1141 3892 temporum
1164 3808 1334 3892 perturbo·

95 3948 98 3969 ι
162 3901 264 3992 tituest)
306 3914 451 3979 Verbum
482 3935 548 3980 uno
579 3916 649 3980 loco
681 3918 796 3998 legitur
828 3917 916 3998 apud
947 3917 1012 3980 Cic.
1041 3917 1082 3980 de
1107 3917 1202 3997 Legg.
1227 3916 1278 3991 Ill,
1303 3916 1333 3992 9,

167 4004 208 4081 20,
232 4018 280 4082 ubi
313 4022 365 4085 vel
400 4022 474 4086 ideo
509 4042 549 4085 ex
584 4042 649 4087 uno
684 4023 794 4087 codice
829 4022 1004 4086 Oxoniensi
1033 4022 1243 4086 scribendum
1268 4025 1333 4086 est:

169 4116 205 4174 Μ’
217 4124 336 4202 petico
358 4135 476 4191 etatum
499 4128 709 4211 perturbavit,
746 4130 833 4211 quod
869 4128 1008 4192 alterum
1043 4129 1140 4192 nimis
1178 4130 1227 4191 est
1262 4128 1334 4191 lene

173 4232 215 4293 llo
231 4231 342 4314 reliqua
366 4234 526 4298 acerrima
550 4235 817 4316 reprehensione3
840 4255 900 4299 nec
925 4255 1044 4299 novam
1069 4235 1209 4299 formam
1233 4235 1334 4299 Grac·

177 4369 399 4401 g..

198 4458 213 4526 ι)
225 4469 298 4537 Quint,
310 4481 341 4545 V,
363 4480 405 4546 13,
425 4480 460 4531 42
479 4481 532 4535 huc
551 4498 606 4535 non
626 4482 757 4550 pertinet;
778 4482 964 4536 defensionem
978 4481 1099 4549 aliquam
1119 4498 1183 4535 eum
1202 4482 1257 4535 alia
1276 4498 1334 4550 per·

229 4569 317 4632 naun,
335 4569 511 4639 significatur.
