2948 5206
647 323 688 388 37

66 518 208 598 patriam
232 521 267 580 et
289 515 401 580 natale
425 517 530 582 solum
554 518 746 594 indicasset;
781 519 840 591 sed
867 521 894 583 is
918 519 1014 583 Tarsi
1036 520 1206 596 nutritum,
1236 518 1269 582 id

68 627 127 700 est,
163 623 340 688 educatum
372 627 405 688 et
435 624 599 690 eruditum
628 626 715 703 dicit,
750 646 817 690 non
847 634 973 691 natum.
1020 626 1147 690 Scimus
1172 626 1269 703 enim,

69 730 164 794 Tarsi
181 731 329 795 omnium
346 729 531 795 liberalium
551 731 807 813 disciplinarum,
831 733 1064 815 grammatica,
1089 733 1269 809 rhetoricae,

71 837 293 919 philosophiae,
323 837 433 902 studia
455 844 489 902 ct
512 839 640 903 scholas
664 839 725 905 illis
748 839 952 922 temporibus
975 842 1147 920 tantopere
1170 838 1270 902 floru-

72 946 141 1021 ioee
165 947 267 1008 ntea
291 945 387 1009 laude
405 945 553 1009 Athenas
576 944 645 1009 fere
669 949 702 1009 et
717 945 952 1011 Alexandriam
970 948 1156 1028 superaret3
1180 947 1271 1009 cuius

73 1053 117 1115 rei
139 1052 232 1115 lestis
256 1056 307 1115 est
324 1051 444 1116 Strabo
467 1052 538 1116 loco
555 1053 760 1119 memorabili
777 1072 809 1136 p.
827 1053 892 1117 673
909 1073 991 1135 sqq„
1015 1053 1107 1116 cuius
1124 1056 1272 1116 extrema

74 1158 197 1223 dehac
220 1178 256 1222 re
280 1158 383 1223 verba
406 1157 452 1240 (p.
471 1157 550 1239 676)
573 1162 638 1223 buc
666 1161 909 1242 transcripsisse
932 1179 999 1225 non
1026 1159 1168 1222 alienum
1192 1159 1270 1222 erit:

77 1258 193 1313 Μάλιστα
215 1262 247 1314 δι’
265 1258 282 1326 ἤ
300 1258 389 1333 Ῥόμη
407 1259 521 1315 δύναται
540 1260 680 1316 διδάσκειν
701 1260 729 1316 τό
752 1264 857 1328 πλῆθος
878 1268 932 1314 τῶν
953 1262 983 1315 ἐκ
1005 1261 1082 1327 τῆσδε
1104 1267 1149 1326 πῆς
1172 1259 1273 1319 atbar

78 1365 233 1437 ,mrem
270 1353 319 1418 Ex
341 1354 391 1418 his
414 1356 522 1437 igitur,
547 1356 602 1437 qui
626 1354 721 1420 Tarsi
746 1356 863 1420 eruditi
886 1355 1030 1419 Romam
1053 1354 1271 1431 confluebant,

78 1459 193 1525 Graecis
227 1461 333 1525 doctis
367 1481 469 1527 unum
503 1466 653 1526 tenemus
688 1462 862 1543 Egnatium
898 1462 1055 1539 Celerem,
1090 1482 1131 1526 ex
1165 1463 1272 1545 patria

81 1569 256 1649 propinqua
280 1587 320 1631 eo
343 1569 490 1632 missum.

161 1674 319 1739 Maiorem
351 1674 444 1756 longe
479 1675 718 1741 dubitationem
754 1676 837 1739 alter
871 1676 960 1740 locus
995 1677 1105 1752 habet,
1141 1677 1174 1738 in
1209 1695 1274 1756 quo

86 1779 332 1845 dissentiendum
350 1781 429 1845 mihi
446 1785 496 1845 est
513 1783 557 1845 ab
569 1782 701 1847 homine
718 1782 907 1859 clarissimo,
926 1781 1124 1847 Heinrichio.
1160 1781 1273 1863 Neque

88 1888 172 1963 enim,
196 1907 269 1969 quae
287 1888 331 1951 ab
348 1907 388 1952 eo
405 1887 446 1951 de
470 1889 579 1953 satirae
603 1891 718 1970 primae
742 1910 771 1952 v.
791 1890 832 1952 36
857 1890 1040 1971 excogitata
1057 1895 1088 1952 et
1110 1888 1273 1969 ingeniose
1287 1907 1314 1947 rr

90 1997 231 2057 aromata
259 2001 375 2076 postea
403 1995 581 2078 Rupertius
604 1995 766 2077 probavit,
798 2015 876 2060 vera
906 2015 977 2060 esse
1009 1999 1098 2076 puto.
1149 1994 1274 2075 Propo·

92 2100 131 2164 nit
149 2100 306 2165 luvenalis
330 2102 506 2183 imaginem
529 2104 699 2166 saevissimi
723 2103 887 2178 delatoris,
913 2103 1004 2167 cuius
1028 2110 1115 2166 artes
1139 2101 1190 2164 vel
1211 2102 1273 2182 ipsi

95 2205 190 2288 reliqui
213 2207 376 2272 delatores
399 2210 548 2273 timeant.
595 2208 667 2274 Hoc
690 2211 737 2272 ita
760 2210 876 2273 extulit
899 2211 943 2290 (v.
964 2209 1017 2281 35,
1042 2207 1114 2290 36):
1171 2281 1173 2285 ¹

289 2386 388 2449 quem
411 2369 520 2433 Massa
543 2370 646 2442 timet,
671 2388 768 2451 quem
793 2389 929 2433 munere
953 2369 1066 2451 palpat

169 2473 269 2537 Carus
293 2477 327 2537 et
351 2495 370 2537 a
394 2475 522 2556 trepido
546 2475 706 2558 Thymele
730 2478 906 2540 summissa
930 2476 1057 2539 Latino.

101 2649 136 2711 lx
159 2652 271 2732 quibus
301 2653 408 2715 verbis
438 2653 585 2728 efficitur,
622 2659 658 2717 ut
682 2655 816 2717 Latinus
847 2655 975 2728 mimae,
1012 2655 1066 2733 qui
1090 2653 1275 2716 Domitiano

102 2757 260 2838 imperante
282 2759 402 2834 floruit,
438 2760 522 2822 inter
553 2761 715 2823 delatores
740 2764 889 2840 ponatur,
926 2764 958 2823 et
987 2760 1145 2841 Thymele
1175 2759 1275 2821 mima

101 2861 192 2944 (qiam
214 2866 373 2931 scholium
398 2866 468 2929 cod.
494 2866 662 2930 Barthianl
685 2867 804 2930 nullius
828 2867 1030 2930 auctoritatis
1053 2884 1189 2929 uxorem
1214 2865 1275 2927 La-

101 2970 144 3032 tini
164 2971 250 3052 lacit)
274 2973 318 3035 ab
342 2992 381 3036 eo
405 2974 448 3035 ad
479 2973 694 3054 mitigandum
726 2975 941 3054 potentiorem
975 2973 1064 3036 illum
1096 2972 1275 3035 delatorem

101 3080 253 3142 summissa
287 3079 425 3143 dicatur.
479 3080 515 3143 ld
550 3100 650 3161 (quum
682 3081 721 3143 A.
746 3080 920 3143 Turnebus
955 3099 1072 3160 parum
1108 3077 1277 3160 probabile

100 3188 223 3261 putaret,
259 3184 442 3267 Thymelen
473 3195 505 3248 et
536 3187 687 3250 Latinum
717 3187 969 3267 comparationis
1001 3205 1100 3248 causa
1129 3185 1277 3248 inductos

100 3288 225 3367 credidit,
248 3298 285 3355 ut
308 3294 413 3356 simile
436 3294 575 3374 petitum
599 3296 684 3356 esset
709 3313 727 3355 a
753 3293 852 3356 mimo
874 3297 944 3356 tum
969 3301 1056 3363 noto,
1081 3293 1114 3355 in
1134 3311 1199 3372 quo
1215 3292 1277 3354 La·

99 3395 169 3461 linus
190 3404 223 3462 et
245 3399 405 3481 Thymele
429 3403 540 3480 partes
564 3401 714 3481 egissent.
740 3406 771 3462 et
795 3399 848 3463 hic
871 3418 985 3462 sensus
1009 3402 1105 3475 esset,
1132 3398 1279 3462 similiter

98 3500 200 3568 Carum
223 3505 404 3570 delatorem
428 3506 518 3570 illum
547 3506 693 3587 palpare,
730 3506 1010 3587 quemadmodum
1039 3507 1071 3569 in
1101 3507 1200 3569 mimo
1224 3504 1278 3567 illo

95 3608 238 3692 Thymele
274 3632 294 3674 a
329 3613 444 3676 Latino
479 3614 654 3676 summissa
689 3613 842 3676 maritum
874 3631 969 3675 suum
1000 3613 1159 3693 palparet.
1206 3610 1278 3687 Qua

93 3721 286 3783 enarratione
310 3721 450 3800 probata
473 3719 690 3793 Heinrichius‚
721 3719 752 3782 id
782 3720 868 3800 quod
898 3726 967 3781 tum
992 3719 1175 3782 necessario
1199 3717 1278 3781 taci-

92 3825 202 3889 endum
226 3833 306 3898 erat,
344 3833 371 3888 et
399 3827 432 3889 in
462 3833 496 3888 at
524 3828 643 3890 mutari
676 3827 783 3901 iussit3
819 3826 936 3889 deinde
961 3825 1051 3890 mimi
1074 3824 1158 3888 illius
1182 3842 1278 3904 argu-

91 3937 228 3996 mentum
264 3952 304 3995 ex
338 3932 399 3995 hoc
434 3933 504 3997 loco
539 3936 572 3996 et
607 3937 667 3997 sat.
692 3933 750 4009 vl,
786 3933 826 3996 41
858 3953 928 4014 sqq.
965 3936 1063 4012 atque
1092 3930 1178 4006 Vlll,
1218 3929 1276 3992 197

90 4058 276 4122 componere
309 4039 444 4103 studuit.
491 4040 526 4102 ln
561 4060 626 4121 qua
662 4060 696 4103 re
732 4060 849 4121 parum
884 4043 990 4103 tutum
1028 4038 1105 4100 mihi
1141 4036 1278 4111 videtur,

88 4165 181 4226 quum
211 4150 278 4210 tres
309 4147 441 4210 omnino
471 4146 657 4210 huiusmodi
690 4148 750 4211 loci
782 4147 869 4228 apud
901 4145 1088 4209 Iuvenalem
1120 4143 1278 4224 legantur,

88 4253 138 4333 qui
161 4252 202 4316 ad
226 4254 388 4317 actionem
414 4254 519 4318 Latini
543 4261 576 4317 et
600 4253 777 4335 Thymeles
801 4253 915 4316 reterri
938 4253 1073 4333 possint,
1098 4269 1210 4314 omnes
1237 4250 1279 4313 ad

87 4359 222 4423 eundem
245 4359 383 4423 mimum
407 4360 540 4424 referre.
586 4360 622 4423 ln
645 4362 715 4441 ipso
740 4367 850 4423 autem
884 4362 1076 4440 argumento
1104 4376 1183 4420 sane
1214 4375 1279 4421 non

86 4464 203 4546 placet,
239 4466 328 4548 quod
363 4467 405 4530 ab
442 4468 589 4531 adultero
624 4467 838 4548 deprehenso,
875 4467 965 4529 cuius
1000 4474 1111 4545 partes
1146 4464 1280 4526 Latinus

85 4574 280 4648 sustinuerit,
315 4575 387 4654 ipsa
420 4592 501 4637 uxor
531 4573 679 4637 adultera
708 4574 749 4637 ad
775 4576 927 4637 maritum
952 4570 1166 4653 mitigandum
1190 4589 1280 4633 sum·
