2948 5206
691 263 757 329 695

200 566 254 642 D.
311 566 496 641 Ciceronis
532 567 651 640 oratio
688 587 755 660 pro
791 568 946 641 Murena
982 567 1122 657 aliquot
1157 565 1246 638 locis

494 709 682 783 evidenter
708 710 914 783 emendata.
928 700 953 803 ι)

215 881 379 949 Ciceronis
412 901 473 964 pro
504 882 539 946 L.
563 882 700 947 Murena
733 883 914 948 orationem
948 881 992 948 ad
1025 900 1085 946 nos
1120 879 1323 962 pertulerunt

123 988 253 1054 codices
276 1008 342 1055 non
365 989 412 1053 ita
434 990 560 1070 antiqui
583 990 704 1071 quique
727 1007 934 1054 communem
952 988 1108 1070 originem
1128 986 1321 1052 mendorum

124 1095 304 1161 multorum
326 1094 585 1177 notabiliumque
609 1094 837 1161 communione
859 1095 1044 1160 ostendant.
1091 1094 1211 1160 Eorum
1229 1113 1321 1158 men÷

123 1201 243 1267 dorum
271 1221 392 1285 magna
419 1221 496 1284 pars
527 1221 567 1266 ex
600 1221 638 1267 eo
668 1219 787 1284 genere
818 1207 878 1280 est,
913 1221 987 1283 quae
1017 1200 1150 1267 librario
1180 1199 1321 1276 indocto,

123 1311 271 1373 osteum
294 1309 497 1391 propositum
521 1307 690 1390 exemplar
710 1309 790 1374 satis
814 1309 984 1391 diligenter
1006 1307 1215 1390 persequenti
1237 1306 1322 1371 anti·

123 1414 248 1496 quioris
271 1416 440 1496 scripturae
462 1416 579 1480 ductus
602 1414 815 1493 obscuriores,
840 1434 957 1480 vocum
974 1413 1220 1479 scribendarum
1239 1413 1322 1478 ratio

122 1520 187 1603 ipsi
210 1520 366 1586 inusitata
388 1521 555 1605 verbaque
578 1541 695 1604 parum
718 1521 881 1586 intellecta
898 1522 945 1586 ita
961 1520 1127 1597 obiiciunt,
1151 1523 1197 1598 ut,
1222 1519 1321 1585 modo

122 1626 216 1692 nulla
238 1627 411 1692 accesserit
433 1627 650 1710 interpolatio,
674 1647 715 1693 ex
737 1628 852 1694 litteris
868 1627 1124 1710 fragmentisque
1145 1629 1321 1693 verborum

122 1732 169 1797 ad
191 1734 335 1814 speciem
357 1734 440 1799 mire
470 1734 633 1800 distractis
656 1738 767 1800 tamen
790 1734 900 1800 omnia
923 1733 1092 1816 diligenter
1116 1733 1266 1799 rimando
1289 1737 1321 1797 et

122 1838 223 1904 simul
246 1839 291 1904 ad
313 1839 452 1907 formam
476 1841 631 1907 orationis
648 1841 848 1907 attendendo
865 1860 979 1906 verum
996 1839 1179 1906 certissima
1195 1841 1321 1905 ratione

122 1949 269 2010 eruatur.
315 1946 380 2012 Sed
404 1967 444 2012 ea
467 1948 612 2031 vestigia,
637 1967 711 2031 quae
733 1947 961 2030 persequenda
982 1953 1068 2023 sunt,
1095 1965 1184 2028 saepe
1208 1948 1265 2012 aut
1287 1946 1321 2009 in
1335 1961 1375 2002 ων

121 2070 190 2116 uno
218 2052 285 2116 iam
308 2056 342 2118 et
363 2053 467 2152 altero
490 2054 600 2119 codice
623 2058 681 2120 aut
703 2055 746 2119 ab
770 2055 848 2137 ipsis
870 2053 984 2137 primis
1007 2052 1185 2118 editoribus
1208 2051 1320 2118 incon-

121 2157 267 2223 siderate
289 2159 452 2224 occultata
474 2164 560 2237 sunt,
595 2160 729 2226 inducta
754 2161 865 2242 aliqua
894 2159 1072 2226 tolerabilis
1094 2159 1264 2224 sententia
1288 2161 1321 2221 et

122 2264 280 2330 orationis
302 2267 421 2348 specie,
457 2269 494 2331 ut
521 2285 560 2332 ea
588 2268 679 2350 prius
702 2267 902 2332 removenda
923 2267 975 2344 sit,
1000 2283 1100 2348 quam
1122 2264 1157 2328 in
1179 2264 1247 2328 veri
1270 2263 1319 2327 in-

121 2371 337 2453 vestigatione
360 2372 511 2454 progredi
532 2374 648 2455 possis,
672 2374 706 2438 in
729 2393 793 2455 quo
810 2391 929 2455 genere
945 2371 1087 2454 insignes
1104 2375 1138 2437 et
1153 2370 1319 2454 praeclarae

121 2480 201 2540 sunt
223 2496 282 2556 eae,
312 2496 394 2560 quas
422 2477 619 2544 Niebuhrlus
643 2479 788 2544 locorum
811 2478 934 2562 aliquot
962 2479 1039 2544 lecit
1062 2477 1318 2564 emendationes,

122 2581 213 2647 velut
241 2583 296 2648 illa
323 2582 356 2648 in
386 2571 489 2662 c.'ll,
519 2585 572 2661 25,
601 2585 656 2650 ubi
686 2606 746 2668 pro
774 2604 823 2663 eo,
859 2584 946 2667 quod
974 2585 1060 2650 male
1087 2582 1317 2666 interpolatum

122 2692 204 2765 erat,
239 2697 330 2754 notas
352 2692 517 2776 quasdam,
542 2711 561 2756 e
584 2691 732 2756 codicum
754 2691 896 2774 vestigiis
920 2689 1151 2774 (ueroaraedom
1174 2692 1208 2754 et
1230 2689 1319 2753 simi·

122 2791 224 2876 libus)
246 2796 387 2861 restituit
409 2796 505 2860 verba
527 2798 684 2882 quodam.
729 2798 896 2863 Interdum
923 2802 1035 2863 tamen
1057 2799 1091 2862 in
1119 2796 1172 2862 illo
1196 2795 1318 2872 codice,

123 2920 163 2964 ex
187 2921 252 2984 quo
275 2903 377 2967 nostri
399 2903 461 2968 orti
484 2908 570 2981 sunt,
594 2904 784 2986 depravatio
807 2904 932 2987 longius
955 2923 1127 2987 progressa
1150 2906 1210 2981 est,
1233 2903 1318 2968 litte-

122 3007 166 3071 ris
201 3027 268 3072 non
301 3010 406 3074 solum
441 3009 575 3074 divulsis
610 3014 643 3075 et
669 3011 855 3103 singulatim
883 3010 1092 3093 perturbatis,
1126 3009 1185 3075 sed
1219 3010 1318 3074 etiam

121 3118 258 3196 propter
279 3099 523 3181 similitudinem
539 3116 677 3194 omissis,
702 3136 783 3198 quas
798 3120 921 3195 tamen,
944 3118 1006 3182 hac
1023 3116 1094 3198 ipsa
1109 3115 1318 3181 similitudine

122 3221 364 3300 animadversa,
387 3223 554 3288 retrahere
577 3225 697 3306 possis3
728 3226 798 3287 tum
822 3224 949 3304 inipso
973 3223 1026 3288 illo
1050 3223 1160 3288 codice
1183 3221 1317 3304 quidam

123 3331 278 3409 corrupta
311 3329 491 3412 corrigendi
526 3334 558 3394 et
593 3328 744 3410 explendi
773 3333 907 3394 conatus
936 3349 1001 3394 non
1031 3328 1125 3392 valde
1154 3327 1317 3393 artificiosi

122 3438 295 3516 apparent.
349 3435 397 3499 llli
420 3436 481 3500 loci
504 3435 699 3519 desperandi
723 3433 798 3517 (nisi
821 3435 909 3517 quod
932 3435 1037 3501 lorma
1060 3436 1211 3498 universa
1234 3433 1318 3497 indi·

123 3539 191 3604 cari
214 3540 335 3622 potest)
370 3546 404 3606 et
432 3542 551 3606 infelici
581 3543 673 3624 signo
705 3541 850 3619 notandi,
885 3543 919 3606 in
948 3540 1066 3622 quibus
1094 3540 1189 3621 plura
1218 3539 1317 3604 rerba

122 3645 276 3711 librarius
299 3652 432 3730 propter
455 3648 697 3714 similitudinem
726 3649 848 3715 aliasve
877 3666 993 3712 causas
1021 3645 1139 3723 omisit,
1175 3649 1212 3710 ut
1234 3664 1262 3709 c.
1285 3646 1316 3721 4,

123 3752 159 3816 8:
196 3751 281 3816 Nam
310 3775 404 3838 quum
422 3757 562 3838 proemia
585 3755 665 3818 miti
685 3762 776 3819 tanto
793 3774 856 3839 pro
877 3753 937 3818 too
959 3752 1121 3817 industria
1143 3753 1207 3817 eiad
1229 3751 1317 3830 dota,

121 3865 245 3943 quomo
267 3866 361 3923 antea
383 3862 512 3944 nemini,
535 3861 558 3941 †
581 3863 637 3927 etc
660 3869 692 3924 et
714 3862 749 3924 si
771 3862 889 3945 ceperis
908 3881 967 3941 eos,
991 3880 1086 3944 quum
1109 3859 1242 3942 adeptus
1263 3859 1317 3939 ais,

122 3962 275 4047 deponere
298 3974 374 4031 coeat
395 3967 532 4032 hominis
554 3975 582 4033 et
605 3969 702 4033 astuti
724 3975 752 4032 et
781 3969 902 4053 ingrati
930 3965 1065 4050 (editurz
1100 3965 1232 4046 laborm
1260 3985 1318 4048 per

122 4089 200 4155 quoe
221 4090 260 4135 ea
282 4076 408 4156 ceperis
432 4075 553 4140 omisso
577 4072 639 4155 eos)
647 4069 673 4155 ²)
697 4078 730 4139 et
753 4094 779 4139 c.
793 4075 846 4150 39,
871 4073 924 4139 85.
959 4073 1054 4138 Nunc
1076 4072 1164 4137 locos
1182 4071 1316 4152 aliquot,

149 4332 173 4402 ¹)
191 4335 269 4405 [Haec
287 4354 396 4406 quoque
415 4354 488 4392 nunc
507 4337 607 4401 addidi,
627 4344 656 4392 ut
676 4337 839 4393 tenuitatem
857 4338 1018 4392 iuvenilium
1037 4337 1205 4406 copiolarum
1224 4336 1317 4404 aliquo

193 4426 276 4480 modo
295 4426 465 4480 redimerem.
502 4425 534 4479 A.
555 4424 643 4494 1842]

149 4510 172 4581 ¹)
191 4512 257 4581 [cn.
276 4531 349 4569 nunc
368 4515 436 4568 Adv.
456 4514 520 4569 Crit.
541 4514 593 4568 vol.
612 4516 650 4569 lll
668 4534 694 4586 p.
714 4514 764 4568 131
784 4512 823 4582 n.]
