2956 5190
633 274 700 340 645

10 440 28 485 Σ
60 483 85 529 a
109 462 258 546 trugn'bus
282 465 325 529 ad
347 466 482 548 glandes
504 469 681 534 redierunt.
694 465 719 551 ¹)
765 470 912 535 Retinuit
940 470 1039 534 etiam
1063 468 1262 534 Coloniensis

10 644 14 671 ,⁸
61 590 143 637 cum
172 571 304 637 Victorii
336 578 370 638 et
401 575 549 639 Lambini
579 577 745 642 codicibus
774 580 807 641 et
834 576 996 658 plerisque
1020 575 1188 641 deterioris
1212 575 1227 638 f
1247 608 1262 622 -

61 679 165 745 miliae
188 680 221 743 in
244 677 261 759 ἕ
285 680 325 743 31
352 680 436 745 hanc
459 702 571 747 veram
594 683 806 765 scripturam:
841 704 954 747 009090
982 682 1070 766 opud
1097 689 1262 766 19109011·

62 788 144 851 tium
167 788 370 871 gratiosiores
393 809 455 852 esse
483 810 578 874 quam
606 791 718 866 brittus,
753 790 787 854 in
816 809 880 873 qua
910 793 989 872 apta
1017 792 1049 852 et
1077 790 1262 853 necessaria

62 898 118 959 est
146 912 361 976 personarum
394 899 545 960 notarum
580 896 771 978 significatio
806 895 913 982 (quam
947 903 1020 960 tuus
1053 903 1129 960 esset
1162 916 1261 959 raeces·

61 1002 174 1066 sarius
197 1001 233 1082 is,
263 1003 317 1085 qui
344 1008 373 1064 te
401 1000 536 1083 ororet);
571 1003 605 1066 in
628 1003 705 1080 Eri,
736 1003 818 1068 Gud.
843 1005 873 1081 2,
904 1002 1063 1081 Leidensi,
1098 1002 1261 1066 S'alisbur-
1276 1016 1315 1058 ³0⁵

61 1107 167 1202 gensi,
191 1108 292 1172 Paris.
319 1108 370 1183 11,
400 1109 662 1191 deteriorumque
685 1109 810 1191 aliquot
833 1130 872 1174 ex
895 1110 966 1175 loco
990 1108 1087 1190 paulo
1111 1108 1261 1174 inferiore

61 1236 127 1300 pro
149 1216 252 1280 vuitus
274 1214 456 1279 subiectum
480 1219 530 1280 est
547 1237 658 1299 preces
681 1215 782 1298 (quod
805 1216 860 1293 ibi,
885 1237 919 1281 re
942 1216 1008 1280 iam
1032 1216 1179 1296 exposita
1201 1234 1261 1279 nec

62 1323 178 1389 addito
200 1321 351 1404 genitivo,
381 1327 494 1404 aptum
519 1321 593 1405 est).
639 1323 747 1406 Atque
770 1322 822 1388 hic
846 1323 977 1404 quidem
1001 1342 1084 1387 unus
1109 1341 1126 1386 e
1150 1341 1260 1386 recen·

62 1429 199 1495 tissimis
232 1428 393 1494 Soldanus
424 1429 507 1494 falsa
537 1430 741 1495 auctoritatis
773 1430 881 1512 specie
913 1429 1069 1510 deceptus
1100 1431 1166 1506 est;
1201 1428 1260 1493 sed

61 1534 83 1617 ἓ
108 1536 151 1601 24
175 1540 207 1601 et
229 1536 256 1600 is
280 1542 313 1599 et
336 1537 478 1601 Klotzius
503 1558 562 1618 pro
590 1556 668 1601 vera
697 1537 856 1618 scriptura
886 1534 959 1618 (non
987 1542 1064 1617 tam,
1098 1555 1137 1598 ne
1164 1534 1260 1616 offen·

63 1639 165 1724 dam),
201 1662 299 1725 quam
331 1662 405 1707 cum
437 1644 605 1708 deterioris
636 1643 768 1708 tamiliae
798 1643 893 1725 longe
915 1640 1063 1725 pluribus
1087 1644 1260 1706 servante

61 1750 199 1815 meliore
224 1749 307 1814 Gud.
331 1750 352 1813 2
376 1753 408 1813 et
431 1749 696 1833 Salisburgensis,
733 1750 972 1815 substituerunt
1000 1769 1041 1812 ex
1069 1748 1258 1826 Erfurtensi,

62 1856 230 1935 Leidensi,
271 1856 445 1921 Parisiensi
483 1858 538 1934 ll,
581 1857 699 1939 quibus
743 1857 795 1921 hic
829 1855 1028 1922 Coloniensis
1063 1854 1258 1936 adiungitur,

62 1963 240 2029 manifesto
263 1964 507 2045 interpolatam:
543 1971 692 2028 1101110111
709 1971 843 2047 propter
865 1964 910 2045 id,
935 1984 973 2027 oe
995 1961 1163 2044 offortdum,
1199 1980 1259 2025 nec

62 2076 176 2136 tamen
203 2071 299 2135 huius
330 2071 562 2136 coniunctionis
586 2079 719 2154 propter
749 2071 793 2153 id,
829 2091 867 2134 ne
898 2068 957 2152 (ut)
989 2069 1173 2150 exemplum
1202 2066 1258 2131 ad·

62 2179 264 2260 scripserunt
291 2177 388 2241 aliud.
440 2177 597 2259 Apparet,
635 2178 668 2241 in
702 2178 764 2242 hac
797 2178 942 2243 oratione
977 2174 1257 2258 interpolationem

63 2285 163 2350 etiam
192 2284 360 2348 meliorem
390 2283 547 2348 familiam
582 2304 647 2348 non
682 2284 726 2349 ita
761 2284 874 2348 leviter
908 2283 1061 2365 attigisse,
1096 2284 1154 2347 sed
1189 2283 1257 2346 eius

63 2391 144 2457 alios
174 2390 300 2456 codices
329 2390 399 2455 aliis
432 2390 464 2454 in
497 2390 574 2456 locis
604 2399 754 2474 expertes
785 2391 944 2454 mansisse
974 2390 1094 2472 partim
1125 2393 1258 2471 propter

62 2500 169 2581 ipsam
193 2498 310 2562 seriem
334 2504 366 2561 et
389 2499 600 2579 propaginem
625 2499 782 2575 codicum,
812 2498 869 2562 sed
898 2497 1001 2580 magis
1025 2497 1111 2579 quod
1135 2495 1257 2560 librarii

62 2606 354 2688 interpretamenta
378 2604 410 2668 in
434 2624 482 2680 eo,
519 2624 615 2686 quem
645 2604 687 2669 ob
718 2605 827 2670 oculos
855 2603 1025 2682 haberent,
1061 2603 1171 2668 codice
1200 2602 1256 2666 ad-

62 2714 184 2795 scripta
218 2711 502 2793 superscriptaque
537 2712 727 2793 spreverint.
789 2711 867 2794 (Cir.
892 2709 909 2791 ἓ
936 2711 991 2786 14,
1028 2709 1084 2773 ubi
1115 2708 1148 2772 in
1179 2708 1255 2786 Eri,

60 2820 179 2885 Salisb.
204 2818 376 2900 multisque
400 2818 596 2882 deteriorum
621 2823 670 2883 est
692 2820 848 2894 misereat,
873 2818 960 2900 quod
984 2817 1126 2881 Klotzius
1151 2815 1255 2880 adsci-

61 2927 117 3004 vit,
142 2926 175 2990 in
198 2926 281 2990 Gud.
305 2926 335 3002 2,
360 2925 459 3003 Leid,
493 2925 563 2990 aliis
587 2925 806 2990 deterioribus
824 2928 921 3003 recte,
957 2924 1044 3007 quod
1071 2923 1255 2987 Priscianus

60 3032 242 3110 confirmat,
267 3030 477 3111 raisereotur.)
512 3031 583 3109 Quo
607 3032 781 3113 patefacto,
805 3032 1007 3115 perspicitur,
1032 3049 1130 3111 quam
1154 3048 1254 3111 prave

63 3138 276 3203 recentissimi
300 3138 439 3202 editores
462 3140 569 3220 specie
593 3139 797 3203 auctoritatis
826 3137 921 3202 abusi
943 3137 1017 3209 sint,
1052 3157 1091 3201 ac
1119 3155 1161 3200 ne
1183 3156 1254 3200 om·

59 3246 151 3310 nium
175 3245 305 3328 quidem
330 3245 476 3309 codicum
506 3264 699 3309 consensum
730 3247 861 3311 obstare
890 3244 1042 3308 debuisse
1066 3242 1254 3307 correctioni

60 3352 245 3416 huiusmodi
280 3352 550 3426 soloecismorum,
588 3352 716 3434 qualem
752 3352 931 3416 Lambinus
965 3355 998 3415 et
1032 3370 1091 3432 ego
1123 3370 1140 3413 e
1169 3348 1253 3429 §23

60 3458 263 3522 sustulimus:
291 3458 374 3538 erid
396 3461 425 3522 si
448 3460 574 3524 essetis?
598 3459 758 3523 Caesarine
781 3480 850 3522 earn
873 3458 1029 3522 tradituri
1049 3456 1191 3539 fuissetis
1211 3476 1252 3518 011

60 3574 170 3629 corrtra
207 3566 362 3629 Coesorem
397 3567 571 3629 retenturi?
609 3587 668 3649 pro
701 3566 820 3649 fuistis.
878 3563 963 3647 (vid.
998 3582 1098 3641 nunc,
1135 3565 1255 3644 praeter

60 3691 171 3754 opusc.
196 3692 269 3736 mea
292 3672 384 3736 acad.
408 3693 440 3754 p.
467 3673 540 3751 199,
576 3673 812 3738 admonitiones
841 3692 924 3736 meae
954 3673 994 3736 de
1016 3669 1094 3735 locis
1118 3668 1252 3751 quibus-

29 3855 31 3858 ,
60 3778 137 3842 dam
160 3779 381 3859 grammaticae
405 3780 528 3844 Latinae
552 3800 583 3861 p.
610 3782 648 3844 11
675 3777 741 3861 [hic
765 3800 796 3861 p.
815 3780 877 3843 221
903 3776 1014 3860 sqq.].)
1049 3777 1092 3841 At
1110 3776 1253 3841 Klotzius

59 3888 91 3949 et
122 3885 301 3949 Beneckius
332 3905 374 3950 ne
404 3886 437 3950 in
461 3886 615 3968 pendenti
639 3887 771 3968 quidem
795 3886 956 3950 sententia
979 3884 1011 3947 in
1035 3883 1114 3964 §34
1138 3882 1252 3947 memi-

59 3994 191 4071 nerant,
227 3992 313 4073 quod
344 3990 429 4072 §24
453 3993 543 4078 (qaid
563 3993 686 4076 facturi
718 3990 860 4076 fueritis)
897 3993 1051 4074 legerant,
1088 4007 1254 4071 quumque

85 4271 107 4340 ¹)
126 4275 262 4329 Soldanus
281 4275 412 4344 singulari
430 4294 520 4331 errore
539 4283 649 4347 propter
664 4277 761 4331 Graevii
779 4276 819 4343 (in
840 4275 972 4330 varietate
991 4275 1092 4329 selecta
1106 4274 1151 4327 vel
1164 4272 1254 4340 potius

127 4368 231 4418 temero
254 4369 281 4418 et
299 4365 466 4435 negligenter
490 4364 628 4436 excerpta)
653 4367 793 4421 silentium
817 4365 974 4449 complures
998 4364 1084 4418 malas
1107 4362 1254 4430 scripturas

128 4452 195 4505 falso
215 4452 309 4506 tribuit
328 4454 489 4519 Coloniensi,
509 4461 539 4510 ut
554 4454 570 4521 ᾗ
584 4453 619 4507 32
637 4458 741 4522 optime,
760 4453 777 4521 ἕ
795 4453 830 4507 33
850 4456 963 4523 quodvis
980 4471 1031 4524 pro
1051 4454 1121 4506 Nam
1135 4452 1255 4520 quodvis,

125 4542 209 4607 hosce,
228 4541 289 4595 alia.
