2948 5206
132 117 249 200 efficium,
271 124 306 181 ut
325 115 454 198 frustra
477 116 681 195 laboraveris,
705 115 804 181 futuri
828 116 917 181 notio
941 134 1043 198 prope
1066 116 1226 182 transieta
1250 120 1301 181 est

132 223 247 306 inprius
268 223 417 302 verbum,
452 222 609 305 praeteriti
637 225 828 288 remanente
855 222 960 287 multo
991 223 1115 288 maiore
1142 227 1301 306 exparte

132 330 269 395 inaltero.
303 329 385 394 Haec
408 333 520 394 autem
542 329 598 407 ita,
623 333 660 394 ut
682 329 758 407 dixi,
783 347 865 406 esse,
890 327 1097 394 demonstrat
1115 329 1299 412 perspicue,

133 436 198 518 quod
216 436 381 519 aliquoties
405 437 669 514 commemoravi,
705 435 878 500 discidium
908 436 1077 518 utriusque
1107 435 1222 501 iormae
1251 436 1301 500 f·

134 543 180 607 tun'
197 543 303 622 exacti,
338 562 440 625 quum
468 561 518 620 ea,
553 541 586 605 in
614 560 679 623 qua
702 541 781 606 nihil
806 543 1047 624 essetproprie
1069 562 1111 607 ex
1133 544 1300 625 praeterito

135 646 185 730 (a),
211 650 279 715 hinc
307 669 441 732 prorsus
470 647 671 713 excludatur.
717 645 826 730 [Fugit
849 668 902 713 me
926 668 1030 731 genus
1054 669 1225 732 perrarum
1248 649 1297 714 lo·

135 755 225 836 quand
244 774 510 833 commemorare,
534 756 568 819 in
591 775 656 838 quo
681 775 720 821 ea
743 757 835 821 verbi
857 756 975 834 forma,
1005 756 1047 821 de
1071 776 1136 838 qua
1160 755 1297 838 agimus,

135 860 168 924 sic
188 863 321 944 ponitur,
356 866 393 927 ut
427 862 550 945 aliquid
584 863 694 928 futuro
727 866 876 945 tempore
910 863 1033 928 iactum
1069 866 1102 927 et
1130 865 1300 944 peractum

136 965 256 1049 uum,
291 968 570 1051 quemadmodum
605 970 694 1051 apud
728 969 794 1035 Cic.
822 971 857 1034 in
884 970 975 1034 Verr.
1005 973 1069 1035 act.
1092 969 1136 1047 Π,
1168 970 1185 1032 1
1216 967 1301 1050 §12

136 1077 260 1140 amerit
282 1080 316 1141 et
339 1075 456 1141 deinde
480 1077 623 1140 evaserit.
658 1076 807 1159 Apparet
829 1076 928 1154 enim,
952 1078 1015 1142 hoc
1039 1076 1204 1141 diversum
1229 1095 1301 1140 esse

135 1177 221 1260 abeo,
252 1182 340 1265 quod
362 1182 552 1265 simpliciter
575 1182 616 1247 de
644 1183 811 1264 praeterito
838 1186 989 1265 tempore
1019 1182 1161 1265 fingatur
1185 1201 1301 1248 conce·

137 1281 274 1370 Aulique,
298 1288 437 1354 velutin
459 1294 537 1355 noto
558 1289 725 1371 exemplo:
748 1290 854 1354 malua
876 1290 954 1354 civis
970 1289 1037 1371 fuit
1058 1287 1180 1369 Carbo;
1200 1288 1302 1370 fuerit

87 1436 89 1441 -
137 1390 262 1460 uocet
297 1395 363 1461 Cic.
387 1396 421 1459 in
443 1396 534 1460 Verr.
557 1400 622 1460 act.
645 1395 673 1459 ΙΙ
696 1395 752 1460 lib.
775 1396 789 1459 Ι
813 1394 831 1477 5
855 1395 924 1478 37.]

197 1500 350 1569 Absoluta
384 1505 435 1567 est
469 1521 509 1567 ea
543 1502 690 1584 quaestio,
726 1521 826 1583 quam
855 1501 895 1565 A.
919 1501 1040 1566 Gellius
1071 1501 1178 1585 (Noct.
1201 1503 1301 1566 Atlio.

87 1672 89 1677 .
135 1599 214 1686 Xllll,
235 1607 268 1690 2)
291 1608 469 1691 aliquando
486 1610 571 1674 inter
587 1607 848 1673 Saturnaliorum
866 1608 1064 1673 hilaritatem
1081 1610 1115 1672 in
1131 1609 1301 1673 hominum

135 1705 270 1779 loturum
305 1715 452 1781 convivio
486 1716 688 1798 propositam
722 1718 850 1793 narrat,
895 1716 1112 1798 ,compererim
1152 1714 1301 1796 sennim,

87 1846 90 1907 f
134 1812 230 1899 lucam
262 1823 355 1887 cuius
388 1823 546 1904 temporis
580 1822 683 1885 verba
717 1823 837 1898 essent,
871 1823 1030 1904 praeteriti
1059 1841 1103 1887 an
1126 1821 1227 1887 futuri
1258 1842 1301 1887 an

87 2004 90 2019 Ι
135 1923 303 2010 llriusque‘.
348 1927 463 2011 Neque
486 1929 573 1993 enini
596 1947 797 2010 quemquam
820 1927 882 2006 hic,
907 1929 963 1992 uhi
985 1929 1034 1994 rei
1056 1929 1218 1994 universae
1234 1948 1301 1993 non

87 2054 90 2095 ι
135 2034 198 2096 nce
215 2037 362 2101 tractatae
382 2036 544 2100 rationem
567 2036 695 2119 aperire
718 2055 833 2118 eaque,
858 2054 931 2117 quae
949 2035 1056 2100 minus
1079 2040 1159 2103 nota
1181 2041 1300 2112 essent,

87 2132 90 2143 '
135 2137 262 2217 expilare
285 2142 489 2224 propositum
514 2145 594 2220 erat,
629 2143 755 2224 reliqua
786 2143 827 2206 de
857 2161 920 2206 usu
943 2142 1081 2224 perfecti
1104 2143 1355 2209 coniunctivi112

134 2253 265 2330 Μυῖα
288 2251 479 2330 exspectare
501 2247 627 2330 opinor.
638 2243 663 2328 ¹)

87 2346 89 2351 ’
197 2351 256 2419 Sed
284 2358 389 2420 restat
418 2375 527 2437 operae
556 2358 678 2425 nostrae
709 2355 875 2437 appendix
904 2355 1067 2437 quaedani.
1113 2356 1302 2422 Admonent

135 2452 197 2521 euim
215 2479 261 2538 ea,
296 2480 370 2543 quae
399 2461 498 2544 paulo
527 2464 603 2526 ante
627 2462 668 2525 de
691 2461 936 2544 comparatione
960 2462 1073 2528 aoristi
1097 2462 1201 2527 Graeci
1224 2462 1300 2539 dixi,

135 2561 207 2630 ulle
226 2567 295 2633 aliis
326 2588 457 2650 quoque
485 2567 683 2650 quibusdam
712 2567 849 2649 perfecti
878 2568 984 2633 Latini
1012 2569 1155 2651 ponendi
1184 2569 1300 2647 modis,

135 2662 249 2753 tliquos
272 2673 482 2757 explicandos
505 2673 667 2738 interdum
692 2678 792 2752 reete,
816 2694 905 2757 saepe
927 2694 1021 2739 secus
1044 2695 1085 2740 ea
1101 2677 1301 2758 comparatio

135 2771 253 2847 annila
278 2787 339 2859 est,
363 2780 486 2863 aliquid
509 2779 627 2858 dicam,
651 2782 678 2844 si
702 2781 786 2846 sorte
809 2800 910 2845 unum
935 2786 967 2846 et
990 2781 1130 2847 alterum
1154 2782 1196 2846 ab
1214 2781 1303 2846 inani

135 2886 284 2966 nanum,
308 2907 345 2953 re
367 2907 434 2953 non
456 2886 629 2966 intellecta,
654 2886 829 2952 iactatione
852 2887 1016 2952 deterrere
1038 2890 1172 2971 possim.
1218 2889 1302 2954 Nam

133 2989 157 3051 el
173 2997 299 3059 retustoe
325 2995 581 3076 Latinorumque
608 2994 749 3076 propriae
776 2993 929 3076 loquendi
953 2994 1068 3060 lormae
1091 3014 1166 3060 cum
1190 3014 1302 3060 recen·

145 3287 163 3359 ¹)
178 3294 299 3350 Enorem
328 3295 466 3365 quendam
495 3295 646 3350 scribarum
670 3300 698 3349 et
721 3296 857 3349 editorum
880 3295 1033 3364 perlectum
1057 3295 1222 3350 coniunctiri
1244 3295 1302 3348 sive

176 3383 298 3438 futurum
327 3389 454 3438 exactum
481 3382 584 3450 (nescio
612 3384 695 3446 enirn,
724 3390 817 3437 utrum
845 3401 904 3438 esse
928 3384 1024 3448 velint)
1047 3389 1108 3452 post
1130 3387 1157 3436 ar·
1173 3388 1201 3436 et
1219 3401 1302 3452 quum

177 3488 289 3526 roooere
308 3470 437 3526 relativas
462 3472 630 3527 universales
653 3471 823 3542 (quicunque,
848 3471 909 3539 cet.)
933 3472 1054 3542 perfecto
1077 3471 1216 3525 indicativi
1240 3471 1302 3524 suh·

172 3560 349 3615 stituentium
366 3560 460 3614 notavi
479 3561 578 3630 partim
597 3562 625 3616 in
645 3562 804 3632 praelatione
823 3561 934 3615 Catonis
957 3568 984 3615 et
1006 3560 1081 3613 Laelii
1105 3576 1194 3628 nuper
1217 3577 1234 3613 a
1256 3576 1302 3612 ine

170 3650 308 3705 editorum
327 3667 354 3718 p.
373 3649 443 3713 xlx,
471 3650 571 3718 partim
596 3651 661 3705 alibi
685 3652 788 3705 tollam.
826 3648 987 3718 [Consilium
1012 3656 1158 3702 exsecutus
1181 3665 1244 3703 sum
1266 3649 1302 3702 ad

169 3740 225 3794 Cic.
249 3739 285 3793 de
307 3738 409 3791 rinv
434 3736 501 3804 §41
530 3745 558 3791 et
586 3741 713 3808 quaedam
739 3739 831 3793 addidi
860 3756 948 3808 nuper
975 3739 1003 3791 in
1031 3738 1063 3791 iis
1091 3731 1215 3801 monitis,
1241 3754 1303 3806 quaa

166 3827 358 3899 grammatice
376 3844 445 3881 ureae
463 3827 567 3880 Latina
585 3829 706 3882 adiunxi.
743 3828 811 3882 Nam
836 3845 922 3897 quum
946 3827 1021 3880 illam
1045 3827 1080 3879 ad
1103 3825 1240 3881 Ciceronis
1265 3827 1301 3879 lo·

166 3935 234 3974 curn
254 3923 351 3973 nolam
369 3915 472 3984 scripsi,
497 3916 620 3970 nondum
643 3918 891 3971 animadverteram
915 3916 943 3969 in
962 3915 1096 3968 eiusmodi
1115 3915 1189 3978 locis,
1213 3916 1302 3984 qualis

164 4013 212 4064 eat
236 4006 265 4062 in
284 4006 347 4061 libr.
366 4004 402 4058 lv
420 4004 454 4058 de
473 4004 531 4058 rin.
552 4004 593 4058 ll:
621 4008 687 4075 quid
711 4008 808 4059 habeut
826 4007 1026 4072 admirationis,
1054 4021 1138 4072 quum
1151 4020 1239 4071 prope
1257 4020 1302 4055 oc-

164 4099 303 4152 cesseris?
328 4110 385 4148 nou
408 4093 500 4147 minus
523 4093 675 4162 perfectum
700 4111 768 4159 esse,
796 4094 844 4149 sed
864 4093 1027 4147 translatum
1047 4092 1075 4146 in
1094 4091 1299 4146 coniunctirurn

164 4191 283 4258 propter
301 4184 359 4238 vim
379 4183 506 4238 secunda
524 4199 648 4251 personae
666 4183 856 4251 hypothetica.
895 4179 984 4248 1842]
