2956 5190
705 336 771 401 499

129 549 221 594 voce
250 530 319 595 tere
354 533 551 607 constanter,
585 530 768 613 perlectum
803 530 951 595 infinitivi
985 532 1210 612 subiiciebant,
1245 535 1336 601 cuius

129 655 219 702 usus
241 636 401 702 interioris
432 655 562 718 quoque
591 638 697 701 aelatis
726 638 899 719 scriptores
929 640 1078 721 exempla
1101 640 1252 722 quaedam
1275 641 1336 706 ha·

129 743 229 821 bent,
263 747 369 808 tracta
404 762 444 806 ex
472 729 653 808 imitatIone
683 743 802 809 veteris
831 744 984 826 loquendi
1006 747 1143 828 generis.
1189 747 1334 813 Primum

130 850 170 913 in
188 837 477 915 'senatusconsulto
501 850 541 914 de
565 850 824 915 Bacchanalibus
853 850 926 933 plus
955 852 1061 916 decies
1090 854 1246 935 scriptum
1270 858 1335 919 est:

129 976 176 1019 ne
199 958 270 1042 quis
292 958 397 1039 coisse,
421 977 459 1020 ne
482 958 552 1042 quis
574 956 720 1021 habuisse
743 958 816 1021 vetit
839 961 872 1021 et
893 957 928 1022 id
950 978 1052 1040 genus
1074 960 1148 1036 alia,
1172 960 1336 1025 stmiliter·

132 1063 261 1143 quein
284 1063 419 1144 antiqua
441 1063 512 1145 lege
536 1063 577 1127 de
604 1063 767 1146 magistris
795 1083 955 1145 aquarum
984 1062 1031 1147 (in
1058 1065 1236 1130 Hauboldii
1264 1086 1335 1131 mo·

131 1186 229 1232 num.
253 1168 411 1251 legalibus
434 1188 466 1251 p.
493 1168 585 1251 178):
614 1190 689 1234 neve
711 1171 913 1234 coelestum
942 1172 1076 1256 accepisse
1099 1172 1180 1249 velit,
1210 1175 1280 1236 turn
1302 1171 1337 1237 in

133 1278 251 1339 vetere
273 1275 414 1340 formula
437 1275 533 1341 edicti
555 1276 742 1341 consularis
773 1277 862 1359 apud
893 1276 1031 1342 Gellium
1063 1277 1159 1360 (XIII,
1194 1275 1264 1359 15):
1298 1299 1337 1342 ne

134 1383 212 1467 quis
233 1383 440 1466 neepistratus
462 1384 567 1446 minor
589 1382 628 1446 de
650 1383 724 1447 coelo
746 1404 887 1448 servasse
908 1385 991 1448 velit.
1033 1384 1148 1466 ltaque
1171 1385 1279 1448 Livius
1302 1385 1337 1448 in

133 1489 332 1570 exponendo
355 1492 549 1572 argumento
572 1489 844 1555 senatusconsulti
875 1489 916 1555 de
947 1490 1206 1556 Bacchanalibus
1236 1490 1336 1572 paulo

133 1598 216 1659 ante
239 1595 282 1673 id,
306 1596 394 1678 quod
417 1615 505 1660 nunc
528 1602 644 1673 exstat,
669 1596 745 1661 facti
769 1599 912 1661 veterem
937 1596 1092 1663 orationis
1109 1598 1250 1663 colorem
1266 1617 1335 1662 ser·

133 1703 238 1779 veuit,
261 1702 406 1781 XXXIX,
439 1704 489 1780 14,
514 1703 550 1768 8:
585 1724 623 1766 ue
657 1705 727 1788 quis
761 1705 856 1767 coisse
887 1710 943 1768 out
970 1706 1145 1768 messuisse
1172 1701 1336 1768 sacrorum

132 1828 237 1872 causo
265 1810 347 1888 velit,
384 1815 416 1875 et
445 1811 477 1874 in
507 1810 620 1898 edicto,
644 1809 814 1875 consulum
842 1809 909 1874 ibd.
936 1810 986 1887 17,
1011 1810 1047 1874 3:
1082 1831 1121 1874 ue
1154 1812 1225 1895 quis
1258 1809 1335 1895 quid

132 1914 227 1999 supae
249 1937 347 1981 causa
362 1917 541 1982 vendidisse
555 1937 630 1980 nece
645 1918 753 1980 emisse
767 1916 871 1992 cellet3
895 1916 1037 1981 servavit
1052 1916 1150 1981 etiam
1163 1915 1334 1994 XXXVIII,

138 2023 191 2098 11,
217 2023 237 2085 9
260 2023 293 2087 in
316 2026 406 2105 pacis
431 2044 505 2089 cum
528 2023 641 2088 AEtolis
665 2023 761 2087 factae
785 2021 1026 2087 condicionibus
1050 2023 1267 2104 exponendis:
1296 2043 1335 2087 ne

134 2149 229 2213 quem
252 2149 357 2194 eorum
382 2130 484 2194 AEtoli
505 2131 657 2213 recepisse
683 2130 787 2192 veiint.
833 2129 921 2193 Illius
948 2128 1221 2193 senatusconsulti
1250 2132 1334 2192 tern-

135 2233 211 2315 pori
234 2254 294 2316 par
317 2236 399 2302 Cato
422 2237 463 2301 de
486 2256 522 2302 re
545 2240 626 2301 rust.
650 2235 672 2299 ὃ
694 2235 838 2317 scripsit:
873 2256 912 2298 ne
940 2235 1017 2320 quid
1046 2232 1196 2317 (villicus)
1226 2236 1335 2299 emisse

135 2341 221 2422 velit,
255 2343 404 2407 insciente
437 2343 573 2425 domino,
608 2362 646 2406 ne
680 2341 757 2427 quid
791 2342 937 2406 celerisse
963 2343 1046 2406 velit.
1093 2341 1251 2406 Catonem
1282 2360 1334 2404 se-

135 2450 281 2527 quantur
303 2449 427 2527 comici‚
453 2449 540 2531 apud
563 2468 645 2531 quos
669 2448 734 2513 duo
753 2451 883 2513 tantum
898 2434 1049 2530 exempla
1063 2448 1202 2529 repperi,
1227 2447 1334 2512 Plauti

134 2552 170 2615 in
195 2553 331 2619 Poenulo
354 2555 405 2632 lv,
430 2556 461 2632 2,
490 2556 548 2620 50:
584 2555 690 2619 Nolito
714 2555 820 2638 edepol
842 2555 1011 2633 devellisse,
1041 2554 1186 2619 Terentii
1209 2555 1242 2618 in
1265 2554 1334 2619 He·

135 2677 216 2741 cyra
238 2659 290 2738 lv,
316 2664 345 2738 1,
369 2663 430 2726 43:
455 2661 626 2745 Intercisa,
649 2683 687 2726 ne
711 2669 801 2726 extra
824 2661 903 2726 cedis
919 2683 1057 2746 puerum
1081 2661 1226 2725 estatisse
1248 2662 1333 2726 celis.

135 2764 199 2829 His
221 2767 388 2847 proximus
412 2772 461 2833 est
483 2767 519 2834 C.
543 2768 707 2834 Gracchus
731 2767 833 2852 (apud
857 2768 936 2833 Gell.
960 2768 999 2842 X,
1025 2766 1073 2849 3):
1098 2767 1273 2850 edixerunt,
1296 2789 1335 2832 ne

135 2872 209 2955 quis
242 2873 277 2936 in
311 2872 432 2939 bulcem
465 2877 579 2940 lavisse
612 2876 714 2952 vellet3
749 2875 887 2958 excipiet
917 2894 993 2939 eum
1020 2875 1062 2939 M.
1086 2874 1189 2939 Varro
1218 2874 1333 2957 fragm.

135 2976 194 3041 lib.
217 2977 277 3043 XX
300 2979 424 3046 Rerum
447 2985 537 3047 hum.
562 2981 664 3065 (apud
687 2982 769 3047 Non.
793 3003 824 3046 v.
848 3002 979 3065 spurces
1001 3002 1033 3063 p.
1057 2981 1123 3045 394
1145 2977 1272 3062 Marc.):
1296 3003 1335 3045 ne

135 3085 209 3169 quis
222 3085 371 3170 lictorem,
394 3109 542 3172 spurcum
563 3088 728 3171 hominem,
752 3089 885 3152 liberum
895 3087 1092 3172 prehendere
1107 3090 1235 3153 iussisse
1250 3089 1332 3168 velit,
1349 3105 1387 3144 νιν

136 3211 212 3272 quae
235 3194 337 3258 verba
360 3196 537 3277 sumpsisse
565 3197 673 3278 potest
704 3215 745 3259 ex
774 3197 884 3258 vetere
914 3194 1065 3259 formula.
1111 3195 1159 3259 Ex
1182 3199 1333 3260 senatus·

137 3298 285 3364 consulto
308 3306 396 3366 certe
419 3302 584 3366 transtullt
607 3301 754 3366 Valerius
777 3301 937 3366 Maximus
960 3300 998 3374 ΙΙ,
1021 3301 1053 3379 4,
1078 3301 1109 3380 2,
1138 3303 1197 3366 sed
1219 3301 1333 3367 inscite

137 3406 290 3471 variavit:
325 3428 364 3472 ne
398 3410 468 3493 quis
500 3409 535 3471 in
570 3409 646 3472 urbe
679 3408 826 3473 ssebsellia
856 3408 1033 3491 posuisse
1065 3408 1210 3472 seclensee
1243 3409 1334 3472 lucios

136 3519 312 3594 spectare
334 3515 432 3578 eelim
467 3514 588 3580 Contra
611 3514 786 3580 Suetonius
808 3514 866 3578 lul.
891 3513 934 3579 80
957 3533 1089 3595 prorsus
1105 3513 1150 3579 ad
1164 3513 1332 3597 vulgarem

136 3637 302 3684 normam:
326 3642 365 3684 ne
387 3622 458 3706 qut's
480 3623 619 3685 senatori
641 3642 717 3685 novo
740 3622 865 3686 curium
887 3627 1064 3684 monstrare
1086 3621 1168 3685 velit.
1203 3622 1240 3685 ln
1262 3622 1333 3703 ipso

136 3725 246 3791 libello
270 3727 446 3792 Caesariani
474 3729 631 3809 temporis
659 3732 769 3792 utrum
799 3729 980 3809 antiquiore
1009 3727 1115 3792 forma
1144 3734 1333 3791 monstrasse

137 3851 181 3896 an
203 3835 382 3898 recentiore
405 3842 581 3898 morestrore
605 3833 711 3911 luerit,
736 3834 955 3899 coniecturam
979 3833 1087 3898 lacere
1110 3833 1194 3898 nolo.
1207 3829 1233 3914 ¹)
1267 3833 1332 3898 Sed

136 3940 354 4021 anttquiorem
378 3942 516 4007 formam
546 3941 648 4006 secuti
678 3940 843 4005 interdum
873 3944 989 4023 poetae,
1024 3943 1061 4004 ut
1083 3939 1239 4004 Horatius
1263 3940 1331 4004 Sat.

137 4045 175 4120 ll,
199 4045 230 4122 3,
257 4047 334 4111 187:
372 4048 419 4112 Ne
448 4050 518 4133 quis
540 4048 687 4112 humasse
709 4047 782 4111 velit
805 4046 947 4128 Aiacem,
981 4046 1113 4127 Attide,
1149 4053 1233 4110 oetas
1255 4046 1335 4109 cur?

166 4327 187 4394 ¹)
206 4327 368 4472 [titutionem
392 4331 510 4473 lomfiarg
534 4331 617 4385 babet
640 4331 719 4386 edict.
745 4330 814 4385 oedil.
838 4329 995 4398 (Goesariani
1018 4329 1074 4383 fere
1099 4326 1245 4471 temporinilt
1258 4329 1332 4470 aplud

282 4460 288 4473 .
411 4461 417 4474 .
514 4439 520 4472 :
633 4422 753 4450 ''·
875 4422 906 4435 ''
1049 4419 1331 4471 m''eeee.a·

208 4436 295 4562 riIthr
308 4420 652 4578 SihtuirrliscriptiongeguII
671 4434 1161 4574 nffpgaz.nsslaeu3nfissm
1190 4512 1265 4561 tenet
1292 4505 1332 4561 tn·

208 4597 317 4666 scriptio
336 4598 494 4668 sepulcralis
513 4598 558 4652 Or.
578 4613 619 4651 nr.
638 4593 730 4664 4421]

1070 4697 1119 4753 32*
