2956 5190
752 323 816 390 194

188 525 228 591 de
252 522 427 605 Campanis
456 520 606 598 Velleius,
642 523 678 584 ut
713 524 762 585 est
795 524 980 603 temporum
1009 518 1147 584 rationis
1178 519 1216 583 in
1245 522 1313 584 toto
1337 520 1379 586 iio

188 633 257 698 loco
281 630 455 712 negligens,
479 631 544 693 huc
567 626 700 704 rettulit,
725 626 814 708 quod
838 626 946 692 Livius
969 626 1013 692 ad
1035 646 1164 693 annum
1190 626 1260 691 338
1283 626 1380 693 refert:

188 742 275 804 certe
303 739 356 814 iis,
392 735 446 817 qui
481 738 636 817 quattuor
670 738 746 799 ante
784 735 879 799 annis
894 764 896 768 >
913 733 1041 799 subacti
1074 736 1192 811 erant,
1220 732 1287 799 illa
1317 735 1381 799 iuris

133 867 173 907 aaa
188 844 392 929 aequabilitas
416 845 448 906 et
471 841 632 923 isopolitia
656 860 812 906 concessa
834 860 901 905 non
923 842 988 917 est;
1011 839 1182 905 Samnites
1206 859 1276 906 non
1292 841 1380 924 mcg's

186 952 306 1016 liberos
329 948 495 1026 intellexit,
520 948 578 1013 sod
601 968 704 1031 parva
728 948 881 1030 quaedam
905 946 1027 1029 oppida
1044 946 1191 1012 fortasse
1210 946 1380 1013 Samnitum

187 1060 221 1122 in
244 1057 424 1137 Campania
448 1055 533 1118 circa
556 1054 643 1118 idem
666 1058 797 1137 tempus
821 1055 928 1136 capta.
974 1052 1016 1117 Et
1040 1051 1161 1118 eodem
1186 1072 1279 1119 anno
1300 1052 1380 1119 Cala

187 1163 313 1228 colonia
336 1160 478 1244 praesidii
502 1180 603 1225 causa
626 1162 659 1224 in
682 1162 737 1226 illa
766 1161 838 1226 loca
868 1160 1087 1224 deductat
1037 1163 1098 1223 est.
1145 1124 1335 1226 Cetemxm
1325 1180 1378 1226 raro

187 1290 288 1353 supra
311 1268 386 1346 dixi,
410 1287 463 1332 me
487 1267 608 1331 illam
599 1287 706 1350 ipsam
730 1267 936 1349 isopolitiam,
966 1265 1027 1330 hoc
1054 1269 1117 1344 est,
1141 1267 1233 1332 inter
1256 1267 1378 1332 duarum

188 1397 297 1441 rerum
320 1374 525 1457 publicarum
548 1374 725 1439 liberarum
750 1375 837 1439 cives
861 1372 979 1455 privati
1007 1372 1085 1437 iuris
1113 1375 1377 1449 communionem,

188 1503 253 1548 non
277 1501 409 1565 prorsus
436 1481 565 1557 tollere,
600 1480 659 1545 sed
690 1481 733 1545 ad
765 1482 861 1563 longe
891 1479 955 1544 alia
985 1481 1137 1561 tempora
1169 1484 1205 1545 et
1238 1480 1283 1545 ad
1310 1479 1378 1545 alius

188 1591 347 1666 homines,
383 1590 525 1652 maxime
554 1586 598 1651 ad
627 1588 759 1652 Latinos
789 1590 822 1651 et
851 1587 1010 1652 Hernicos
1038 1586 1176 1668 antiquo
1206 1584 1264 1668 Sp.
1289 1585 1377 1651 Cassii

187 1695 349 1761 Viscellini
373 1694 496 1758 loedere
520 1713 593 1758 cum
617 1693 776 1757 Romanis
800 1695 988 1758 coniunctos
1017 1698 1050 1758 et
1078 1693 1123 1758 ad
1145 1693 1377 1775 antiquissimos

188 1803 332 1879 Caerites
365 1821 404 1865 ea
427 1801 579 1882 pertinet,
614 1819 720 1882 neque
743 1800 794 1865 bis
818 1820 957 1882 usquam
980 1799 1168 1865 nominibus
1194 1800 1377 1864 civitatiset

187 1909 353 1990 municipii
377 1907 570 1990 appellatur,
600 1907 693 1971 aliter
717 1926 847 1988 quoque
870 1906 968 1988 paulo
992 1906 1169 1971 constituta
1194 1905 1275 1983 luit·
1290 1924 1376 1988 quam

24 2080 25 2085 ,
134 2038 174 2079 ero
187 2017 384 2081 Niebulrrius
412 2008 591 2096 putarit¹);
627 2015 761 2096 eiusque
796 2015 828 2077 in
847 2022 977 2078 'eorum
1006 2012 1170 2077 sociorum
1200 2011 1376 2087 loederibm,

189 2175 451 2185 ——-——---——--

217 2277 237 2348 ¹)
256 2278 405 2349 [Indignon
424 2285 533 2333 tantum
552 2279 651 2342 virum,
669 2283 701 2331 ut
719 2277 832 2346 aliquod
845 2276 966 2346 opinioni
979 2278 1064 2331 semel
1077 2281 1219 2346 conceptae
1231 2276 1376 2346 prmidiun

258 2370 441 2438 undecunque
460 2367 625 2426 conciliaret.
645 2369 764 2421 abusum
784 2383 843 2421 esse
861 2371 990 2436 corrupto
1004 2365 1072 2420 Liuii
1091 2366 1152 2420 looo
1170 2365 1201 2419 iu
1220 2366 1282 2419 libr.
1296 2364 1377 2427 xxvi

258 2458 306 2513 15:
325 2476 391 2528 uum
409 2460 648 2512 communicassent
666 2459 780 2511 coeuntia
793 2474 854 2510 cum
866 2457 1004 2524 aliquibus
1015 2457 1150 2509 cocionum
1162 2456 1264 2509 batim
1274 2456 1378 2509 mulsia

259 2550 476 2615 munuccpiocum,
495 2554 520 2599 et
537 2564 603 2599 num
621 2563 669 2615 ope
687 2563 779 2600 corum
797 2549 827 2598 in
844 2546 909 2598 dello
919 2548 1010 2612 foruit
1024 2552 1048 2597 ct
1060 2545 1276 2612 municipiorum
1293 2544 1377 2597 dicut

258 2637 376 2705 Intelligi
399 2636 458 2690 vult
481 2635 541 2689 illas
565 2636 655 2701 urbes,
684 2651 746 2703 quae
769 2633 934 2703 isopolitiam
958 2634 1100 2686 baberent.
1141 2631 1242 2701 Itaque
1266 2631 1320 2686 iam
1341 2647 1379 2685 eus

258 2725 322 2778 belli
341 2724 437 2779 Punici
455 2726 567 2780 secundi
593 2731 717 2793 ternpore
742 2723 770 2777 in
795 2723 873 2777 ltalia
896 2721 1064 2791 superfuisse
1087 2719 1243 2790 credemus,
1272 2738 1289 2774 a
1310 2719 1378 2774 sociis
1417 2706 1420 2803 l

259 2814 404 2879 seiunctas,
429 2831 484 2883 quo
503 2819 626 2883 ternpore
649 2819 708 2867 tota
725 2813 805 2866 Italia
824 2811 862 2865 ita
881 2810 1013 2864 Romanis
1031 2809 1153 2879 parebat,
1178 2815 1218 2873 ut,
1246 2825 1331 2878 mum
1347 2807 1380 2860 in·
1418 2840 1420 2847 ·

258 2903 342 2956 finitis
361 2903 426 2957 locis
444 2903 519 2956 italis
538 2903 703 2971 imperatum
722 2902 854 2971 legamus,
882 2916 1020 2968 nusquam
1044 2898 1096 2952 nisi
1119 2898 1284 2952 Latinorum
1303 2903 1330 2950 et
1344 2912 1379 2950 se
1418 2884 1420 2935 ῗ

259 2991 363 3045 ciorum
381 2992 484 3045 mentio
502 2991 559 3055 fiat,
582 2997 618 3055 et,
642 3008 697 3059 quo
720 2996 844 3059 tempore
867 3005 924 3042 non
946 2989 1062 3042 dubium
1085 2992 1126 3041 est
1154 2987 1223 3055 quin
1248 2984 1379 3054 municipii

259 3096 361 3134 nornen
379 3080 487 3149 proprie
506 3080 533 3132 in
558 3080 664 3148 oppidis
688 3079 789 3132 civium
808 3079 998 3131 Romanorum
1021 3076 1138 3143 haeserit,
1167 3081 1264 3130 tamen
1290 3073 1378 3129 mirum

259 3169 331 3222 hanc
349 3169 422 3223 tertii
440 3168 546 3237 generis
564 3167 771 3237 peregrinorum
797 3166 876 3220 sociis
895 3171 923 3220 et
947 3166 1022 3220 Italis
1048 3164 1145 3218 adiecti
1171 3164 1380 3234 appellationem

260 3257 389 3310 usitatam
408 3258 538 3311 dicemus.
576 3257 703 3322 Omnino,
728 3257 750 3310 si
774 3257 823 3310 ulli
846 3254 1046 3324 superfuissent
1068 3252 1202 3322 isopolitoe
1225 3250 1381 3308 istiusmodi

260 3345 332 3399 inter
357 3347 445 3400 socios
473 3352 565 3401 tamen
594 3346 718 3411 luissent,
747 3351 775 3399 et
802 3344 922 3399 maxime
949 3343 1061 3412 quidem
1090 3343 1161 3396 inter
1185 3342 1308 3397 Latinos.
1343 3342 1380 3395 An

260 3435 415 3499 Fundanos,
434 3436 601 3500 Formianos,
626 3436 779 3489 Acerranos
799 3433 839 3499 (hi
858 3434 932 3487 enirn
951 3432 1063 3485 suntin
1081 3431 1128 3484 illo
1146 3431 1221 3485 Fasti
1241 3432 1310 3495 loco,
1332 3445 1381 3499 quo

261 3541 327 3578 usus
350 3531 417 3589 erat,
445 3530 472 3578 et
495 3530 627 3593 praeterea
650 3524 785 3578 Lanuvini
810 3529 837 3576 et
860 3521 1010 3576 Tusculani
1031 3520 1146 3589 pridem,
1175 3519 1296 3574 Cumani
1312 3517 1381 3573 breui

260 3619 324 3667 ante
343 3614 420 3667 illum
439 3630 552 3677 annum,
571 3615 605 3667 de
624 3631 678 3682 quo
698 3612 790 3665 Livius
810 3616 911 3675 narrat,
930 3609 1060 3678 suffragio
1078 3606 1193 3675 donati),
1212 3625 1249 3663 an
1269 3609 1327 3673 bos,
1349 3607 1382 3661 in·

261 3719 353 3772 quam,
382 3702 542 3756 Latinorum
565 3702 747 3772 appellatione
771 3699 966 3769 comprehendi
990 3715 1045 3752 non
1068 3697 1196 3768 putavit?
1224 3698 1305 3753 Adeo
1322 3694 1383 3752 nihil

261 3791 497 3860 circumspiciebat
515 3791 556 3844 vir
574 3790 691 3845 eximius
710 3791 737 3843 in
765 3789 922 3843 huiusmodi
946 3787 1012 3841 locis
1035 3787 1070 3840 ad
1093 3786 1236 3856 opiniones
1260 3803 1326 3841 suas
1347 3801 1383 3839 ae

261 3880 476 3944 commodandis,
495 3886 530 3942 et,
551 3886 580 3934 ut
593 3879 843 3934 vetustissimorum
856 3877 1044 3931 institutorum
1057 3876 1183 3941 formam,
1198 3892 1287 3945 quam
1298 3874 1385 3930 auimo

261 3975 430 4039 conceperat,
458 3968 578 4038 uestigiis
601 3968 736 4022 inferioris
760 3966 891 4035 temporis
914 3967 1098 4030 confirmaret,
1124 3965 1201 4019 illam
1225 3965 1318 4034 ipsam
1335 3978 1385 4018 cor·

260 4060 414 4128 rumpebat
450 4058 521 4112 Nihil
541 4058 661 4126 apertius
680 4062 729 4121 est,
754 4073 838 4126 quam
863 4058 1073 4124 municipiorum
1092 4059 1184 4107 ortum
1203 4070 1294 4122 prava
1309 4052 1386 4123 gomi·

261 4149 371 4202 natione
390 4164 448 4201 esse
467 4163 501 4200 ex
521 4147 825 4208 Nuuornnolcuffl,
845 4144 1066 4212 vocabulumque
1084 4147 1245 4212 corruptum
1265 4142 1387 4212 proximo

261 4253 370 4305 quoque
390 4252 470 4289 versu
489 4234 636 4303 repetitum
660 4251 728 4299 esse,
756 4234 804 4288 ubi
831 4233 1050 4287 additamentum
1074 4231 1164 4301 arguit
1187 4231 1388 4287 vetustissimus

261 4325 346 4378 codex
374 4325 542 4387 Puteaneus,
570 4323 597 4376 in
622 4340 677 4392 quo
696 4323 837 4377 scribitur:
864 4323 1323 4390 forecudadmuuicipc'oeumcdiuti,
1351 4318 1390 4374 bis

261 4413 350 4481 posita
372 4414 462 4483 prima
485 4412 559 4466 vocis
582 4414 672 4465 adiuti
693 4412 806 4479 syllaba.
849 4409 915 4478 [Cir.
935 4412 1048 4465 Emend.
1068 4411 1126 4465 Liv.
1151 4427 1176 4479 p.
1196 4408 1249 4463 374
1269 4412 1315 4465 ed.
1333 4405 1390 4475 alt]

260 4501 418 4556 Perversius
437 4502 520 4557 etiarn
540 4501 574 4567 (II
593 4518 619 4570 p.
641 4501 688 4565 til)
710 4501 864 4555 istiusmodi
887 4500 988 4570 oppida
1010 4501 1084 4570 apud
1108 4499 1268 4569 Appianum
1293 4498 1390 4569 signifi·

261 4590 316 4642 cari
335 4592 442 4659 putavit
459 4590 527 4656 (Cir.
542 4591 563 4654 l,
582 4591 636 4656 10),
656 4591 703 4644 uhi
722 4590 744 4644 is
763 4594 831 4644 cioca
846 4591 986 4644 Romanos
1004 4607 1038 4643 cc
1052 4591 1208 4657 munimptc‘c
1226 4597 1252 4642 ct
1269 4590 1390 4651 aucae
