2956 5190
745 215 810 281 308

179 410 282 476 multo
305 409 435 493 gravius
459 412 518 487 est,
542 410 631 492 quod
654 429 681 474 c.
702 410 755 488 26,
779 410 833 488 63,
856 410 913 476 ubi
936 409 1044 476 editur
1065 428 1226 493 perverse
1247 414 1279 474 et
1294 428 1351 475 cu·

178 521 231 583 tra
254 520 376 589 certam
404 515 557 599 loquendi
585 536 752 583 normam:
788 515 832 580 ad
865 515 1058 581 tradendam
1087 514 1257 601 maldera,
1284 515 1354 581 Pari·

179 625 294 689 siensis
317 640 447 705 quoque
470 622 583 700 codex,
606 627 727 706 prater
750 623 932 689 Beruenses
954 628 988 689 et
1005 622 1247 699 Erfurtemem,
1267 641 1355 688 varra

179 731 374 813 scripturam
407 728 518 807 habet,
553 728 757 795 tradatdirm.
802 730 997 795 Perversum
1027 728 1174 795 alterum
1205 728 1282 795 otri.
1322 728 1357 795 lla

179 857 244 920 qua
277 856 314 901 re
349 835 577 918 exponendum
612 840 663 901 est
696 836 795 920 paulo
830 836 1029 920 explicatius,
1066 826 1160 919 quod
1193 835 1358 901 miniario

181 944 314 1008 modum
339 943 467 1008 diversa
490 928 644 1008 confrmdi
667 944 762 1010 video
786 949 818 1010 et
840 943 992 1010 inanibus
1015 943 1256 1009 auctoritatum
1276 942 1361 1008 naui·

47 1115 51 1124 ,
180 1049 277 1115 nibus
311 1069 380 1114 rem
409 1050 472 1132 agi.
518 1049 658 1116 Orellius
691 1051 725 1116 in
760 1051 996 1134 antiquioribus
1030 1048 1130 1114 codd.
1166 1048 1360 1132 persrepab

180 1156 301 1222 talibus
335 1155 481 1226 exhiberi
515 1158 724 1239 geumdium,
760 1159 816 1223 ubi
851 1159 1047 1223 recentiores
1078 1155 1168 1221 falso
1202 1138 1362 1221 soloeoul

180 1267 272 1328 metu
294 1262 522 1328 substituerint
543 1263 760 1347 participium,
790 1264 913 1330 scribit.
958 1262 1083 1328 Vellem
1106 1262 1200 1329 locos
1221 1266 1363 1339 noum

181 1369 286 1434 nullos
310 1370 396 1434 enim
420 1388 496 1434 vere
525 1371 607 1435 tales
635 1372 770 1453 reperiri
793 1375 889 1453 puto;
924 1369 1041 1435 deinde
1071 1368 1216 1436 conferri
1244 1368 1364 1435 Garato-

181 1475 271 1540 nium
294 1474 395 1539 iubet.
442 1475 637 1542 Garatonius
665 1498 725 1544 nos
754 1479 891 1544 remittit
917 1476 961 1542 ad
990 1476 1133 1541 Gronov.
1158 1476 1205 1541 ad
1226 1475 1306 1541 Gell.
1324 1457 1363 1552 11,

181 1583 202 1647 9
226 1586 260 1647 et
282 1581 326 1646 ad
349 1601 399 1661 aa,
429 1602 503 1664 quae
531 1582 611 1647 dixit
634 1584 704 1665 ipse
726 1585 770 1649 ad
793 1584 835 1648 IV
857 1584 891 1648 in
914 1583 1007 1649 Catil.
1030 1582 1062 1660 9,
1092 1581 1164 1661 uhi,
1200 1602 1301 1665 quum
1318 1600 1364 1664 op

181 1689 260 1753 time
283 1687 494 1754 scribereturt
530 1689 574 1752 ud
601 1690 850 1755 commendam
877 1711 944 1754 rem
960 1688 1135 1773 publicam,
1162 1688 1317 1755 Gravius
1335 1707 1366 1753 cx

46 1874 48 1879 .
182 1796 314 1878 pessimi
343 1795 462 1860 codicis
496 1800 674 1878 pervagato
709 1816 835 1862 errore:
871 1797 915 1861 ad
948 1793 1203 1860 manandum
1229 1796 1366 1881 popedon

182 1902 273 1967 Rern.
297 1903 517 1968 soloecismum
541 1903 661 1967 effecit:
691 1903 736 1968 od
757 1902 1006 1968 comanendum
1027 1923 1096 1965 rem
1113 1901 1291 1986 pulicum.
1330 1902 1367 1967 lbi
1408 1962 1411 1987 ,

182 2009 226 2074 ad
259 2008 462 2074 Perizonium
497 1994 689 2093 ablegamur
723 2008 780 2093 (ad
813 2010 936 2076 Sanctii
968 2009 1103 2092 Minerv,
1127 2009 1152 2089 1,
1194 2008 1259 2093 15).
1309 2010 1368 2093 lpse
1409 2014 1411 2025 '

183 2114 322 2207 Orellius
345 2116 388 2180 ad
411 2119 494 2180 orat.
516 2137 577 2199 pro
599 2118 685 2183 Rab.
708 2117 796 2183 Post.
822 2117 873 2194 16,
901 2116 946 2180 44
968 2116 1120 2180 Beierum
1149 2116 1197 2183 ad
1218 2120 1301 2183 orat.
1320 2134 1369 2199 pro

183 2222 307 2287 Scauro
330 2219 348 2302 ἐ
374 2222 415 2287 13
439 2221 516 2287 citat
539 2227 718 2303 auctorem,
742 2244 854 2290 rursus
878 2223 958 2288 alios
982 2223 1148 2299 citantem,
1178 2220 1261 2286 nihil
1283 2238 1369 2302 expo

183 2332 327 2412 nentem.
373 2328 442 2393 lam
465 2330 521 2411 qui
543 2330 700 2397 Perizonii
728 2334 762 2396 et
791 2331 896 2396 Beieri
928 2333 1023 2395 notas
1053 2327 1232 2411 perlegerit
1258 2326 1370 2392 Grono-

144 2428 145 2432 ’
183 2437 301 2518 viique,
337 2435 392 2517 qui
427 2436 582 2518 appellari
618 2439 710 2505 testis
744 2439 837 2516 solet,
873 2435 1022 2518 exempla
1050 2434 1293 2521 inspexeritin
1313 2430 1371 2497 Ob-

184 2562 289 2607 servv.
313 2542 336 2619 l,
361 2542 379 2604 1
404 2543 521 2624 posita,
557 2544 677 2628 quique
712 2548 754 2610 ab
789 2545 828 2610 iis
863 2546 1005 2609 citantur
1039 2542 1103 2619 alii,
1139 2541 1223 2605 illud
1257 2541 1299 2605 ab
1326 2537 1369 2605 iis.

185 2669 373 2732 quanquam
397 2648 589 2715 discriminis
613 2652 752 2716 fortasse
775 2653 905 2734 ignaris,
930 2648 1179 2715 commemorari
1205 2652 1239 2713 et
1261 2644 1370 2712 num

184 2756 326 2839 reperiet
348 2775 449 2837 genus
473 2757 611 2835 dicendi,
635 2759 669 2822 in
692 2779 757 2842 quo
777 2758 968 2823 nominativi
984 2775 1079 2821 casus
1095 2754 1293 2837 gerundium
1308 2770 1370 2817 cum

185 2865 285 2928 verbo
308 2863 513 2928 substantivo
537 2865 745 2930 coniunctum
766 2864 1026 2947 impersonaliter
1041 2862 1186 2945 quodam
1203 2861 1303 2927 modo
1322 2878 1372 2942 po·

185 2971 272 3047 nitur
295 2969 517 3034 accusativum
540 2991 665 3053 regens,
701 2992 721 3037 a
749 2991 815 3054 quo
842 2989 959 3053 reapse
982 2970 1148 3035 diversum
1170 2988 1241 3034 nou
1263 2971 1321 3045 est,
1349 2965 1372 3029 si

185 3075 317 3156 quando
351 3075 498 3157 geumdii
532 3078 752 3143 nominativus
785 3085 921 3161 propter
948 3076 1128 3142 orationem
1158 3075 1320 3141 infinitam
1346 3073 1373 3137 ia

186 3180 408 3246 accusativum
431 3182 557 3247 transit.
598 3184 670 3249 Hoc
692 3205 805 3268 genus,
830 3185 919 3267 apud
942 3184 1135 3248 vetustiores
1159 3180 1373 3264 frequentissi-

132 3287 401 3369 rs1mum„apud
424 3288 612 3356 Ciceronem
642 3293 776 3374 eiusque
805 3291 948 3374 aequales
971 3310 1079 3373 prosae
1101 3288 1262 3354 orationis
1284 3286 1374 3369 scrip-

185 3396 273 3459 tores
289 3389 439 3475 (Varro¹)
463 3397 497 3460 in
520 3397 691 3462 scribendo
715 3398 848 3480 quidem
863 3397 980 3480 prioris
1004 3399 1054 3461 est
1071 3392 1196 3475 saeculi)
1220 3399 1255 3460 et
1278 3396 1374 3478 posto

186 3503 287 3567 riores
311 3502 356 3566 ita
380 3503 522 3580 evanuit,
557 3509 592 3567 ut
625 3504 690 3568 duo
723 3505 854 3568 omnino
885 3503 950 3567 sint
981 3502 1131 3584 exempla
1158 3502 1194 3566 in
1221 3498 1375 3567 Ciceronis

186 3608 325 3690 scriptis,
360 3609 393 3672 iu
422 3629 560 3691 quorum
589 3614 726 3692 utroque
755 3610 952 3674 disiunctum
975 3608 1168 3692 gerundum
1193 3611 1245 3672 est
1269 3607 1312 3672 ab
1333 3625 1375 3681 eo,

147 3698 149 3702 Α
187 3716 275 3797 quad
297 3715 389 3797 regit,
413 3716 446 3779 in
470 3715 602 3780 Catonis
626 3718 692 3781 ci
715 3715 824 3801 (uam,
848 3738 943 3803 quom
966 3716 1055 3780 nobis
1070 3735 1189 3801 quoque
1206 3713 1377 3800 inpractico-

187 3822 263 3886 clum
286 3820 340 3903 sit)
364 3825 397 3886 et
418 3842 478 3904 pro
501 3823 625 3888 Scauro
648 3822 666 3904 ἕ
692 3824 733 3887 13
757 3822 1025 3904 (obliviscendum
1052 3821 1138 3887 vobis
1162 3822 1292 3905 putatis
1321 3840 1379 3883 mo-

187 3937 272 3993 tram
305 3930 341 3992 in
375 3929 502 4010 liberos,
544 3930 684 3993 virorum
718 3931 753 3993 irc
786 3951 900 3994 uxorea
933 3927 1079 4012 scelera),
1120 3926 1227 4011 [apud
1262 3928 1379 3994 Livium

187 4034 339 4117 nullum]
363 4035 452 4118 apud
474 4033 709 4113 Quintilianum
741 4056 843 4101 unum
872 4039 1032 4101 incertum
1056 4033 1122 4119 (Xl,
1156 4036 1187 4113 3,
1223 4036 1299 4116 175,
1330 4031 1380 4099 ubi

218 4279 240 4346 ¹)
259 4280 300 4348 [L.
319 4282 349 4336 L.
367 4283 405 4438 {X
423 4301 449 4352 p.
469 4283 521 4337 156
540 4285 612 4353 Bip.:
642 4284 688 4338 Sic
713 4288 783 4338 enim
806 4302 896 4339 omnes
920 4287 1121 4354 repudiandam
1143 4287 1194 4338 erit
1219 4292 1295 4338 artes
1317 4280 1379 4338 etll

259 4387 285 4439 p.
306 4369 364 4424 164.
