2956 5190
702 273 765 340 681

132 467 220 535 catio
243 472 275 533 et
298 468 516 560 periculorum
540 468 724 535 futurorum
746 467 1023 546 commemoratio,
1047 467 1134 532 unde
1152 466 1251 532 eiiam
1267 466 1332 543 illa,

86 596 91 605 ’
132 575 167 641 in
191 595 256 659 qua
279 576 461 641 Ahrensius
484 575 589 655 haesit,
613 577 646 643 in
670 576 722 653 IV,
748 575 789 640 15
813 575 854 640 de
877 578 1011 640 senatus
1036 577 1069 639 et
1092 573 1238 656 equitum
1255 592 1333 638 con·

131 700 232 748 sensu
265 681 416 747 budiano
451 681 503 746 die
538 681 684 748 stabilito
718 684 752 747 et
785 701 1000 764 permansuro
1034 680 1218 763 praedicti03
1259 680 1333 764 (etsi

132 788 235 854 etiam
258 787 291 853 in
315 807 393 854 vera
416 788 564 854 oratione
586 790 716 871 poterat
739 787 852 854 Cicero
875 789 919 853 ad
942 787 1182 854 confirmandos
1206 788 1333 852 animos

131 895 232 978 paulo
254 895 408 960 fidentius
432 892 564 978 dicere).
599 894 685 974 Quin
708 896 808 960 eiiam
831 895 939 980 potuit
961 894 1083 972 Cicero,
1108 913 1209 976 quum
1232 913 1332 959 unam

130 1002 260 1067 tantum
285 1001 404 1066 iustam
427 1002 609 1067 orationem
633 1001 702 1067 eius
726 1000 800 1079 diei,
836 1020 902 1084 quo
930 1000 971 1066 de
1000 1000 1158 1084 supplicio
1182 1000 1331 1065 coniura-

130 1110 240 1173 torum
264 1111 374 1173 actum
398 1113 493 1185 esset,
530 1107 712 1187 conficeret,
747 1108 781 1173 in
809 1127 882 1173 eam
911 1107 1043 1190 aliquid,
1079 1107 1197 1190 partim
1228 1107 1332 1171 sciens

131 1218 166 1280 et
190 1214 333 1297 prudens
356 1214 477 1298 partim
501 1215 640 1280 fortasse
662 1233 757 1297 paene
782 1214 982 1296 imprudens,
1018 1214 1209 1291 admiscere,
1245 1213 1331 1295 quod

129 1319 166 1386 in
200 1321 315 1386 eodem
349 1327 483 1386 senatus
518 1324 679 1386 conventu
713 1320 777 1385 alio
809 1325 958 1403 tempore
986 1320 1130 1385 dixisset.
1176 1320 1225 1385 Ita
1253 1320 1332 1384 nihil

129 1427 318 1493 offensionis
341 1426 475 1505 habent,
499 1427 526 1491 si
550 1427 591 1492 de
614 1427 752 1493 veritate
775 1427 876 1510 ipsius
895 1427 1050 1493 orationis
1068 1426 1234 1509 quaeritur,
1258 1445 1332 1509 quae

129 1533 174 1598 IV
197 1532 253 1614 §6
277 1533 322 1597 sic
345 1534 507 1612 dicuntur,
530 1538 568 1599 ut
590 1534 634 1599 ad
657 1534 796 1617 primam
821 1534 1012 1599 relationem
1035 1533 1331 1599 accommodatiora

130 1641 305 1705 videantur
328 1659 428 1722 quam
451 1640 495 1704 ad
518 1659 594 1704 eum
618 1640 735 1719 locum,
760 1661 824 1724 quo
847 1640 919 1706 haec
942 1641 1045 1705 oratio
1062 1644 1137 1724 posi
1153 1642 1331 1706 sententias

131 1745 258 1828 aliquot
280 1746 345 1811 iam
370 1747 474 1811 dictas
498 1746 690 1830 interposita
713 1751 774 1812 cst.
819 1748 990 1839 Postremo
1018 1766 1105 1812 nunc
1133 1746 1330 1829 intelligitur,

131 1853 189 1935 qui
212 1852 281 1918 fieri
304 1855 456 1935 potuerit,
479 1861 517 1918 ut
540 1853 653 1919 Cicero
677 1853 710 1917 in
734 1853 840 1935 prima
863 1857 896 1918 et
918 1854 1063 1919 secunda
1083 1853 1230 1919 oratione
1253 1873 1331 1920 noc·

130 1964 201 2025 tem
229 1959 317 2024 illam
347 1960 567 2025 inconstanter
595 1964 735 2025 notaret.
780 1960 866 2025 Nam
897 1960 966 2042 ipse
997 1959 1067 2025 sine
1098 1961 1198 2025 dubio
1230 1963 1331 2026 tantm

130 2067 235 2132 reia
262 2086 298 2131 se
326 2070 427 2149 gestae
455 2066 601 2131 ordinem
631 2068 781 2143 tenebat;
816 2067 874 2132 sed
906 2086 1007 2149 quum
1031 2065 1177 2132 animum
1201 2070 1234 2132 et
1256 2087 1330 2132 ora-

130 2173 255 2239 tionem
279 2174 322 2239 ad
344 2173 501 2256 praeteriti
523 2175 680 2255 temporis
712 2177 744 2238 ei
774 2173 818 2238 ad
849 2173 987 2238 duorum
1020 2173 1146 2238 dierum
1178 2173 1330 2239 coniunc-

131 2284 241 2346 torum
265 2280 358 2364 (eius,
393 2300 458 2362 quo
486 2279 602 2362 prima,
639 2283 673 2344 et
700 2299 765 2362 quo
794 2280 938 2345 secunda
965 2280 1069 2345 oratio
1092 2279 1207 2344 habita
1230 2276 1330 2361 esset)

132 2390 256 2451 statum
285 2387 476 2464 reflecteret,
512 2387 664 2451 facillime
693 2386 840 2451 accidere
869 2389 1013 2469 poterat,
1049 2389 1086 2450 ui
1113 2386 1217 2451 noctis
1246 2384 1330 2450 illius

133 2494 401 2577 significationem
433 2514 498 2559 non
530 2497 619 2559 recte
651 2493 863 2576 distingueret
892 2495 925 2557 in
947 2493 1063 2575 prioris
1087 2499 1119 2556 et
1143 2492 1330 2574 posterioris

134 2599 198 2665 diei
222 2601 379 2666 oratione.
389 2595 416 2681 ¹)

223 2705 290 2771 Cal.
315 2706 448 2772 Octobr.
472 2706 512 2771 A.
536 2706 759 2773 MDCCCXLI.

162 2949 186 3018 ¹)
204 2951 280 3023 [legi
293 2961 388 3024 postea
407 2955 461 3009 alia
479 2957 513 3009 de
531 2954 702 3009 orationibus
716 2954 880 3009 Catilinariis
899 2956 1038 3023 disputata
1056 2970 1112 3008 non
1131 2954 1222 3008 minus
1239 2954 1331 3007 incon·

206 3044 335 3109 siderate;
363 3044 411 3098 sed
436 3049 525 3098 totum
545 3044 597 3098 hoc
615 3043 715 3098 criticae
732 3059 818 3112 genus
836 3043 902 3097 satis
921 3048 1046 3097 notatum
1070 3043 1206 3112 qualeque
1229 3042 1263 3096 sii
1287 3043 1330 3095 de-

206 3137 390 3187 monstratum
408 3138 483 3202 puto.
522 3130 611 3199 1842]
