2956 5190
627 252 693 315 449

48 448 243 514 scholarum
266 467 415 512 mearum
440 448 612 524 rationem,
636 447 680 511 ad
703 467 803 529 quarn
827 450 861 513 in
880 450 942 514 hoc
961 449 1125 515 scribendi
1142 471 1261 534 genere

48 558 323 639 argumentorum
348 554 511 619 delectum
540 554 680 618 libenter
709 554 932 634 accommodo,
968 558 1139 638 aptissima
1168 558 1259 623 vide·
1274 579 1298 619 u

47 665 147 729 retur
169 660 355 726 huiusmodi
380 661 527 742 quaesti0,
552 680 618 725 non
642 661 751 743 defugi
772 679 856 735 eam,
880 662 1064 743 potiusque,
1089 684 1189 746 quum
1207 686 1260 730 res

47 768 288 853 grammaticas
312 771 411 832 antea
435 768 524 850 saepe
547 767 580 831 in
604 767 777 832 scribendo
806 768 944 849 carptim
974 768 1164 852 attigissem,
1200 771 1259 835 ali-

47 877 190 960 quando
214 876 320 940 locum
345 874 487 956 aliquem
511 876 618 938 totum
642 879 844 956 pertractare
868 875 1045 940 iucundum
1068 878 1174 941 risum
1200 882 1258 955 est,

47 983 81 1049 si
106 983 295 1049 huiusmodi
319 981 503 1046 adventicia
525 981 727 1046 iucunditate
751 1002 833 1064 opus
858 985 908 1046 est
930 983 963 1046 in
979 982 1027 1060 iis,
1052 1003 1125 1064 quae
1142 1004 1259 1065 quam-

47 1090 104 1154 vis
128 1092 193 1155 sint
216 1109 275 1170 per
298 1107 333 1152 se
357 1088 400 1152 ad
429 1089 570 1170 speciem
600 1108 714 1170 parva,
749 1088 821 1171 ipsa
853 1090 1035 1153 coniunctio
1067 1109 1177 1153 rerum
1209 1090 1258 1154 di-

48 1197 266 1279 sciplinaeque
290 1195 450 1260 universae
474 1194 637 1276 copulatio
661 1199 694 1258 et
717 1196 817 1259 series
840 1196 994 1277 postulat,
1024 1199 1061 1259 ut
1088 1195 1259 1278 diligenter

48 1322 255 1386 quaeramus
302 1300 463 1366 Constitui
487 1300 583 1382 igitur
606 1300 786 1384 formarum
811 1301 1017 1384 quarundam
1041 1302 1132 1367 verbi
1152 1304 1258 1367 Latini

47 1411 217 1475 rationem
242 1412 274 1473 θῖ
298 1429 394 1472 usum
419 1407 592 1490 explicare,
628 1408 668 1471 de
698 1409 817 1489 quibus
846 1428 964 1490 parum
993 1407 1146 1473 videbam
1170 1413 1258 1474 recte

49 1521 88 1582 et
112 1518 265 1581 accurate
288 1515 374 1579 tradi
398 1513 441 1579 ab
465 1513 514 1591 iis,
544 1514 599 1595 qui
623 1517 655 1578 et
678 1517 858 1580 formarum
882 1515 1029 1596 ipsarum
1052 1515 1202 1580 habitum
1226 1520 1258 1581 et

50 1625 283 1706 cognationem
307 1625 340 1685 et
363 1640 478 1685 earum
509 1640 602 1684 usum
628 1620 870 1704 diligentissime
894 1625 927 1686 et
949 1621 1160 1686 subtilissime
1179 1643 1258 1704 per·

49 1732 159 1795 secuti
184 1749 256 1794 esse
280 1727 474 1805 iudicantur,
499 1727 642 1792 maxime
665 1746 789 1807 earum,
814 1748 888 1811 quae
903 1729 951 1792 ad·
962 1731 1092 1811 tempus
1110 1729 1256 1793 futurum

51 1837 219 1913 exactum,
252 1834 340 1917 quod
363 1835 489 1912 dicitur,
518 1834 691 1915 pertinent,
728 1838 907 1912 eteorum,
944 1854 1016 1916 quae
1040 1835 1083 1900 ab
1107 1836 1157 1900 his
1180 1841 1258 1900 sunt

52 1943 99 2008 ad
124 1943 188 2007 alia
210 1947 361 2024 tempora
383 1940 594 2023 significanda
619 1940 784 2006 derivatae.
831 1942 878 2006 De
901 1942 951 2006 his
975 1943 1062 2006 enim
1086 1941 1197 2007 formis
1214 1961 1256 2006 ne

51 2070 96 2115 ea
121 2049 263 2132 quidem,
288 2067 362 2129 quoe
386 2047 428 2111 ad
452 2066 659 2111 communem
683 2068 778 2112 usum
802 2050 1045 2131 praecipiuntur,
1081 2038 1160 2112 satis
1184 2068 1256 2112 esse

52 2157 230 2239 perspicua
255 2161 287 2219 et
310 2153 464 2218 distincta
482 2151 632 2218 ‘sentiunt
655 2154 810 2236 plerique,
842 2156 996 2219 interiora
1025 2154 1255 2218 etremotiora

52 2262 275 2345 perscrutanti
309 2262 442 2342 quinam
475 2252 666 2324 ‘removendi
701 2260 766 2325 sint
800 2280 936 2339 errores
972 2261 1043 2343 ipsa
1078 2261 1255 2344 disputatio

52 2362 343 2447 demonstrabit.¹)
405 2366 471 2430 Sed
505 2384 545 2429 ea
579 2370 757 2449 antequam
792 2367 917 2450 longius
952 2367 1102 2450 progredi
1136 2370 1254 2449 potest,

53 2475 246 2557 attingenda
269 2474 412 2537 breviter
443 2477 492 2536 est
523 2473 675 2537 universa
707 2474 890 2539 distributio
922 2473 1102 2539 formarum
1130 2493 1254 2552 earum,

53 2582 175 2664 quibus
198 2579 354 2663 temporis
378 2579 564 2644 discrimina
587 2579 818 2660 significantur.
854 2581 938 2645 Nam
955 2600 1057 2662 quum
1073 2600 1093 2645 a
1108 2580 1254 2645 Varrone

53 2692 88 2753 θῖ
111 2687 278 2752 Prisciano
301 2689 612 2752 commemoraretur
635 2685 749 2751 divisio
778 2687 930 2768 quaedam
954 2690 1139 2768 temporum
1162 2687 1254 2751 verbi

53 2799 128 2860 orta
151 2813 218 2859 non
240 2813 261 2857 a
284 2792 556 2875 contemplatione
581 2792 735 2856 orationis
759 2812 808 2870 ea,
838 2813 912 2875 quae
936 2813 956 2857 a
979 2797 1097 2857 natura
1120 2793 1163 2858 ad
1187 2793 1254 2858 elo·

53 2900 223 2983 quendum
246 2900 414 2981 proposita
437 2901 522 2974 sunt,
548 2897 660 2961 formis
683 2900 748 2962 suis
771 2899 1010 2981 subsequentis
1035 2899 1093 2963 sed
1117 2918 1156 2964 ex
1175 2898 1253 2963 arti-

53 3006 128 3072 ficio
151 3005 293 3088 quodam
318 3005 509 3080 Stoicorum,
546 3024 565 3067 a
594 3005 808 3087 grammatica
830 3005 945 3083 alieno,
982 3006 1185 3088 caprimum
1209 3005 1252 3070 ab

53 3112 203 3177 Harrisio
231 3111 388 3179 Britanno
418 3113 572 3174 revocata
601 3115 634 3178 et
663 3117 818 3177 exornata
848 3116 906 3189 est,
943 3112 1060 3176 deinde
1088 3132 1109 3177 a
1136 3113 1188 3176 Fr.
1212 3113 1252 3176 A.

54 3218 174 3284 Wolfio
198 3217 368 3282 Gennanis
397 3217 442 3280 ita
457 3219 705 3296 commendata,
741 3222 778 3283 ut
811 3220 877 3283 iam
911 3238 1009 3282 nemo
1044 3219 1111 3283 fere
1141 3219 1183 3283 ab
1214 3238 1252 3283 ea

54 3325 222 3390 discedere
245 3324 376 3388 audeat.
411 3324 569 3388 Perlectae
593 3326 679 3389 enim
704 3329 736 3390 et
759 3325 959 3408 imperfectae
983 3325 1128 3402 actionis,
1153 3344 1251 3406 quam

53 3433 158 3497 Varro
192 3431 347 3496 infectam
382 3430 535 3512 appellat,
571 3431 803 3513 significatione
838 3435 987 3513 tempora
1017 3432 1108 3494 verbi
1136 3431 1250 3495 distin·
1265 3457 1291 3497 ea

54 3542 168 3621 guunt.
214 3536 381 3602 Harrisius
414 3537 513 3601 etiam
545 3537 762 3603 inchoandam
792 3540 952 3603 actionem
977 3536 1130 3615 addebat,
1166 3556 1252 3600 nunc

54 3645 122 3710 iam
145 3646 323 3728 explosam.
357 3643 470 3725 ltaque
494 3662 595 3725 quum
614 3654 742 3720 γέγραφα
761 3649 794 3709 θῖ
816 3645 929 3728 serr'psi
952 3643 1078 3707 dicatur
1101 3646 1158 3708 aut
1177 3643 1252 3707 Fuit

56 3751 156 3816 Itium
187 3754 565 3828 autrimentorum,
601 3770 746 3833 praesens
777 3755 906 3833 tempus
937 3749 1108 3832 significari
1139 3750 1251 3814 volunt

55 3861 191 3925 actionis
225 3861 391 3943 perfectae,
427 3859 632 3943 apertissime
666 3878 775 3923 rerum
809 3862 936 3923 naturae
969 3861 1187 3939 repugnantes
1219 3861 1251 3921 et

54 3968 217 4032 actionem
253 3987 326 4032 curn
362 3968 497 4032 actionis
528 3967 700 4048 negatione
731 3969 764 4029 et
792 3964 975 4030 sublatione
1004 3963 1249 4028 contundentes.

55 4071 180 4137 Deinde
204 4093 305 4156 quum
330 4074 373 4139 ad
396 4093 468 4138 eam
494 4073 584 4138 verbi
608 4074 747 4138 sormam
772 4075 905 4136 ventum
930 4077 989 4148 est,
1014 4090 1086 4151 quae
1109 4069 1142 4133 in
1165 4090 1249 4152 prae-

83 4317 106 4387 ¹)
126 4321 184 4375 lani
203 4322 276 4389 apud
295 4321 422 4390 antiquos
446 4321 480 4375 <le
504 4320 547 4374 his
570 4320 664 4375 formis
688 4319 857 4389 disputatum
882 4324 931 4372 est.
968 4316 1027 4370 Vid.
1047 4316 1113 4370 Gell.
1133 4316 1249 4385 xvim

127 4415 154 4463 et
172 4409 266 4474 llVlll,
285 4409 310 4463 2.

1003 4494 1037 4548 29
