2956 5190
51 88 146 177 ᾲιι
171 90 216 175 [ct
237 90 480 174 consecratione]
504 92 581 176 lepis
601 99 656 156 aad
667 113 776 176 poetta,
800 112 895 176 quum
912 98 1005 174 caput
1022 92 1098 171 eius,
1122 93 1177 176 qui
1193 112 1261 154 corr·

70 188 112 293 ib
135 198 262 283 fecerit,
286 205 495 262 consecratur.
531 198 620 262 Duas
643 217 739 262 voces
763 203 850 262 recte
874 198 927 262 alii
951 202 1121 275 notarunt3
1146 197 1262 263 deinde

61 296 146 371 wa
180 309 282 389 patet,
318 304 480 368 infinitum
509 302 633 389 (parcere
662 302 742 387 ipso)
777 324 842 369 non
876 307 964 368 recte
999 304 1087 385 iungi
1122 303 1261 367 definitis

61 400 289 491 *amatione
322 411 400 495 lepis
435 418 490 475 (aad
518 408 629 495 parto)
663 415 821 492 tanquam
855 411 998 475 tertium.
1057 410 1261 487 GaratoniuS,

64 510 175 603 'hieto
198 517 305 599 priore
330 516 394 593 aad,
430 519 579 582 universe
613 517 674 583 dici
709 517 779 581 vult
807 537 919 601 qaaere
938 519 1023 600 ipso,
1059 536 1131 597 quae
1162 517 1262 580 verba

53 618 108 691 'de
129 623 222 688 nude
245 624 352 704 posita
374 623 498 688 nullam
523 624 673 689 videntur
696 623 819 688 habere
843 629 966 689 certam
983 623 1261 706 significationem.

58 724 144 797 nni
167 729 306 794 alterum
340 737 396 794 aut
426 750 465 794 ex
494 737 585 815 atque
613 731 736 795 facturn
767 730 904 808 videtur,
939 730 1101 812 frequenti
1132 730 1261 806 mendo,

48 836 102 903 'ut
123 836 336 927 scribendum
361 838 417 901 sit:
454 845 510 900 aut
538 858 650 921 pen-ere
674 839 740 921 iprae
769 843 860 922 otqrce
887 836 1085 901 obtestatio-nc
1108 837 1185 920 leqia
1208 844 1263 899 uret

12 947 171 1029 Epona.
218 940 366 1025 (Codices
397 963 511 1008 omnes
546 944 671 1009 habent
700 965 802 1027 poerzoe
837 947 869 1007 et
904 963 963 1024 pro
996 942 1108 1025 fecerit
1142 945 1260 1025 partim

12 1044 155 1133 ΞΜ,
169 1033 299 1131 'partim
321 1050 406 1131 fecit,
430 1055 467 1114 ut
490 1050 584 1115 facile
607 1050 729 1126 videas,
754 1070 853 1132 quarn
877 1050 942 1114 sint
964 1050 1074 1114 omnia
1096 1050 1149 1114 hic
1173 1070 1261 1114 men·

12 1152 181 1223 :donam
205 1151 361 1238 plena.)¹)
694 1138 697 1144 ¹
773 1176 777 1182 ·

27 1292 39 1323 2
153 1261 294 1328 Ventum
330 1267 380 1327 est
408 1262 476 1328 fere
505 1263 548 1327 ad
576 1268 769 1328 extremum.
815 1264 899 1328 Nam
935 1265 968 1327 in
1001 1262 1157 1346 proximis
1191 1263 1262 1327 haec
1277 1286 1302 1326 ar

41 1356 184 1435 uerba:
205 1351 309 1454 ¹neque
332 1370 428 1453 {epam
453 1389 549 1454 neque
565 1391 695 1453 poenom
719 1371 818 1434 Ictum
841 1392 913 1448 ease,
943 1390 1016 1452 quae
1040 1370 1074 1434 in
1097 1370 1262 1434 codicibus

56 1474 186 1541 mediae
228 1476 366 1540 orationi
406 1477 643 1540 interseruntur
678 1476 729 1559 (de
763 1477 874 1562 quibas
907 1478 1020 1561 ipitur,
1056 1478 1180 1541 etiamsi
1212 1477 1262 1539 lc·

53 1586 132 1647 tum
154 1589 231 1646 earet
252 1603 350 1668 neptae
366 1604 497 1666 praciam
518 1604 615 1669 neqaac
640 1585 735 1668 tepent
760 1585 860 1648 latam
885 1606 957 1665 esse,
985 1605 1024 1647 ne
1055 1604 1144 1668 quem
1166 1584 1262 1646 ciram

16 1716 24 1755 τ
55 1688 283 1772 reciperemus,
312 1696 417 1754 conten
443 1690 479 1752 id
502 1699 577 1755 earet
600 1688 685 1772 cet),
715 1711 741 1767 ¹a
764 1690 934 1756 Schuetzio
958 1695 1078 1771 autem,
1114 1690 1262 1754 Ernestio

58 1797 211 1872 auctore,
235 1794 268 1858 in
292 1795 391 1860 aliurn
415 1797 521 1862 locum
537 1799 737 1879 transposita
752 1802 838 1875 sunt,
862 1799 928 1863 iam
944 1798 1143 1863 damnarunt
1159 1795 1261 1861 Gara·

57 1901 174 1967 tonius
198 1902 231 1964 et
253 1892 403 1981 Orellius,
428 1923 567 1985 quorum
590 1904 744 1969 iudicium
769 1903 941 1969 confirmat
963 1923 1049 1967 nunc
1073 1902 1174 1967 codex
1193 1902 1261 1992 ‚Pa-

56 2006 218 2073 risiensis.
260 2008 325 2074 Sed
347 2011 380 2074 in
396 2009 565 2075 Addendis
588 2010 651 2075 vol.
668 2011 709 2074 lV
732 2032 763 2093 p.
781 2011 801 2074 2
824 2029 857 2093 p.
873 2010 937 2074 599
961 2009 1110 2087 Orellius,
1134 2012 1262 2074 mutata

21 2126 31 2139 ·
58 2115 175 2199 priore
196 2117 358 2181 sententia
380 2118 585 2200 probataque
608 2118 871 2200 transpositione,
907 2116 1004 2181 scribi
1034 2116 1112 2192 vult,
1148 2119 1185 2179 ut
1213 2119 1262 2179 est

59 2222 98 2289 in
121 2240 189 2287 uno
211 2222 322 2288 codiee
345 2223 530 2300 Oxoniensi‚
566 2230 672 2287 rotam
702 2244 778 2300 esse;
814 2222 893 2306 (duo
920 2223 974 2287 alii
1002 2243 1075 2287 cum
1105 2222 1261 2287 Bemensi

60 2328 215 2411 utroque
230 2331 263 2393 et
285 2329 351 2393 Eri.
373 2328 525 2413 protom).
571 2330 692 2394 Verum
723 2330 801 2394 nihil
825 2330 1000 2412 proficitur.
1048 2329 1131 2393 Nam
1154 2348 1261 2410 neque

60 2434 118 2500 lex
142 2440 175 2501 et
197 2456 306 2519 poena,
331 2456 405 2517 quae
428 2442 477 2501 est
501 2439 533 2500 in
557 2437 637 2519 lege,
663 2438 834 2501 contrariae
856 2438 933 2518 poni
957 2440 1103 2518 possunt,
1128 2438 1161 2500 et
1184 2434 1262 2517 quid

61 2541 128 2607 hoc
151 2545 201 2607 est
224 2562 364 2625 quamve
388 2543 490 2607 habet
513 2543 720 2620 sententiam,
744 2543 848 2625 legem
873 2561 946 2607 eam
970 2562 1035 2606 non
1056 2561 1127 2606 esse
1144 2549 1261 2621 ratam,

61 2666 167 2731 quam
190 2648 302 2714 Cicero
325 2653 423 2731 negat
445 2669 589 2731 unquam
621 2650 743 2715 latam?
778 2650 908 2714 Poeuam
936 2669 998 2712 aron
1029 2657 1133 2713 rotam
1162 2669 1260 2731 quam

61 2755 115 2819 vir
137 2754 253 2820 doctus
275 2756 353 2820 velit
380 2775 462 2832 esse,
498 2756 618 2820 nemini
650 2756 846 2837 impositam,
881 2775 921 2819 ex
952 2755 1032 2837 lege,
1068 2776 1142 2837 quae
1172 2755 1261 2820 nulla

63 2861 174 2938 fuerit,
208 2881 341 2944 prorsus
373 2864 493 2927 nescio.
539 2863 622 2927 Nam
654 2883 753 2945 poena
783 2866 855 2927 rata
884 2863 910 2926 si
934 2862 997 2926 dici
1020 2867 1140 2944 posset,
1176 2866 1262 2928 esset

66 2987 117 3044 ea,
147 2986 221 3050 quae
244 2968 365 3033 inflicta
389 2969 483 3034 alicui
506 2989 571 3034 non
594 2973 785 3034 mutaretur.
821 2970 854 3033 Si
870 2988 1019 3050 usquam,
1044 2969 1096 3032 hic
1113 2976 1261 3033 tenemus

61 3077 194 3156 partem
218 3077 436 3141 annotationis
460 3076 658 3158 marginalis,
682 3096 782 3158 quam
798 3075 997 3157 adscriptam
1021 3074 1122 3139 codici
1146 3075 1261 3139 arche·

63 3186 144 3265 typo
167 3183 305 3264 scriptor
329 3183 447 3248 codicis
470 3183 662 3248 Parisiensis
686 3187 772 3247 recte
796 3181 914 3258 omisit,
938 3181 969 3259 ii,
1000 3182 1054 3262 qui
1079 3184 1260 3245 ceteromm

62 3287 213 3353 codicum
236 3293 386 3354 auctores
410 3290 550 3366 fuerunt,
575 3309 648 3354 cum
665 3289 828 3354 Ciceronis
852 3288 960 3352 verbis
976 3287 1226 3370 descripserunt.
1234 3283 1261 3368 ²)

92 3532 115 3602 ¹)
134 3537 167 3590 ln
184 3537 206 3591 Ε
224 3538 288 3592 etA
307 3536 391 3591 etiarn
410 3554 487 3605 quem
505 3545 601 3592 'corma
617 3539 688 3604 fecit.
717 3533 749 3604 [P
769 3536 858 3605 prima
876 3551 961 3589 manu
980 3551 1132 3604 pronomen
1151 3551 1261 3604 prorsus

136 3626 247 3692 omittit,
264 3629 328 3694 secie
345 3641 442 3679 omues
461 3626 566 3680 codices
585 3622 773 3695 antiquiores]

92 3710 115 3778 ³)
133 3711 187 3782 [De
205 3714 297 3770 codice
315 3714 461 3769 Parisiensi
484 3716 602 3784 graviter
625 3714 727 3769 errarit
745 3714 903 3784 Krarupius.
940 3715 1038 3776 Verba,
1067 3729 1128 3781 quae
1151 3711 1174 3764 is
1197 3728 1260 3766 curn

136 3804 233 3858 ceteris
252 3810 351 3867 servat,
371 3805 515 3859 emendavi
534 3805 603 3857 Adv.
623 3804 686 3858 Crit.
705 3804 743 3857 111
762 3820 788 3871 p.
803 3801 935 3872 145'sqq.‚
954 3803 1000 3856 ubi
1019 3801 1103 3855 etiarn
1120 3800 1262 3869 superiora

137 3908 170 3947 ex
188 3899 267 3961 parte
289 3894 382 3962 dique
405 3890 502 3962 attigi]
538 3892 624 3947 Paulo
647 3899 711 3947 ante
735 3893 768 3946 Α.
791 3892 975 3960 Augustiuum
1000 3889 1219 3959 praepositionem
1243 3909 1261 3943 a

136 3986 210 4035 recte
236 3982 370 4037 delevisse
397 3983 508 4051 putabo,
536 3983 623 4037 donec
647 3982 698 4036 erit
720 3982 857 4045 iuventus,
885 3981 931 4049 qui
955 3980 1122 4048 argumentis
1145 3984 1172 4033 et
1190 3980 1261 4047 aptis

136 4071 270 4140 exemplis
288 4072 423 4134 ostendat,
446 4076 519 4125 recte
538 4071 591 4125 dici
609 4079 812 4126 aamoaanctam
830 4087 885 4126 aare
903 4088 920 4122 a
939 4071 1037 4136 capitia
1055 4071 1260 4123 conscentiam.

136 4156 240 4227 [(1.15,
264 4159 299 4213 34
318 4176 477 4229 quanquam
495 4160 648 4224 Parisinusi
677 4160 723 4228 qui
746 4160 830 4213 habet
851 4160 940 4226 foedue
962 4160 1064 4224 fecisse,
1093 4174 1147 4212 non
1171 4157 1260 4212 solum

1012 4244 1048 4299 28
