2956 5190
751 305 815 371 130

185 513 306 582 tamem
336 523 398 570 nec
421 503 552 568 aliunde
575 481 683 568 ortum
707 505 758 566 est
779 508 856 577 tuin,
884 500 974 582 quod
996 501 1113 584 legitur
1136 502 1171 566 in
1193 501 1322 567 duobus
1341 521 1371 567 er

185 612 326 696 optimis,
353 611 526 675 Pithoeano
549 612 582 672 et
605 608 676 673 cod.
700 607 858 690 Stephani
886 605 1013 690 (quinti,
1042 606 1265 688 Colonieusis,
1287 612 1371 695 scrip·

185 723 260 785 tura
287 721 402 784 notata
429 735 495 781 non
524 711 598 796 est).
655 714 737 779 Eam
767 713 962 796 particulam
995 714 1110 780 referri
1138 718 1235 797 putet
1263 716 1306 781 ad
1328 738 1371 783 su·

185 825 295 908 parius
324 823 405 890 illud
433 822 568 887 etiamei.
614 820 727 903 ltaque
762 820 808 885 ibi
841 840 935 886 novae
964 812 1136 887 sententiae
1164 821 1296 889 11111111
1325 828 1371 890 eat

185 931 279 997 Adeo
301 950 338 996 se
362 949 436 994 eam
460 928 685 1012 gloriationem
708 947 775 992 non
796 926 1029 1009 pertimescere
1052 927 1167 995 Cicero
1190 928 1240 995 ait
1262 927 1372 1014 (1111

186 1034 253 1119 23),
277 1040 324 1116 11,
362 1035 491 1102 etiamsi
519 1035 649 1117 culpam
677 1033 915 1117 prohibitorum
937 1035 1105 1118 provincia
1127 1035 1373 1103 Tuberonume

186 1144 314 1227 Ligario
337 1161 506 1209 removere
529 1142 641 1224 possit,
667 1140 811 1206 confiteri
834 1139 937 1205 malit.
972 1141 1086 1223 Itaque
1109 1160 1146 1207 re
1170 1161 1252 1208 vera
1268 1143 1374 1211 alluo

134 1249 314 1316 metaliis
338 1250 486 1315 exclusos
510 1267 566 1315 eos
582 1267 664 1326 esse,
688 1247 869 1330 significare
893 1247 992 1313 debet
1015 1245 1126 1331 (idque
1149 1248 1231 1315 facit
1246 1268 1276 1315 c.
1293 1250 1321 1328 7,
1341 1250 1375 1316 u

188 1360 221 1422 et
243 1375 271 1421 c.
295 1356 326 1434 9,
350 1353 418 1438 27).
452 1356 537 1438 Ergo
559 1374 626 1420 non
649 1355 754 1418 cendia
775 1357 934 1435 tanquam
951 1354 993 1419 de
1009 1374 1045 1419 re
1062 1355 1139 1421 ficta
1162 1355 1265 1422 scribi
1285 1358 1375 1440 poluit

186 1462 262 1547 (nec
291 1466 363 1528 tum
393 1464 480 1528 recle
513 1464 705 1543 sequeretur
736 1458 929 1543 conficio),
964 1461 1024 1528 sed
1051 1464 1134 1527 ostia
1187 1463 1377 1546 Frequenter

187 1571 221 1637 in
243 1568 429 1637 huiusmodi
457 1567 626 1634 sententiis
654 1566 942 1643 condicionalibus,
978 1566 1121 1631 maxime
1148 1573 1226 1652 post
1255 1572 1376 1647 dimna,

188 1676 382 1744 indicativus
403 1675 439 1741 in
461 1672 702 1741 coniunctivum
726 1693 746 1739 a
769 1673 910 1739 librariis
930 1677 1085 1739 mutatur.
1095 1669 1121 1754 ¹)
1156 1675 1254 1742 Edidi
1277 1677 1376 1761 igitur:

186 1783 289 1866 imeae
312 1817 355 1861 τ-
378 1781 565 1847 tradituros.
610 1779 749 1846 Etiamsi
772 1802 793 1844 a
823 1779 910 1844 Varo
940 1788 968 1845 et
994 1780 1185 1867 9111111111
1214 1783 1293 1849 aliia
1312 1806 1377 1869 pro

188 1889 282 1955 111111
304 1891 387 1971 actia
411 1909 465 1975 epo
487 1896 594 1954 tumen
615 1886 781 1970 confitebor
802 1889 864 1951 cet.

277 1984 441 2064 Orationis
472 2016 532 2079 pro
559 2013 635 2077 rege
663 1994 817 2059 Deiotaro
847 1992 943 2057 nnius
974 1996 1094 2075 praeter
1123 2013 1212 2074 eum,
1246 1997 1291 2062 de
1324 2016 1379 2081 quo

187 2121 289 2186 supra
312 2102 378 2169 dixi
401 2100 443 2184 (c.
467 2103 498 2181 3,
521 2100 567 2182 8),
598 2100 660 2166 loci
683 2098 869 2165 emendatio
892 2099 945 2164 hic
967 2099 1091 2165 tuenda
1114 2104 1174 2180 est,
1205 2121 1233 2167 c.
1259 2103 1312 2183 10,
1334 2104 1379 2181 19,

188 2227 288 2290 quem
311 2208 488 2274 locum-ita
511 2207 650 2273 Orellius
673 2206 816 2289 scripsit:
854 2206 957 2286 01111
984 2226 1066 2287 cero,
1096 2208 1236 2273 eccrdtu
1263 2210 1379 2291 amini,

189 2335 255 2399 090,
283 2316 338 2401 qai
360 2315 454 2398 paria
481 2321 591 2387 auctor
611 2333 743 2397 comper,
771 2319 845 2397 post
868 2312 1092 2378 Pharsalicum
1114 2320 1221 2379 cutm
1237 2316 1380 2399 [1111111

188 2440 303 2486 auoeor
324 2419 457 2502 fuissem
488 2440 651 2484 armorum
673 2439 737 2484 non
758 2419 1022 2504 deponendorum,
1051 2420 1106 2485 ced
1128 2421 1381 2505 obtinendem,

191 2527 274 2593 dunc
296 2526 341 2591 nd
369 2547 472 2591 memo
504 2527 720 2591 aucuritatcm
748 2546 811 2591 non
832 2528 925 2611 potui
953 2527 1121 2609 adducere,
1155 2527 1241 2614 pund
1269 2536 1299 2593 et
1324 2530 1382 2613 ipre

190 2631 325 2698 ardebat
347 2632 451 2698 studio
473 2634 575 2717 apcius
597 2632 669 2697 delli
696 2641 724 2697 et
745 2635 839 2718 patri
865 2632 1129 2715 cotiefocicndum
1158 2654 1223 2700 esse
1250 2635 1382 2700 arbitro·

192 2730 296 2805 tatur.
342 2739 448 2804 Huius
471 2741 595 2823 periodi
618 2740 742 2805 nullam
766 2759 839 2806 esse
862 2743 1060 2805 structuram
1083 2744 1191 2824 patet;
1215 2762 1279 2808 vox
1303 2746 1382 2809 enim

192 2853 298 2912 autem
331 2846 377 2912 ita
410 2848 575 2929 coniungit
608 2846 664 2911 illa
689 2867 812 2930 semper
839 2850 962 2931 etpost
985 2846 1208 2912 Pharsalicum
1226 2850 1383 2933 prolium,

192 2957 230 3018 ut
251 2972 318 3019 una
344 2954 387 3018 sit
415 2953 575 3018 sententia
602 2955 657 3039 qui
686 2988 728 2999 -
754 2952 897 3035 sulcem
943 2954 1057 3037 ltaque
1087 2954 1166 3020 illud
1194 2976 1291 3042 91111
1319 2976 1384 3021 vcro

192 3060 290 3142 plane
318 3059 439 3142 pendet
477 3079 537 3124 nec
571 3060 686 3135 habet,
722 3079 786 3141 quo
815 3059 985 3126 referatur.
1037 3062 1104 3126 Nec
1131 3062 1311 3130 tolerabilis
1341 3068 1385 3130 ost

193 3167 408 3249 superiorum,
444 3165 582 3243 Gmteri,
613 3165 740 3243 Graevii,
770 3166 909 3231 Emestii
932 3165 1007 3250 (etsi
1030 3168 1057 3233 is
1079 3167 1260 3252 improbat)
1288 3173 1385 3256 scrip-

193 3276 277 3351 tura,
301 3273 336 3338 in
358 3293 423 3356 qua
444 3272 497 3355 fui
520 3274 594 3355 post
616 3293 737 3356 semper
758 3273 897 3350 additur,
922 3275 1112 3341 abundante
1134 3279 1167 3340 et
1191 3280 1385 3345 sinicturam

141 3404 181 3448 ru
193 3378 348 3446 turbante
381 3379 541 3462 particula
568 3386 682 3457 amem,
718 3399 791 3461 quoe
826 3379 948 3458 relicta,
983 3401 1115 3465 quoquo
1149 3384 1248 3450 modo
1283 3390 1387 3452 cetera

224 3589 245 3659 ¹)
263 3592 402 3647 Eiusmodi
421 3597 480 3646 erat
497 3593 630 3647 mendum
648 3591 676 3646 iu
695 3597 762 3647 orat.
781 3610 830 3662 pro
849 3593 958 3658 111111,
978 3593 1021 3658 30,
1040 3594 1180 3650 sublatum
1198 3612 1215 3650 a
1234 3612 1280 3651 me
1292 3597 1388 3652 11111111

265 3680 436 3751 palimpseeti
454 3681 628 3739 auctoritater
656 3681 684 3735 in
708 3698 763 3750 quo
786 3683 846 3737 loco
868 3700 955 3752 quum
979 3684 1104 3738 nonnulli
1121 3700 1237 3753 pravam
1255 3702 1317 3741 esse
1335 3686 1389 3741 vul·

265 3773 358 3839 putam
376 3769 540 3838 scripturam
558 3768 714 3835 sensissent,
733 3787 784 3826 nec
801 3776 895 3826 tamen
913 3777 988 3827 recle
1005 3776 1167 3838 mutassent,
1186 3773 1233 3828 ulii
1250 3775 1331 3844 peius
1348 3775 1389 3829 de·

267 3857 420 3923 tenderunt,
448 3857 526 3926 quasi
554 3858 588 3912 de
614 3862 738 3928 tempore
761 3861 843 3916 modo
866 3861 942 3916 verbi
965 3868 1098 3932 ageretur,
1126 3878 1182 3916 non
1200 3862 1390 3918 animadversa

266 3945 461 4003 condicionalis
479 3947 622 4001 sententiar
640 3948 753 4003 ratione.
781 3949 862 4004 Nulla
874 3966 918 4004 rea
930 3959 976 4019 eat,
996 3954 1022 4005 ei
1039 3953 1127 4005 altero
1139 3959 1213 4019 meet,
1232 3967 1284 4006 nec
1297 3952 1389 4022 magis,

265 4037 418 4103 3111ιί1111.
455 4034 495 4088 Ex
518 4034 699 4091 disiunctione
725 4035 785 4104 (aul
809 4038 921 4093 omniuo
944 4055 1000 4094 non
1023 4039 1113 4109 potuit
1136 4040 1200 4095 llilo
1223 4040 1284 4096 iure
1307 4041 1390 4096 vitam

267 4125 341 4179 caede
359 4123 472 4179 alterius
490 4141 599 4180 serrare
618 4131 666 4181 aul
680 4125 780 4196 potuit)
798 4127 856 4181 haec
875 4127 993 4182 efficitur
1006 4128 1167 4199 disputatio:
1186 4129 1280 4184 sinon
1295 4129 1390 4200 potuit,

267 4211 336 4267 nihil
355 4229 429 4269 nunc
447 4213 500 4267 dici
518 4219 619 4283 potest;
648 4215 671 4269 si
693 4216 790 4284 poluit,
818 4216 997 4285 querendum
1020 4222 1070 4285 est,
1098 4234 1174 4281 num,
1202 4219 1276 4287 quod
1295 4218 1390 4288 potuit,

268 4300 372 4356 tactum
390 4301 433 4366 sil,
452 4306 483 4356 ut
500 4301 560 4357 iure
577 4303 714 4358 occiderit.
742 4304 821 4359 llodo
839 4306 992 4360 necessario
1011 4307 1145 4361 utendum
1163 4311 1222 4361 erat
1236 4307 1390 4371 indicativo,

268 4393 400 4459 tempore,
428 4391 558 4461 quonum
582 4392 617 4446 ad
640 4393 712 4446 hanc
728 4409 814 4447 unam
832 4394 935 4448 eudem
954 4394 1133 4463 quaestionem
1152 4395 1305 4461 adstrinxit,
1334 4412 1391 4466 per·

269 4476 354 4537 renui
382 4479 528 4535 siinflnite
546 4485 688 4550 quereret,
708 4490 796 4551 poten
814 4481 924 4547 diceret,
951 4498 1016 4548 non,
1043 4488 1075 4539 ut
1093 4483 1256 4540 Garatouius
1275 4486 1390 4550 volebat,

264 4569 361 4634 possit
429 4572 433 4579 ’
1386 4576 1391 4585 “
