2948 5206
699 277 764 345 669

124 490 193 539 non
217 472 366 539 dubitari
387 474 422 539 in
446 476 528 538 orat.
547 472 589 536 lV
612 470 631 554 9
653 473 695 537 12
719 473 868 539 codicum
891 475 1038 539 omnium
1061 474 1219 541 mendum
1241 480 1332 559 post·

124 577 253 645 habere
276 599 362 645 verae
390 582 562 663 scripturae
594 580 684 662 apud
713 580 922 645 Lactantium
952 584 1102 660 servatae,
1138 582 1228 664 quod
1258 587 1333 666 post

125 685 327 753 tambinum
351 689 384 752 et
407 688 488 753 alios
516 686 616 752 etiam
646 685 786 753 Orellius
814 689 848 752 in
877 686 986 771 priore
1015 688 1167 770 exemplo
1195 688 1332 766 ieceret;

124 810 217 859 nunc
244 794 282 869 is,
317 793 484 861 codicibus
512 794 708 876 obsequens,
744 793 832 876 quod
867 813 909 858 ne
943 793 1088 860 Klotzius
1116 795 1251 876 quidem
1280 796 1332 863 hic

128 898 217 979 iecit,
239 900 286 964 sic
308 900 452 984 scripsit:
488 899 615 966 Etenim
637 920 754 985 quara
781 901 811 965 si
833 901 904 986 quis
923 900 1165 984 paterfamilias
1190 937 1231 949 --
1254 923 1332 988 sup·

122 1006 259 1093 pleian
281 1006 321 1071 cis
342 1028 431 1072 servo
453 1029 548 1094 quam
572 1007 808 1073 acerbissimum
830 1008 1009 1091 sumpserit,
1033 1015 1140 1072 aarum
1156 1010 1186 1073 is
1201 1010 1334 1074 clemeus

128 1133 166 1179 aa
186 1114 369 1180 mensore
391 1136 435 1179 au
456 1115 741 1179 inhumanissimus
769 1121 797 1178 et
817 1113 1056 1179 crudelissimus
1079 1136 1142 1181 esse
1165 1116 1335 1181 uidemur?

124 1218 216 1287 mss·
237 1240 310 1285 vera
332 1222 532 1305 importamus
554 1242 592 1286 aa
612 1220 740 1303 ferreus
762 1227 824 1286 cet.
858 1219 980 1285 Verum
1004 1221 1045 1286 de
1062 1241 1111 1301 eo,
1134 1223 1191 1305 qui
1208 1225 1331 1290 iustum

126 1325 326 1411 empticium
349 1349 412 1392 nau
434 1327 621 1411 sumpserit,
650 1327 762 1410 queri,
792 1328 934 1410 primum
963 1329 1106 1393 ostendit
1134 1331 1206 1412 ipsa
1229 1331 1331 1397 inter·

125 1433 306 1517 mantionis
329 1433 446 1511 torma,
480 1435 515 1499 in
542 1454 609 1517 qua
637 1433 814 1500 affirmatio
842 1437 955 1516 aperte
978 1434 1112 1501 inclinat
1134 1435 1168 1500 in
1191 1437 1332 1503 alterurn

128 1538 317 1604 membrum
341 1537 398 1622 (an
414 1538 545 1625 potius),
582 1541 700 1606 deinde
728 1541 934 1623 apertissime
962 1541 1181 1624 superlativus
1211 1542 1245 1607 in
1268 1543 1330 1609 hoc

129 1644 234 1713 altero
257 1647 408 1713 membro
429 1648 474 1713 ad
496 1649 683 1731 aagendam
707 1648 985 1713 asseverationem
1015 1647 1141 1731 positus
1171 1648 1334 1732 (testamc-

128 1752 281 1818 uissimus
303 1760 332 1817 et
353 1752 613 1836 ameddissimus),
635 1757 804 1837 postremo
826 1753 989 1819 adiectum
1014 1774 1224 1837 responsum:
1248 1755 1335 1821 Mili

128 1879 202 1925 aera
224 1863 299 1937 cet,
333 1859 367 1925 in
398 1880 463 1943 quo
494 1860 522 1925 si
552 1861 594 1925 de
625 1862 788 1927 annitaris
817 1880 958 1943 persona
989 1880 1028 1926 ac
1056 1881 1123 1927 non
1150 1862 1192 1926 de
1216 1863 1332 1928 eadem
1348 1880 1387 1922 sse

131 1966 395 2051 responderetur,
418 1966 537 2032 saltem
560 1988 742 2051 pronomen
765 1968 955 2033 adderetur:
986 1967 1065 2031 mili
1087 1989 1160 2033 aero
1182 1970 1211 2033 is
1234 1974 1296 2035 cet.
1307 1964 1333 2052 ¹)

217 2070 293 2137 Hac
314 2072 412 2155 igitur
434 2078 608 2157 perspecta
632 2076 780 2141 codicum
803 2079 933 2152 natura,
966 2076 1195 2141 auctoritatem
1219 2096 1333 2143 eorum

130 2197 231 2263 quam
254 2179 347 2261 potui
368 2179 609 2263 religiosissime
633 2185 765 2247 secutus
788 2201 872 2259 sum,
895 2181 953 2245 sed
977 2181 1023 2245 ita
1046 2185 1083 2246 ut
1100 2184 1333 2261 meminissem,

128 2284 307 2351 manifesta
329 2286 451 2352 menda
480 2291 594 2354 contra
621 2287 688 2353 viru
716 2288 880 2353 rotimum
911 2290 943 2352 et
974 2286 1120 2353 veritatis
1152 2291 1333 2356 convicium

130 2390 222 2457 nulla
243 2392 439 2458 auctoritate
468 2395 549 2460 satis
568 2394 714 2460 defendi.
761 2394 875 2477 ltaque
903 2392 954 2477 (ut
982 2412 1022 2458 ex
1051 2393 1143 2461 brevi
1172 2396 1333 2480 particula

130 2498 289 2564 orationis
312 2501 440 2580 quartae
467 2500 617 2583 exempla
647 2520 787 2578 sumam,
822 2520 896 2582 quae
924 2498 970 2565 ibi
997 2499 1095 2582 plura
1123 2502 1334 2586 concurrunt)

127 2600 185 2687 57
208 2622 278 2669 non
300 2606 414 2689 scripsi
437 2603 526 2688 (curu
547 2606 667 2673 Orellio
692 2611 724 2672 et
739 2603 878 2689 Klotzio)
895 2627 959 2690 pro
981 2608 1033 2671 sui
1055 2606 1210 2692 dipsitate
1233 2607 1334 2693 (quod

128 2710 261 2777 coffiees
283 2732 364 2777 sane
388 2716 531 2792 tuentur,
566 2715 730 2781 Ciceronis
763 2717 797 2779 et
827 2715 922 2778 hrrius
953 2713 1061 2779 aetatis
1092 2734 1171 2780 usus
1199 2735 1334 2798 prorsus

127 2819 267 2903 mpura
291 2819 349 2883 ctr.
372 2819 417 2885 ad
439 2820 510 2885 Fin.
534 2821 561 2885 ss
584 2819 602 2902 ἕ
627 2822 668 2887 76
692 2842 724 2904 p.
750 2821 815 2887 270
838 2821 889 2885 ed.
914 2818 959 2902 3),
983 2840 1090 2904 neque
1113 2821 1238 2904 aliquot
1262 2842 1334 2888 ver-

127 2925 225 2991 sibus
247 2928 322 3008 post
344 2928 562 3011 appetiverunt
585 2928 636 3009 (ut
659 2929 735 2994 lecit
757 2928 901 2994 Klotzius
925 2948 965 2992 ex
989 2928 1080 3011 Tep.¹
1103 2928 1222 3007 Ehem,
1251 2928 1334 2995 Oxx.

129 3033 165 3097 et
199 3030 339 3097 fortasse
373 3033 477 3100 multo
511 3033 683 3117 pluribus),
718 3035 810 3119 quia,
846 3033 975 3101 etiamsi
1009 3032 1172 3100 diceretur
1205 3043 1332 3099 mortem

130 3143 289 3222 appetere,
324 3158 463 3220 pravum
490 3145 603 3206 tamen
632 3146 720 3207 esset
747 3141 880 3207 libenter
910 3147 1067 3226 appetere,
1102 3141 1335 3224 pravissimum

129 3261 211 3309 vero
234 3263 297 3307 uem
320 3245 453 3311 invitum
483 3255 645 3332 appetem
680 3268 786 3331 neque
809 3245 828 3329 9
852 3247 872 3313 8
899 3248 1095 3330 scripturam
1123 3247 1219 3313 unius
1243 3246 1335 3311 verbi

130 3348 284 3433 (dolores)
305 3355 440 3435 propter
462 3354 672 3420 manifestam
696 3374 830 3420 cansam
854 3354 1031 3420 omissione
1050 3354 1190 3419 tractam
1208 3356 1242 3418 et
1258 3373 1334 3437 per·

130 3456 302 3525 uubaum
326 3459 416 3524 tenui
444 3457 531 3542 (cum
555 3459 709 3544 Klotzioi:
745 3461 861 3526 multas
888 3481 951 3525 uno
978 3460 1085 3524 dolore
1113 3460 1215 3523 animi
1243 3466 1335 3545 atque

129 3565 276 3651 corporis
299 3571 326 3628 et
349 3584 453 3631 ornnes
475 3569 625 3633 scelerum
642 3589 757 3653 paenas
781 3567 947 3632 ademisset
974 3564 1021 3650 (in
1050 3586 1116 3649 qua
1138 3587 1204 3632 non
1228 3567 1333 3632 solum

127 3670 268 3737 ridicule
292 3673 530 3756 coniunguntur
552 3675 659 3739 multa
687 3682 715 3739 et
743 3695 848 3738 ommes
866 3693 978 3758 poema,
1013 3673 1073 3737 sed
1101 3693 1203 3757 prave
1235 3674 1333 3739 etiam

128 3776 278 3845 ablativo
302 3775 377 3860 (una
399 3778 518 3863 dolore)
543 3781 673 3847 additur
697 3782 798 3844 animi
813 3787 842 3844 et
856 3781 1005 3864 corpoeis,
1031 3799 1096 3863 quo
1117 3799 1169 3845 res
1185 3782 1333 3863 augetur,

129 3903 236 3969 qutun
259 3883 372 3949 Cicero
395 3887 509 3951 mortis
533 3886 678 3951 dolorem
707 3888 820 3965 elevet,
857 3906 941 3964 eam,
978 3906 1076 3970 qnam
1106 3886 1171 3952 vivi
1198 3906 1334 3970 perpes-

204 4096 367 4153 ooaliturarn
386 4097 478 4163 inimo,
505 4115 557 4152 nec
579 4099 720 4153 hominem
743 4115 776 4153 cx
796 4099 903 4153 duabus
922 4098 1035 4154 coloniis
1054 4116 1114 4153 esse
1132 4098 1184 4153 dici
1203 4097 1333 4168 potuisse.

203 4186 302 4255 ltaque
320 4187 393 4256 quod
411 4188 440 4241 in
459 4187 597 4242 codicibus
616 4187 754 4241 scribitur:
782 4205 815 4241 ex
833 4191 868 4242 iis
887 4190 1005 4255 somniis,
1029 4206 1106 4258 quas,
1131 4193 1204 4242 recte
1222 4203 1334 4257 prorsus

204 4274 312 4329 iactum
330 4282 384 4330 est:
403 4293 437 4330 aa
454 4280 490 4330 iis
508 4279 617 4345 calamis,
637 4293 711 4345 quas.

157 4358 184 4430 ¹)
201 4362 290 4417 Paulo
309 4370 373 4418 anto
392 4367 545 4421 necessario
562 4365 690 4420 scribitur
704 4366 821 4434 pratea
844 4368 896 4420 etsi
918 4367 1008 4421 omnis
1033 4365 1253 4420 testimoniorum
1271 4381 1334 4418 auc-

204 4436 440 4522 toritespmbabo
459 4460 564 4520 iustum
582 4471 639 4510 nou
658 4455 779 4510 minatur
793 4455 894 4521 Cicero,
914 4456 961 4511 sed
980 4472 1051 4520 eam,
1070 4471 1126 4524 qua
1144 4453 1239 4518 utitur,
1258 4469 1333 4507 seve·

204 4541 318 4597 ritatem
336 4542 465 4599 &tendit
