2956 5190
741 265 809 330 454

174 482 330 539 oritocero,
366 462 434 539 sed,
470 461 599 526 etiamsi
629 464 741 543 posset
765 480 889 524 amomo
912 461 1043 543 seiungi
1069 459 1116 524 ab
1139 479 1190 537 eo,
1222 460 1295 543 qllod
1309 466 1340 529 s

171 568 260 650 faxo,
294 569 327 632 in
354 568 474 632 multas
498 570 610 632 tamen
634 567 779 632 incidens
802 566 960 631 salebras.
1007 565 1102 631 Nam
1125 585 1189 630 nec
1209 566 1297 631 ullum
1311 574 1342 635 a

173 674 344 756 vestigium
368 673 481 738 lormae
505 693 572 738 non
595 677 771 738 contractae
794 669 992 756 (amoveao),
1016 691 1085 736 nec
1109 691 1165 737 res
1187 672 1343 754 procedit!

172 781 317 845 secvmda
340 780 582 863 coniugatione3
617 780 761 845 debebat
792 781 876 845 enim
910 798 983 844 esse
1009 778 1238 864 prohibueram
1267 779 1344 863 itaqu

172 887 294 970 fingere
329 887 453 969 cogitur
474 886 703 970 probibeoesso,
738 890 776 952 ut
809 887 984 952 molestum
1018 885 1108 950 illud
1143 905 1167 948 a
1200 884 1345 965 amolum,

173 994 261 1076 quod
284 1013 325 1057 ne
349 993 394 1057 sic
417 993 559 1074 quidem
574 993 784 1058 exterminari
806 1013 842 1058 se
857 993 998 1076 patitur;
1022 992 1084 1076 qui
1103 992 1195 1058 enim
1210 992 1260 1057 bic
1273 992 1347 1075 nari

173 1100 391 1165 occultaretur
415 1099 638 1165 contrahendo
661 1119 761 1182 quam
789 1099 823 1164 in
844 1099 1142 1184 prohibeo-essem?
1175 1098 1243 1164 Nec
1268 1101 1349 1163 lana

166 1206 380 1291 probibcssem
403 1206 576 1288 quisquam
599 1206 733 1271 audivit.
778 1205 902 1272 Deinde
926 1228 1091 1272 omae-eso
1115 1208 1188 1273 sive
1211 1224 1350 1269 omum

172 1334 306 1397 prorsus
330 1315 391 1378 erit
418 1313 506 1378 idem
534 1321 633 1396 atque
663 1333 819 1392 omo-vero,
856 1319 892 1378 ut
925 1314 1018 1379 nulla
1053 1313 1267 1379 diiunctionb
1295 1314 1352 1377 orla

173 1441 272 1486 causa
306 1421 399 1485 reddi
433 1420 546 1502 possit.
603 1420 712 1502 Atque
746 1420 817 1487 lraec
852 1423 965 1486 contra
1000 1421 1112 1485 civem
1149 1440 1261 1486 meum
1290 1417 1353 1483 dieb

172 1531 279 1592 sunto.
326 1528 392 1592 Sed
406 1509 514 1593 'nibilo
537 1527 654 1591 melius
677 1547 747 1592 rem
771 1529 845 1610 agit·
861 1527 1010 1592 Struvius
1036 1526 1169 1610 (Ueber
1186 1528 1243 1593 lat.
1259 1526 1353 1591 neela

171 1655 203 1699 u.
229 1634 320 1717 Conj.
344 1655 376 1716 p.
404 1633 490 1716 177).
536 1635 621 1699 Nam
644 1636 672 1699 is
696 1636 785 1717 apud
813 1634 1059 1717 antiquissimos
1087 1634 1276 1718 perlectum
1299 1651 1355 1697 oon

171 1743 304 1807 iunctivi
328 1741 427 1824 (hanc
451 1743 537 1806 enim
561 1761 621 1824 per
645 1745 749 1806 totum
772 1741 893 1805 librum
916 1740 1059 1806 formam
1081 1740 1252 1824 praeponit
1272 1739 1357 1804 rubro

173 1852 297 1928 exacto,
330 1849 418 1913 unde
442 1849 541 1913 ducta
564 1847 627 1929 est)
651 1851 683 1911 et
705 1847 1078 1930 plusquamperfectum,
1110 1847 1263 1912 futurum
1283 1864 1357 1910 erac·

171 1959 252 2035 tum,
276 1957 458 2038 perlectum
482 1955 631 2019 infinitivi
655 1955 701 2018 ila
725 1954 866 2019 formata
889 1954 1011 2032 scribit,
1035 1958 1076 2018 ut
1098 1954 1207 2019 radici
1223 1953 1358 2018 adderent

171 2065 242 2142 sior,
265 2084 339 2141 scm,
363 2084 407 2141 so,
431 2083 472 2139 se,
496 2063 530 2126 in
553 2061 660 2144 prima
683 2063 794 2124 autem
819 2062 852 2124 et
874 2060 1018 2125 secunda
1034 2060 1272 2143 coniugatione
1292 2058 1358 2122 litte

171 2190 243 2235 ram
267 2192 283 2234 s
305 2169 518 2253 geminarent.
570 2167 832 2250 (Ramsbornius,
868 2166 923 2248 qui
951 2166 1097 2248 alioquin
1127 2166 1296 2232 Struvium
1319 2182 1359 2227 se·

132 2294 158 2336 aa
172 2279 291 2359 quitur,
327 2297 359 2358 p.
386 2276 450 2340 140
472 2296 554 2358 sqq,
589 2276 660 2339 haec
691 2274 822 2338 deducit
846 2294 865 2337 a
888 2274 1041 2356 perlectis
1066 2273 1101 2337 in
1123 2275 1173 2351 sir
1209 2270 1358 2354 ituqueis,

172 2387 209 2447 ut
232 2383 389 2466 HJ'orlius,
423 2382 498 2465 foai
526 2384 559 2445 et
582 2383 639 2444 aci
665 2381 787 2463 fingere
811 2381 944 2462 cogitur,
980 2379 1101 2445 deinde
1124 2381 1217 2446 hanc
1239 2379 1358 2445 forman

173 2510 213 2554 ex
237 2491 332 2554 tertia
357 2488 581 2570 coniugatione
604 2490 763 2568 tanquam
795 2507 836 2551 ex
865 2487 972 2552 alieno
1003 2486 1073 2551 solo
1105 2489 1140 2551 in
1172 2486 1309 2570 primam
1334 2487 1359 2547 et

172 2596 351 2661 secundam
375 2599 541 2677 receptam
564 2592 706 2676 putare.)
753 2594 800 2657 Ex
829 2594 891 2658 hac
919 2593 1070 2676 opinione
1101 2593 1245 2658 eandem
1274 2591 1359 2657 babe-

172 2703 255 2766 bunt
278 2702 437 2767 rationem
459 2702 510 2765 lrae
528 2701 641 2765 formae
663 2700 752 2782 foro,
777 2702 906 2783 capsim,
931 2702 1117 2781 intellexero,
1142 2700 1231 2764 dixe.
1271 2698 1357 2763 Multa

172 2810 225 2874 hic
254 2811 358 2874 virum
394 2809 478 2872 bene
514 2807 555 2870 de
589 2808 802 2889 grammatica
837 2807 953 2871 Latina
988 2808 1143 2871 meritum
1181 2806 1359 2871 fefellerunt

171 2917 318 2982 Primum
343 2917 421 2998 quin
444 2913 801 2997 plusquamperfectum
832 2915 1026 2979 coniunctivi
1057 2914 1271 2996 maximeque
1299 2931 1359 2994 per·

173 3023 293 3086 fectum
329 3022 476 3085 inimitivi
511 3023 600 3085 rocta
635 3020 688 3084 via
726 3040 746 3084 a
780 3022 924 3103 perfecto
959 3019 1126 3084 indicativi
1161 3018 1359 3091 descendant,

173 3149 270 3194 nemo
294 3129 445 3193 dubitare
468 3130 585 3209 potest,
616 3128 893 3208 quemadmodum
918 3127 1020 3191 altera
1044 3130 1076 3191 et
1100 3126 1247 3209 vulgaris
1271 3126 1359 3189 sonna

174 3236 272 3300 futuri
297 3237 402 3300 exacti
431 3238 463 3298 et
490 3235 625 3316 perlecti
654 3235 848 3300 coniunctivi
878 3234 1054 3298 descendit.
1065 3229 1089 3314 ¹)
1138 3235 1255 3315 ltaque
1284 3230 1359 3294 intel·

173 3343 281 3421 texeat,
311 3343 454 3405 intellexa
482 3340 693 3405 manifestum
717 3344 766 3404 est
789 3344 861 3405 orta
885 3361 956 3405 esse
981 3340 1097 3404 eadem
1121 3359 1281 3424 syncopa,
1307 3356 1360 3420 qua

174 3467 214 3511 ex
250 3448 428 3512 intellexisti
462 3453 495 3512 et
530 3448 725 3511 intelleoistis
753 3447 1015 3530 frequentissimo
1044 3447 1197 3529 exemplo
1227 3447 1265 3510 fit
1286 3443 1360 3507 inlel-

202 3731 223 3798 ¹)
242 3733 311 3786 Cum
330 3731 597 3801 plusquamperfecto
616 3729 722 3793 Latino,
747 3731 821 3798 quod
845 3731 876 3784 fit
894 3730 999 3784 adiecto
1018 3730 1053 3783 ad
1071 3729 1194 3783 radicem
1213 3728 1243 3782 in
1263 3724 1362 3798 perlecti

244 3822 361 3874 sormam
395 3821 450 3874 iam
483 3836 643 3873 conversam
676 3819 836 3887 imperfecto
869 3819 945 3872 verbi
973 3817 1135 3872 substantivi
1166 3814 1362 3886 (serape-eron),

244 3909 312 3963 nihil
331 3909 421 3977 aplius
439 3908 590 3977 comparari
610 3913 708 3976 potest,
735 3925 818 3976 quarn
838 3909 911 3976 quod
936 3909 1009 3977 apud
1028 3907 1133 3961 Arabes
1158 3906 1219 3961 lieri
1239 3906 1363 3964 videmus,

244 3995 290 4050 ubi
310 3996 569 4065 plusquamperfecli
593 3996 753 4064 significatio
778 3996 903 4062 efficitur,
931 3997 953 4051 si
976 3997 1114 4066 praeterito
1137 3994 1321 4065 praeposueris
1341 3990 1365 4043 it

245 4081 414 4152 παραλλήλου
434 4087 549 4140 verbum
568 4086 770 4139 substantivum
795 4083 906 4150 (cacam
925 4087 1039 4156 scripsit,
1067 4088 1142 4140 kdno
1165 4087 1271 4139 lactabo
1294 4083 1365 4150 scrip

245 4174 335 4241 serat).
373 4174 426 4229 Sed
444 4175 517 4242 apud
537 4175 647 4228 eosdem
667 4174 858 4243 imperfectum
881 4176 1018 4229 interdum
1043 4174 1141 4228 eodem
1165 4174 1252 4228 modo
1277 4170 1368 4242 signifi·

245 4268 330 4327 catur,
359 4263 504 4317 coniuncto
531 4262 615 4316 verbo
643 4263 814 4317 substantivo
842 4269 870 4317 et
897 4263 990 4318 futuro
1003 4262 1104 4328 ,(lcdna
1124 4261 1261 4330 jacobo).
1305 4261 1368 4326 (lid

244 4351 356 4405 Ewaldii
376 4352 495 4407 Gramm.
514 4351 597 4405 Arab.
616 4352 628 4404 Ι
647 4349 663 4417 ἕ
682 4351 734 4405 202
753 4357 780 4406 et
798 4351 872 4417 208.)
899 4354 980 4421 Apud
993 4353 1104 4407 Latinos
1117 4351 1275 4420 imperfecti
1288 4351 1371 4405 forma

245 4439 382 4508 antiquior
400 4447 440 4495 est
459 4457 510 4495 nec
528 4456 672 4508 compages
690 4445 747 4494 tam
771 4441 834 4495 laxa
857 4446 885 4495 et
902 4443 1042 4511 perlucida
1060 4458 1145 4511 quam
1164 4440 1372 4510 plusquamper

245 4528 315 4582 lecti.
352 4530 405 4583 Sed
424 4530 547 4584 eiusdem
565 4533 607 4583 est
624 4529 731 4598 generis
749 4547 883 4586 cavavero.
