2948 5206
596 277 659 342 139

67 472 142 538 lendis
160 491 254 554 opera
276 471 483 548 insumenda,
513 491 595 554 quas
618 471 680 554 ipsi
702 476 852 537 auctores
875 493 969 555 paene
993 476 1192 557 improbant
1200 473 1227 560 ¹)

64 578 185 644 Orellium
207 576 308 642 miror
330 577 428 642 nimis
455 577 570 643 leviter
597 597 633 643 se
663 575 938 663 expedientem.²)
987 582 1060 649 Non
1089 579 1228 666 appa'ret

59 687 181 768 prinum,
213 684 288 767 quis
309 685 538 761 intervenerit;
572 703 651 749 nam
673 684 718 750 ad
740 685 776 750 C.
800 686 980 751 Antonium
1003 687 1066 754 hoc
1088 690 1227 754 verbum

10 792 13 819 ²
56 793 91 857 ita
108 791 217 870 referri,
242 793 278 857 ut
302 791 497 856 sententiam
522 790 651 870 efficiat,
675 792 765 858 nullo
787 794 886 860 modo
903 798 1022 877 potest,
1046 795 1144 878 quem
1161 815 1228 861 non

55 886 238 964 intervenisse
259 897 349 976 dicit,
372 898 440 976 sed,
465 917 566 981 quum
584 899 736 964 inductus
753 904 838 964 esset
856 901 889 964 in
906 920 1010 983 spem,
1035 901 1227 967 destitutum

52 1024 122 1082 esee,
150 1009 185 1070 ut
211 1004 296 1071 alius
325 1006 399 1088 quis
427 1006 536 1088 potius
564 1005 774 1073 intervenisse
803 1006 969 1084 videatur,
1004 1006 1131 1084 deinde,
1163 1027 1228 1089 quo

50 1113 188 1195 pertineat
209 1111 370 1193 particula
395 1113 494 1188 enim
517 1115 600 1189 tum,
623 1113 695 1194 quis
711 1115 754 1178 sit
770 1113 823 1178 ille
840 1117 958 1190 metus,
983 1113 1025 1178 de
1042 1133 1107 1195 quo
1124 1113 1225 1178 inter·

35 1218 161 1300 ‘rogandi
181 1218 272 1283 nulla
295 1221 347 1283 est
375 1236 485 1296 causa,
521 1237 623 1299 quum
655 1219 745 1297 nihil,
780 1221 868 1302 quod
900 1224 1024 1284 metum
1057 1219 1225 1301 significet,

50 1324 151 1390 dietim
171 1326 227 1402 sit;
250 1328 427 1406 postremo,
452 1343 517 1405 quo
540 1328 689 1407 spectent
706 1325 761 1391 illa
778 1326 865 1390 solvo
882 1327 984 1409 capite
1001 1346 1128 1408 crpore,
1153 1345 1227 1407 quae

49 1430 84 1496 ad
101 1431 288 1513 promissum
312 1430 348 1496 C.
371 1430 515 1496 Antonio
545 1431 660 1496 datum
690 1431 804 1498 referri
834 1451 900 1498 non
930 1436 1083 1515 possunt3
1117 1450 1224 1513 neque

51 1539 130 1616 enin,
149 1557 204 1603 cur
225 1537 423 1620 promiserit
446 1537 505 1602 sed
529 1556 587 1603 cur
608 1557 675 1603 non
696 1539 893 1621 praestiterit,
924 1538 1091 1621 quaeritur.
1132 1536 1226 1603 Viam

50 1643 220 1709 mentiendi
247 1643 321 1726 ipse
352 1643 407 1708 illa
436 1636 597 1725 particula
627 1646 710 1709 enim
740 1644 891 1710 ostendit.
945 1644 1043 1709 Patet
1074 1643 1171 1731 enim,
1206 1663 1227 1708 a

50 1748 180 1817 (iceroue
212 1768 272 1833 per
306 1751 449 1833 speciem
484 1750 701 1816 excusationis
730 1751 836 1816 levem
870 1754 904 1815 et
930 1755 1061 1833 turpem
1092 1769 1225 1815 causam

50 1855 172 1921 datituti
193 1856 302 1938 patrui
325 1855 445 1921 afferri.
492 1856 647 1922 Mendum
671 1859 813 1940 positum
837 1862 887 1923 est
909 1858 944 1922 in
967 1877 1033 1922 una
1056 1856 1111 1921 illa
1134 1875 1225 1932 voce,

50 1963 151 2045 inqua
170 1963 295 2030 codices
326 1962 527 2044 discrepant,
561 1982 602 2028 ex
633 1983 771 2047 quorum
802 1964 945 2046 vestigiis
976 1965 1027 2027 cui
1058 1982 1117 2044 pro
1149 1961 1226 2047 quid

10 2060 12 2065 ’
51 2068 198 2152 legendum
224 2072 275 2134 est
303 2067 491 2150 (lemma
519 2071 612 2152 enm,
640 2071 692 2134 cui
720 2072 858 2135 metuisti
881 2068 966 2151 cett
1010 2069 1226 2134 intervenisse

10 2184 13 2243 ἱ
52 2174 142 2242 (icero
162 2176 237 2242 dicit
258 2175 412 2257 aliquem,
438 2174 494 2256 qui
517 2174 551 2239 id
572 2195 693 2240 munus
716 2179 833 2258 patruo
850 2176 1000 2241 debitum
1017 2175 1226 2257 interceperit

10 2316 14 2367 ρ
53 2282 274 2349 etittntonio
297 2280 478 2356 extorserit,
503 2281 591 2363 quod
613 2286 775 2348 metueret
791 2282 923 2361 scilicet,
947 2302 990 2348 ne
1008 2283 1100 2348 salvo
1117 2283 1224 2364 capite

10 2376 12 2395 '
54 2406 149 2470 mpure
178 2389 208 2454 ei
239 2408 306 2453 non
340 2392 462 2470 posset.
519 2388 622 2453 Notus
656 2393 728 2454 erat
765 2389 971 2455 senatoribus
1013 2392 1112 2455 homo
1146 2408 1225 2454 con-

54 2496 269 2590 temptissimus,
294 2513 392 2577 quem
410 2493 453 2558 Μ.
465 2476 637 2573 Antoniuer,
661 2499 779 2577 patruo
795 2495 938 2572 detruso,
963 2497 1007 2561 ad
1023 2516 1098 2561 eum
1116 2497 1224 2561 locum
1239 2507 1278 2548 1⁷⁹

57 2606 193 2678 erexerat
214 2621 257 2666 ne
279 2600 375 2666 nobis
400 2601 533 2682 quidem
556 2600 653 2682 plane
677 2603 820 2682 ignotum
844 2621 922 2666 nam
946 2606 1004 2667 aut
1021 2602 1148 2667 Nucula
1165 2606 1223 2666 aut

58 2704 137 2773 huto
159 2709 216 2774 fuit
248 2706 328 2789 (vid.
351 2707 494 2789 Philipp.
518 2708 574 2784 Vl,
606 2707 641 2783 5,
675 2709 727 2785 14,
759 2708 839 2785 Vlll,
871 2709 901 2786 9,
935 2710 988 2784 26,
1019 2708 1073 2786 XI,
1106 2709 1137 2785 6,
1171 2708 1223 2782 13,

61 2811 420 2894 ffltfflmtm.

125 2920 307 2986 Persecutus
331 2940 416 2997 sum,
452 2920 542 3002 quod
572 2919 663 2984 initio
694 2919 856 2984 facturum
888 2939 942 2984 me
970 2939 1040 2985 esse
1065 2921 1223 2998 dixeram,

64 3021 126 3088 nu
143 3026 252 3091 harum
274 3027 460 3092 orationum
487 3044 562 3090 mea
586 3026 771 3090 coniectura
795 3027 997 3104 emendatos,
1021 3027 1067 3092 ita
1090 3031 1126 3092 ut
1148 3031 1223 3092 tan-

66 3132 113 3194 tun
131 3135 234 3216 exigua
256 3134 409 3216 quaedam
439 3136 472 3197 et
494 3132 714 3213 disputatione
746 3152 860 3214 parurn
896 3133 994 3215 digna
1026 3133 1222 3199 omitterem.

67 3232 123 3301 Sunt
140 3239 186 3304 alii
206 3243 366 3322 praeterea
388 3238 460 3317 loci,
485 3238 519 3303 in
543 3239 661 3321 quibus
684 3239 822 3304 aliorum
841 3240 1034 3304 coniecturis
1052 3259 1130 3304 usus
1148 3260 1221 3305 sum

69 3341 157 3420 pridem
177 3347 357 3429 propositis,
392 3346 451 3411 sed
480 3345 525 3410 ita
548 3346 701 3429 neglectis
725 3350 758 3412 et
780 3346 941 3411 oblivione
966 3346 1139 3429 oppressis,
1174 3350 1220 3425 ut,

72 3514 287 3533 h

90 3635 290 3702 literatorum
308 3653 411 3712 tamen,
440 3651 551 3715 recepta
577 3651 638 3715 post
665 3646 802 3701 Muretum
830 3652 857 3701 et
879 3647 1016 3700 Faemum
1041 3645 1140 3699 codicis
1159 3645 1219 3698 Vat.

119 3733 235 3801 scripturo,
252 3743 386 3804 tanquam
400 3735 572 3804 intelligeret,
593 3736 660 3800 ,Pro
678 3733 822 3790 contextu*
843 3734 931 3802 inquit
954 3735 1103 3800 ,sermonis
1121 3734 1220 3788 rectius

120 3818 164 3874 tec
178 3822 342 3894 iunguntur}

94 3898 237 3966 tuaene
254 3917 325 3967 enim
342 3913 402 3968 vult
420 3930 480 3968 esse
503 3920 552 3970 aut
573 3914 655 3968 Tullii
679 3919 727 3968 aut
749 3912 929 3981 grammatici,
957 3912 1125 3980 explicantis,
1153 3927 1218 3978 quo·

126 3998 188 4053 modo
206 4003 336 4057 Antonius
358 4008 489 4072 patruum
512 4001 673 4057 destituerit.
710 4001 806 4055 iliram
831 4017 911 4067 vero,
940 4001 962 4054 si
985 4000 1066 4054 Tullii
1090 4004 1144 4062 est,
1173 3999 1218 4052 ad·

126 4082 239 4145 lttiieaern
256 4109 304 4161 per
321 4093 430 4146 tertiam
450 4108 595 4161 personam
618 4091 647 4145 in
671 4090 761 4144 media
781 4089 944 4143 allocutione
969 4089 1090 4153 Antonii,
1118 4087 1217 4141 miram

128 4177 147 4223 et
163 4176 286 4235 obscuram
309 4181 480 4250 grammatici
504 4180 765 4248 interpretationem,
794 4179 892 4232 deinde
921 4177 1030 4236 falsam
1060 4194 1114 4230 non
1143 4177 1216 4230 enirn

130 4258 241 4322 timuit
257 4270 290 4323 Ι
309 4269 454 4334 Antonino,
473 4271 521 4324 sed
540 4269 671 4332 destituit,
691 4268 786 4330 idest,
805 4283 861 4321 non
880 4267 998 4329 adiuvit3
1017 4265 1114 4318 deinde
1134 4268 1217 4317 inter-

131 4354 182 4403 m't
195 4354 386 4426 interpretatur:
410 4360 480 4412 ctam
498 4376 526 4412 ee
543 4360 674 4426 opposuit,
694 4362 722 4410 et
740 4356 768 4409 in
787 4357 838 4410 hoc
856 4358 934 4418 ctam,
952 4354 1030 4408 cuius
1049 4354 1156 4407 nullum
1175 4357 1216 4406 est

132 4438 186 4501 llud
202 4443 347 4502 Ciceronem
375 4447 533 4516 vestigium,
559 4446 701 4501 sententiae
728 4444 784 4498 virn
812 4443 888 4512 ponit
916 4441 1001 4511 (quie,
1029 4443 1052 4495 si
1080 4442 1146 4496 illud
1175 4446 1216 4494 est

133 4532 271 4599 malici,
288 4536 365 4590 nulla
382 4535 442 4601 eet).
478 4535 599 4590 Tametsi
617 4539 675 4588 tota
693 4533 780 4588 ironia
798 4532 957 4586 inanissima
977 4536 1026 4584 est.
