2948 5206
705 272 749 336 IX

140 470 311 534 accessione
335 470 446 551 aliqua
470 468 602 532 alterius
625 468 752 550 generis
777 467 935 531 mederer.
972 466 1210 533 Grammaticas
1234 491 1323 552 quae-

139 599 248 660 stiones
272 595 333 660 etsi
356 614 445 687 saepe
468 593 673 674 multumque
696 592 729 656 in
757 591 829 656 aliis
857 591 947 656 libris
977 592 1079 673 attigi,
1108 596 1220 658 tamen
1247 600 1324 660 ante

138 741 202 784 eam
225 720 546 796 commentationem,
570 737 644 799 quoe
667 718 700 780 in
724 718 785 780 hoc
810 716 972 781 volumine
991 716 1136 781 secunda
1152 722 1212 795 est,
1236 720 1325 785 nulla

139 866 202 908 inea
225 845 379 908 exstabat
402 843 569 925 amplioris
592 841 654 905 loci
678 841 832 905 continua
847 841 1068 923 pertractatio,
1093 841 1208 922 inqua
1227 843 1324 925 plane

137 970 266 1051 perspici
282 973 403 1051 posset,
426 966 714 1049 quemadmodum,
739 965 827 1046 quod
842 966 962 1047 saepius
978 965 1121 1030 breviter
1136 967 1323 1048 significavi,

138 1094 285 1157 universae
310 1093 471 1157 sermonis
493 1095 619 1156 naturae
643 1090 936 1155 considerationem
965 1109 1039 1154 cum
1069 1089 1172 1154 Graeci
1201 1092 1323 1158 Latini-

137 1238 191 1300 que
214 1219 373 1282 sermonis
397 1216 605 1299 proprietatis
629 1215 876 1297 investigatione
905 1214 1199 1296 coniungi⁰vellem
1230 1220 1263 1281 et
1285 1218 1324 1281 li·

138 1343 242 1406 berum
273 1344 483 1423 antiquarum
520 1359 649 1422 quoque
683 1339 866 1421 linguarum
902 1342 1026 1403 motum
1061 1338 1215 1405 historica
1249 1342 1323 1421 fide,

138 1468 275 1532 adbibita
298 1466 558 1531 testimoniorum
583 1463 809 1540 aestimatione,
839 1463 974 1544 exquiri.
1021 1463 1067 1527 Ea
1090 1464 1268 1547 disputatio
1292 1471 1325 1533 et

138 1591 223 1654 simul
247 1591 362 1667 altera,
399 1610 464 1672 qua
493 1589 602 1670 plures
630 1588 837 1668 minoresque
864 1588 925 1652 loci
949 1588 1162 1669 explicantur,
1198 1592 1225 1655 si
1249 1611 1324 1657 cum

138 1716 383 1808 institutionibus
407 1714 524 1795 linguae
548 1712 682 1788 Latinae,
713 1731 787 1792 quae
817 1731 837 1775 a
865 1732 918 1776 me
942 1713 1060 1777 scholis
1083 1712 1215 1795 scriptae
1238 1715 1323 1780 intra

139 1860 249 1920 paucos
273 1859 405 1903 menses
428 1838 461 1901 in
485 1836 660 1902 Germania
684 1836 831 1910 edentur,
864 1839 1063 1918 comparatae
1086 1837 1206 1903 luerint
1229 1840 1323 1904 adhi-

137 1963 279 2044 bitusque
303 1963 442 2040 libellus,
467 1981 563 2043 quem
588 1961 630 2034 de
654 1961 875 2042 compluribus
897 1961 994 2024 rebus
1017 1961 1060 2024 ad
1075 1966 1324 2043 grammaticam

137 2088 276 2152 Latinam
301 2085 539 2169 pertinentibus
562 2084 625 2149 arti
648 2085 690 2149 illi
716 2083 766 2166 (ut
781 2087 908 2149 veteres
924 2083 1155 2166 loquebantur)
1171 2090 1323 2154 comitem

134 2211 223 2287 dabo,
248 2184 455 2293 mtelliqetur,
487 2214 520 2273 et
543 2229 641 2290 quam
667 2210 767 2273 totius
789 2208 968 2290 disciplinae
991 2208 1160 2273 tradendae
1183 2211 1322 2278 formam

135 2355 237 2399 reram
269 2340 382 2417 putem
412 2339 443 2399 et
472 2333 749 2416 quemadmodum
779 2333 843 2397 late
871 2333 1035 2414 dispersas
1065 2336 1262 2414 quaestiones
1291 2339 1323 2401 in

132 2478 273 2522 summas
302 2462 336 2522 et
365 2461 473 2541 capita
502 2458 664 2539 cogendas
693 2461 725 2521 et
755 2457 1032 2538 quemadmodum
1061 2477 1207 2524 summas
1238 2482 1323 2542 prae·

133 2585 292 2664 parandas
317 2584 632 2665 confirmandaeque.
679 2582 785 2645 Altius
813 2582 1018 2662 quorundam
1048 2583 1205 2666 principia
1228 2606 1323 2668 repe-

133 2713 236 2771 tentur
261 2711 292 2771 in
317 2710 355 2772 iis
380 2708 708 2772 commentationibus
733 2707 773 2770 de
797 2708 903 2770 omnis
927 2706 1085 2770 sermonis
1102 2710 1132 2772 vi
1156 2714 1189 2773 ct
1205 2714 1323 2775 natura

133 2838 225 2914 alque
255 2836 358 2909 motu,
390 2852 527 2913 quarum
557 2833 662 2912 patrio
691 2851 840 2895 sermone
868 2831 1062 2911 scriptarum
1095 2835 1171 2895 ante
1203 2853 1323 2914 paucos

133 2977 257 3020 menses
293 2956 453 3037 particula
488 2956 596 3037 aliqua
632 2957 852 3032 festinantius,
889 2974 986 3035 quam
1024 2954 1154 3032 vellem,
1196 2958 1323 3023 edenda

133 3081 198 3143 tuit
211 3078 236 3160 ¹)
283 3081 317 3143 ln
342 3081 453 3144 critico
476 3098 603 3162 genere,
635 3079 723 3160 quod
753 3099 826 3143 cum
856 3078 1069 3160 grammatico
1099 3081 1323 3147 coniunctissi-

132 3225 217 3268 mum
243 3208 302 3277 est,
332 3225 431 3286 quam
461 3204 618 3269 rationem
643 3205 828 3284 probarem,
859 3223 959 3284 quum
982 3203 1015 3265 in
1039 3203 1230 3282 praefatione
1254 3206 1323 3269 edi·

132 3329 224 3393 tionis
247 3329 404 3392 librorum
429 3328 591 3392 Ciceronis
620 3329 660 3392 de
688 3329 809 3392 finibus
838 3327 982 3408 exposui,
1013 3332 1080 3390 tum
1111 3328 1143 3390 in
1171 3348 1219 3406 ea,
1250 3348 1324 3409 quae

132 3454 180 3517 bic
203 3458 320 3518 octavo
344 3454 414 3517 loco
437 3453 542 3534 posita
565 3457 625 3517 est.
671 3453 870 3518 Pravitatem
895 3451 1099 3533 quorundam
1124 3451 1259 3514 mixtam
1284 3472 1324 3514 ex

133 3578 358 3659 superstitione
390 3581 422 3641 et
452 3578 603 3641 inanibus
636 3577 809 3641 enarrandi
840 3575 1140 3657 interpretandique
1170 3577 1322 3653 artificiis

133 3722 202 3766 cum
226 3701 459 3783 grammaticae,
484 3722 591 3766 rorum
616 3703 915 3781 sententiarumque
932 3699 1186 3781 perturbatione,
1211 3703 1324 3781 aperte

133 3846 168 3889 ac
190 3827 260 3890 sine
283 3826 349 3889 ulla
373 3826 629 3890 dissimulatione
653 3825 856 3906 reprehendi,
882 3825 1062 3906 praesertim
1086 3823 1262 3886 iactantem
1286 3843 1321 3886 se

134 3951 317 4016 insolentius
342 3952 374 4014 in
397 3952 536 4032 negotio,
565 3952 591 4014 si
616 3950 747 4030 quidem
770 3950 824 4014 illo
849 3949 945 4012 modo
969 3947 1100 4029 geritur,
1130 3948 1219 4010 haud
1242 3966 1321 4010 sane

135 4075 250 4140 difficili
275 4083 306 4139 et
330 4076 394 4139 iam
418 4076 609 4137 manantem
641 4073 747 4136 latius.
794 4073 875 4137 Nam
907 4072 1031 4136 Livium
1062 4091 1191 4152 quoque
1220 4090 1324 4151 nuper

136 4198 200 4262 brec
222 4201 305 4263 ratio
328 4198 445 4280 attigit,
476 4197 709 4279 industriaeque
738 4201 770 4261 et
799 4197 906 4261 studio
930 4196 1137 4260 instrumenti
1161 4195 1260 4258 critici
1284 4215 1323 4258 ex

164 4460 183 4527 ¹)
200 4462 268 4529 [vid.
289 4465 381 4517 Kleine
401 4464 595 4532 philologiscbe
615 4463 750 4516 Schriften
770 4481 795 4531 p.
811 4462 845 4513 48
865 4459 935 4528 sqq]
