2948 5206
677 284 740 350 119

154 486 273 574 patienta
303 492 404 571 atque,
439 501 513 567 que
545 484 622 564 post
654 479 867 563 parenthesin
900 479 1034 563 periodo
1065 480 1108 545 ad
1136 483 1305 564 superiora

154 594 270 661 redeunte
297 591 374 674 poni
400 589 491 655 nullo
513 587 612 653 modo
634 590 752 669 potest,
788 586 906 651 deinde
934 588 1007 669 ipsa
1035 587 1136 651 verba
1164 607 1227 651 non
1254 589 1305 654 itti

153 706 203 784 eet,
220 698 295 783 quud
315 717 381 764 non
404 694 563 762 eiusmodi
579 693 813 777 parentheseos
829 694 957 759 initium
975 696 1034 773 est,
1045 693 1117 758 sed
1134 696 1304 760 sententie

151 806 269 890 eupen'ori
299 806 366 870 iam
399 801 501 868 finitae
533 820 593 884 por
626 821 662 866 se
696 820 771 866 cum
806 801 965 884 gravitate
995 800 1139 883 quadam
1168 800 1305 866 adiectae

150 931 248 996 nmque
267 910 400 991 marias
422 908 623 992 explicantis,
654 911 725 973 tum
747 908 971 973 coniunctims
994 907 1111 972 modus
1134 909 1304 973 sententie

149 1019 256 1085 relative
280 1011 521 1102 (pertinerent),
556 1016 611 1097 qui
640 1014 780 1080 soloecus
814 1014 865 1093 fit,
900 1015 1038 1081 sublatis
1072 1015 1179 1079 verbis
1214 1023 1305 1080 eran

148 1123 305 1201 listened&
338 1126 506 1206 posueram
532 1120 588 1186 illa
615 1122 742 1187 ratione
770 1120 904 1186 minime
931 1120 1148 1186 redundantia
1170 1121 1304 1198 tollitur,

147 1231 186 1298 sed
202 1234 230 1297 in
249 1230 308 1296 illis
331 1228 451 1306 verbis,
475 1235 566 1313 atque
587 1227 653 1292 ittae
675 1233 781 1292 nemen
803 1248 908 1292 mnnes
929 1227 1146 1310 dissensiones,
1169 1248 1306 1314 pteram

87 1364 89 1392 =
146 1371 176 1383 -
191 1337 328 1423 quesivit,
361 1337 522 1400 remanet.
531 1328 558 1415 ¹)
602 1333 717 1416 ltaque
739 1336 773 1398 et
795 1333 922 1416 aliquis,
958 1335 1013 1417 qui
1041 1334 1133 1400 eam*
1143 1335 1304 1399 rationem

87 1424 89 1435 ¹
145 1447 243 1509 anas
263 1446 324 1521 est,
346 1445 454 1506 tntum
476 1442 588 1505 tamen
610 1440 718 1506 locum
742 1440 927 1522 eloquentia
950 1439 1112 1506 Ciceronis
1135 1440 1304 1524 indignum

144 1549 273 1629 iudicauit,
307 1553 341 1614 et
370 1548 454 1613 alius
480 1549 585 1612 totam
612 1547 755 1629 priorem
786 1549 915 1628 partem
937 1548 1109 1611 sententiae
1131 1546 1303 1613 delendam

143 1657 249 1737 putavit
292 1654 360 1720 Sed
381 1653 471 1720 aliud
493 1656 544 1718 est
565 1656 686 1735 praeter
712 1653 802 1718 illam
825 1652 1052 1735 repetitionem
1074 1653 1177 1720 multo
1200 1655 1304 1736 magis

142 1780 311 1844 perversuma
339 1760 428 1844 quod
450 1762 569 1826 mirum
593 1763 643 1825 est
664 1761 829 1824 neminem
852 1759 1131 1826 animadvertisse.
1177 1762 1305 1827 meunt

141 1870 205 1933 enim
225 1868 385 1935 tticeronis
412 1866 514 1932 verba
542 1868 577 1930 in
603 1866 699 1949 longe
727 1865 827 1931 alium
855 1884 997 1943 sensum,
1033 1886 1132 1949 quam
1161 1869 1216 1951 qni
1247 1887 1304 1933 ex-

139 1974 300 2056 primendus
323 1977 405 2039 erat.
450 1972 628 2056 Dupliciter
649 1991 698 2050 ea,
734 1975 922 2054 quaegesta
945 1976 1048 2052 erant,
1084 1974 1304 2057 comparando

139 2081 247 2163 extollit,
280 2080 370 2163 quod
392 2079 536 2163 pericula
558 2077 693 2156 maiora,
717 2096 817 2160 quam
840 2078 907 2143 ulla
929 2081 1027 2145 antea
1049 2080 1197 2160 fudssent,
1232 2101 1304 2146 sce·

137 2186 246 2271 leruque
266 2187 418 2270 graviora
438 2185 633 2262 mstmisset,
657 2177 785 2248 'deinde
813 2186 901 2266 quod
928 2186 1018 2251 nulla
1040 2187 1145 2265 caetea
1179 2191 1304 2253 ceteras

136 2292 329 2360 ammones
364 2311 478 2358 omnes
512 2291 620 2357 minus
654 2291 834 2356 horrendas
867 2289 985 2370 titisse,
1020 2296 1054 2357 et
1086 2296 1199 2359 tamen
1232 2313 1304 2360 esse

134 2401 216 2464 nmis
236 2403 269 2464 et
294 2399 386 2465 caede
413 2417 598 2483 oppressas.
644 2397 739 2464 Hanc
773 2399 954 2463 extremam
988 2402 1115 2481 partem
1144 2400 1185 2465 de
1215 2400 1305 2466 stede

134 2509 159 2569 et
178 2507 325 2588 sanquine
356 2507 423 2570 iam
454 2507 651 2588 exposuerat
673 2501 705 2586 (fi
728 2501 785 2585 24)
820 2505 854 2568 in
884 2505 1017 2589 singulis
1048 2506 1304 2572 dissensionibus

133 2611 422 2687 commemorandis3
457 2612 596 2676 alterum
619 2610 709 2688 illud,
740 2610 847 2674 minus
870 2615 983 2677 tamen
1005 2614 1203 2695 perniciosas
1227 2632 1304 2678 con·
1410 2677 1415 2687 ,

133 2716 190 2782 silio
217 2721 248 2782 et
274 2718 451 2783 sceleratas
479 2718 579 2782 luisse
613 2717 684 2782 illas
719 2717 946 2797 dissensiones,
982 2721 1143 2796 restabat3
1178 2719 1212 2783 id
1246 2719 1305 2783 ad·

132 2825 255 2906 angitur
275 2826 339 2890 hac
362 2826 537 2889 sententia:
561 2823 663 2909 Atque
686 2824 751 2888 ittoe
773 2824 980 2888 dissensiones
1002 2832 1093 2889 nant
1115 2824 1305 2906 tnistsmodi,

132 2951 189 3015 qne
211 2950 272 2996 non
299 2966 340 2976 —
364 2933 561 3015 pertinerere
567 2954 582 3011 ,·
615 2950 678 2994 non
699 2930 750 2993 itti
781 2963 824 2976 -
854 2931 1026 2994 notuerunt.
1072 2931 1124 2996 Sic
1155 2929 1306 2996 absoluta

132 3040 195 3101 sunt
214 3039 333 3115 omnia,
364 3037 575 3118 sequiturque
597 3040 685 3101 recte
708 3056 829 3113 rerum,
864 3056 937 3118 quae
961 3057 1062 3118 quum
1085 3040 1226 3102 maxime
1249 3056 1306 3121 ge·

132 3147 238 3221 tantm,
271 3143 431 3209 nudatio:
467 3142 509 3206 In
535 3143 592 3207 tac
620 3150 724 3207 antem
752 3163 814 3206 nno
843 3147 904 3208 cet.
950 3144 1030 3209 Haec
1057 3151 1167 3210 autem
1196 3145 1305 3238 omnia

132 3251 248 3332 lotaque
269 3250 424 3316 orationis
448 3251 630 3332 progressio
653 3252 843 3313 evertuntur
865 3250 919 3314 illo
942 3249 1179 3316 additamento:
1204 3250 1307 3336 Atque
1321 3257 1360 3299 14⁸

134 3388 165 3400 -
187 3355 365 3421 diiudicata
387 3350 499 3438 sint²);
534 3356 621 3438 quod
650 3358 809 3438 praeterea
838 3356 1009 3421 molestam
1038 3355 1140 3421 habet
1168 3357 1305 3421 circum-

134 3459 308 3527 locutionem
338 3464 372 3528 in
400 3462 477 3527 illis:
512 3462 665 3526 einsnnodi
692 3462 835 3545 fuerant,
870 3469 905 3525 nt
939 3496 981 3507 —
1015 3462 1199 3528 diiudicatae
1227 3465 1305 3538 sint3

134 3584 198 3631 nam
218 3588 315 3652 quum
338 3570 392 3633 hic
415 3570 530 3646 exitus,
559 3588 626 3633 non
653 3573 772 3633 natura
795 3568 922 3633 illamm
946 3569 1183 3634 dissensionum
1207 3571 1316 3652 signis

135 3670 240 3751 ficetur,
262 3675 436 3740 dicendum
460 3679 531 3741 erat
552 3675 741 3758 simpliciter
765 3674 948 3737 diiudicatae
970 3682 1052 3738 sunt.
1087 3675 1200 3758 ltaque
1216 3676 1306 3740 nulla

137 3777 275 3847 dubitatio
308 3783 510 3864 relinquitur,
544 3784 622 3864 quin
650 3785 721 3846 haec
748 3782 933 3862 interpretis
969 3781 1103 3846 alicuius
1138 3783 1306 3847 annotatio

139 3884 180 3961 sit,
207 3890 377 3970 repetentis
406 3895 483 3954 ante
511 3888 788 3971 comparationem
817 3890 850 3950 et
878 3887 1003 3964 eadem,
1039 3905 1104 3968 qua
1132 3887 1244 3952 Cicero
1265 3887 1307 3960 ,in

141 3989 225 4057 ultera
244 3999 334 4077 parte
357 4014 437 4060 usus
461 3998 540 4072 erat,
577 3995 683 4060 lorma
710 3994 930 4076 proponentis,
966 4013 1039 4075 quae
1068 3993 1179 4058 Cicero
1207 4012 1307 4075 snpra

144 4092 255 4177 dierat,
284 4102 372 4183 prior
394 4105 505 4166 autem
529 4103 690 4166 sententia
714 4100 810 4182 plane
834 4100 875 4164 sit
899 4101 1034 4181 integra.
1080 4098 1164 4163 Nam
1187 4117 1229 4161 ne
1251 4099 1307 4163 illa

145 4250 379 4269 *—

170 4353 187 4417 ¹l
200 4359 318 4418 lucani
335 4366 394 4420 haec
411 4367 585 4421 incommoda
603 4366 724 4420 maxima
742 4380 775 4418 ex
793 4368 872 4431 parte
889 4363 1006 4416 Beclrim
1024 4366 1051 4416 et
1069 4363 1205 4418 Blochius.

171 4441 276 4517 'll’atet
302 4470 385 4523 quarn
408 4456 547 4520 erraverit,
575 4455 623 4524 qui
646 4455 764 4524 priorem
788 4453 952 4508 sententiam
975 4452 1093 4506 alienam
1118 4456 1145 4506 et
1163 4452 1307 4506 delendam

204 4536 324 4596 iudicarit
