2948 5206
132 109 180 172 roni
198 105 400 171 familiaritas
423 111 504 185 erat,
528 107 656 173 eadem.
669 111 739 171 erat
762 106 831 171 sine
852 96 955 171 'dubio
979 126 1053 170 cum
1076 107 1158 189 ipso,
1189 108 1299 186 ,Cice-

132 233 216 278 ronem
244 213 340 277 unice
371 213 541 296 diligente¹⁴
581 212 661 296 (Nec
692 235 729 276 ex
760 232 793 277 eo
816 233 907 277 amor
929 215 1012 277 inter
1042 234 1099 277 noa
1127 222 1298 297 traluceat,

83 354 85 377 !
133 319 170 384 ud
185 319 260 404 qood
282 327 353 383 erat
375 327 460 384 aare
483 327 511 384 et
533 341 677 404 mopnus,
700 327 871 404 propterea
898 320 1022 383 ocellum
1039 323 1218 403 periodum
1236 343 1299 407 pro

134 447 166 489 m
181 426 264 490 odire
286 425 457 504 dubitarit,
487 427 531 491 ad
553 426 644 491 Fam.
668 426 735 504 XII,
760 422 833 506 29);
863 431 976 491 contra
998 431 1086 493 recte
1109 429 1194 494 filius
1219 429 1299 494 ado-

134 532 226 597 lescens
248 532 439 597 Ciceronem
462 533 613 598 dilexisse
641 533 759 597 dicitur
785 536 919 615 propter
948 533 1111 599 Ciceronis
1142 536 1299 617 etpatris

136 639 235 715 lrmiae,
257 638 444 721 aequalium,
469 640 734 703 familiaritatem.
781 639 996 705 Scribendum
1021 645 1071 705 est
1094 642 1206 723 igitur:
1231 663 1300 726 quoe

135 744 189 807 our
207 766 273 809 orm
290 753 388 829 patre
411 747 478 810 eius
501 752 580 810 erot.
621 744 730 823 Quum
754 746 943 811 aberratum
968 751 1067 812 esset:
1091 769 1161 811 cum
1182 748 1299 830 fratre,

136 855 240 933 utraque
262 853 425 933 scriptura
447 852 480 915 in
505 851 615 916 codice
638 856 822 916 nostrorum
851 858 987 933 parente
1008 853 1182 919 coniuncta
1206 857 1265 918 est.
1276 849 1301 935 ¹)

196 957 228 1024 G.
252 959 303 1035 13,
336 959 379 1022 29
409 959 530 1024 nollem
559 958 713 1036 OrelliuS‚
749 959 879 1023 deserta
907 959 1044 1023 Manutii
1072 962 1105 1023 et
1134 960 1300 1024 Garatonii

137 1066 297 1141 dilectura,
332 1085 433 1147 quarn
467 1067 500 1130 in
536 1065 659 1130 maiore
694 1064 834 1129 editione
869 1069 1001 1129 secutus
1029 1071 1101 1130 erat
1130 1064 1210 1147 (aine
1238 1068 1303 1130 ulto

136 1168 231 1252 iudicio,
263 1169 387 1253 aliem),
422 1172 514 1237 Bakii
548 1172 724 1254 recepisset
758 1169 838 1252 (aine
872 1171 935 1234 ullo
963 1171 1081 1235 iudicio
1111 1180 1146 1236 ut
1174 1173 1302 1255 edicto);
1316 1188 1356 1231 uc

136 1293 188 1340 un
206 1297 309 1360 neque
333 1277 566 1343 coniunctionis
590 1279 748 1343 iterandae
772 1280 837 1343 ulla
861 1282 932 1342 erat
955 1298 1064 1356 causa,
1101 1298 1201 1360 quum
1231 1280 1301 1344 sola

137 1384 208 1448 verba
226 1386 273 1449 rei
295 1384 520 1466 indignitatem
545 1384 751 1450 ostendentia
773 1385 987 1462 variarentur,
1012 1405 1129 1450 necea
1149 1386 1302 1451 coniunc-

136 1487 226 1555 tioillo
246 1491 319 1555 loco
342 1492 419 1572 poni
442 1494 580 1572 poterat,
604 1491 661 1555 ubi
682 1493 962 1557 coacervationem
980 1492 1108 1556 illorum
1126 1493 1301 1558 verborum

136 1591 320 1679 interrumpit.
378 1597 503 1679 Aperta
537 1601 587 1661 est
621 1617 720 1662 causa
755 1597 876 1662 additae
911 1598 943 1662 in
979 1599 1089 1663 codice
1124 1600 1302 1683 archetypo

135 1704 285 1781 prticulae,
326 1703 361 1767 in
400 1723 466 1785 qua
499 1705 608 1769 nescio
643 1723 701 1768 cur
734 1705 794 1768 viri
828 1704 915 1769 docti
949 1709 1019 1770 tam
1052 1705 1192 1788 religiosi
1227 1706 1302 1783 sint,

136 1823 209 1887 quum
228 1810 319 1876 initio
343 1810 440 1874 huius
463 1810 578 1892 capitis
601 1810 776 1891 repetitum
801 1831 820 1875 a
849 1812 981 1877 librario
1010 1833 1070 1896 quo
1096 1816 1184 1877 recte
1214 1811 1303 1876 dele·
1418 1840 1420 1846 ·

136 1915 221 1981 redut.

198 2023 230 2088 C.
254 2023 312 2100 13,
345 2024 387 2088 31
421 2024 523 2088 codex
553 2023 655 2088 Vatic.
687 2042 761 2086 cum
794 2025 992 2106 reliquorum
1025 2025 1172 2091 codicum
1206 2023 1304 2107 (Par,

132 2120 234 2208 Remu,
257 2127 400 2211 Oxonn.)
424 2132 602 2212 archetypo
625 2129 830 2193 consentiam
854 2132 939 2213 cogit
961 2132 1119 2196 scribere:
1144 2131 1306 2216 quidhoc

133 2248 184 2297 neo
201 2238 300 2301 oratio
323 2244 390 2300 tom
413 2237 507 2320 toppo
531 2243 586 2300 aad
608 2245 674 2300 tom
698 2237 759 2299 olto
783 2239 915 2319 repet-ito
939 2239 1019 2314 velit,
1048 2259 1108 2320 pro
1138 2258 1186 2316 eu,
1217 2239 1306 2320 quod

83 2362 86 2413 ι
131 2333 287 2426 Hrrvagius
310 2345 436 2425 primus
460 2344 569 2421 edidit,
593 2351 659 2407 tam
682 2344 777 2427 longo
801 2364 839 2406 ac
860 2351 927 2407 tom
951 2345 1028 2420 otte,
1052 2364 1112 2408 nec
1130 2344 1185 2407 illa
1203 2345 1305 2426 scrip·

83 2448 87 2509 t
132 2445 188 2513 bra
205 2452 328 2516 ratione
352 2458 452 2514 caret.
498 2449 784 2528 Quemadmodum
813 2450 900 2514 enim
923 2452 956 2514 in
985 2450 1144 2532 negativis
1172 2455 1305 2515 senten·
1413 2525 1417 2533 ¹

83 2518 86 2549 Ι
132 2550 173 2617 tiis
189 2557 286 2621 Latini
310 2576 400 2638 saepe
422 2557 620 2638 disiungunt,
645 2577 718 2638 quae
742 2557 836 2620 nobis
860 2557 1085 2639 coniungenda
1109 2553 1304 2637 videntum),

134 2658 168 2722 sic
183 2663 260 2728 idem
284 2664 317 2728 ln
341 2665 510 2730 sententiis
534 2664 771 2746 interrogativis
792 2664 835 2727 ud
853 2665 1058 2746 negationem
1076 2665 1306 2729 inclinantibus

134 2771 176 2831 aul
198 2771 467 2854 improbationem
499 2771 755 2853 significantibus
786 2771 856 2834 fieri
888 2770 1026 2847 videtur,
1063 2770 1118 2833 ubi
1154 2770 1307 2852 distingui

83 2926 85 2931 .
135 2877 255 2943 notiones
277 2882 366 2943 recte
390 2879 531 2960 possint;
560 2897 620 2942 nec
648 2878 753 2942 oratio
776 2877 873 2958 longa
896 2896 1026 2958 semper
1050 2881 1100 2941 est
1123 2877 1188 2941 alte
1213 2896 1306 2958 repe·

136 2975 187 3043 iila
225 2983 280 3048 illo
302 2985 412 3066 priore
434 2986 533 3050 modo
557 2985 742 3049 defenditur
766 2984 850 3047 inira
879 3002 906 3046 c.
930 2983 983 3060 46,
1015 2983 1093 3047 100:
1130 2983 1225 3046 Harw
1255 3003 1308 3067 epo

139 3082 210 3169 vico,
239 3088 370 3171 iudices,
405 3092 434 3154 ei
461 3099 517 3154 out
545 3113 694 3176 asperum
722 3098 814 3176 utque
843 3089 981 3152 arduom
1012 3097 1067 3153 out
1085 3090 1215 3173 plenam
1245 3110 1309 3152 esse

138 3193 321 3268 nouorum
355 3204 423 3260 aut
456 3197 652 3262 insidiarum
685 3218 802 3282 nepem,
838 3198 984 3273 meritior,
1020 3196 1076 3259 ubi
1112 3195 1307 3260 Garatonius

143 3308 189 3361 rou
215 3302 392 3385 ignorabat,
427 3306 499 3368 haec
535 3303 687 3386 distingui
723 3304 831 3385 aliquo
866 3303 964 3367 modo
999 3322 1105 3384 posse,
1142 3302 1201 3366 sed
1234 3303 1308 3367 ideo

147 3406 211 3486 “ique
237 3410 432 3492 requirebat,
467 3410 556 3492 quod
589 3412 623 3474 in
658 3410 875 3475 alfimiatione
910 3409 1095 3474 necessario
1131 3409 1309 3472 diceretur:

148 3505 215 3584 lbra
232 3523 271 3580 ot
287 3518 388 3600 peric.
419 3524 511 3602 atque
533 3516 739 3580 insidiarum.
785 3517 959 3598 Superiore
988 3535 1084 3579 versu
1108 3515 1209 3579 Vatic.
1235 3534 1310 3579 cum

154 3604 226 3681 Petis.
243 3617 387 3705 (Naug.):
410 3644 449 3686 nc
472 3624 543 3708 quia
565 3630 701 3687 oestrum
723 3623 816 3704 forte.

83 3780 96 3788 -ι
160 3764 376 3790 χ*-

88 3876 92 3880 *
180 3868 195 3939 ‘l
206 3877 330 3955 benagius
349 3888 428 3956 quasi
448 3904 539 3942 errore
559 3888 696 3941 intellecto
715 3888 800 3941 edidit
822 3887 892 3952 (sive
916 3888 954 3940 ita
973 3889 1027 3940 iam
1047 3886 1075 3940 in
1094 3887 1200 3940 Talenti
1220 3885 1312 3940 codice

212 3966 267 4036 luitl:
282 3994 336 4045 quoe
358 3978 525 4042 cumfratre
543 3978 611 4028 milri
628 3979 667 4028 ool
686 3995 746 4030 rum
760 3985 842 4045 putre
861 3980 918 4029 eius
937 3985 1003 4029 crat.

186 4042 255 4111 'llll
270 4063 360 4134 disput.
379 4066 413 4120 de
432 4065 508 4120 Verr.
528 4081 611 4133 supra
630 4082 656 4133 p.
675 4064 727 4117 344
748 4074 803 4119 not.

1063 4152 1098 4204 23
