2956 5190
752 288 816 352 174

132 512 172 550 su
185 504 298 550 secure
322 484 456 562 adscita,
488 503 625 566 quorum
649 483 753 547 multa
783 484 853 566 ipse
883 485 998 565 postea
1026 479 1226 563 repudiavit,
1255 482 1288 543 et
1309 478 1375 545 obn

185 592 306 656 tradita
328 611 395 656 non
417 591 501 655 bene
524 586 834 672 permiscuemnt¹);
869 591 902 653 in
929 588 1049 663 multis,
1078 589 1126 663 ut,
1155 585 1250 669 qnod
1271 586 1375 663 sentio,

186 699 302 775 dicam,
327 696 476 761 desidero
499 696 703 761 subtiliorem
726 695 884 760 sermonis
907 695 1025 759 veteris
1043 695 1267 776 cognitionem
1289 697 1323 757 et
1340 692 1378 757 ad

186 805 255 869 eius
279 804 366 886 leges
389 805 582 887 scriptorum
603 803 691 867 locos
708 805 804 866 caute
821 800 1003 884 explicandi
1019 799 1254 885 tractandique
1271 802 1377 864 artem.
1419 792 1421 835 ἓ

186 911 327 975 Omnino
352 914 472 985 autem,
508 929 582 991 quae
610 909 652 973 sit
679 909 800 973 utiliter
823 908 977 991 opinandi
1000 909 1034 972 in
1056 906 1281 989 antiquissimi
1303 908 1378 969 tem·

187 1018 274 1099 poris
308 1017 463 1080 institutis
497 1017 591 1093 ratio,
627 1034 743 1099 parum
779 1014 1002 1079 considerasse
1035 1013 1201 1078 videntur.
1257 1012 1306 1078 Ea
1335 1016 1379 1077 est

188 1124 274 1188 enim
298 1123 432 1187 demum
453 1126 543 1187 recta
566 1122 720 1204 opinatio,
744 1140 828 1203 quae,
857 1121 1004 1203 prolecta
1026 1120 1069 1185 ab
1093 1120 1241 1185 evidenti
1265 1118 1379 1185 refuta

187 1233 274 1296 tione
297 1231 438 1312 vulgaris
461 1230 656 1293 narrationis
679 1228 871 1310 plerumque
898 1226 963 1292 iam
986 1226 1093 1310 ipsius,
1111 1226 1332 1309 discrepantis
1350 1230 1379 1291 et

189 1336 381 1402 testimoniis
413 1335 578 1412 convictae,
614 1335 755 1400 collectis
787 1338 820 1399 et
849 1334 1037 1417 ponderatis
1069 1334 1281 1411 testimoniis,
1314 1352 1378 1417 que
1419 1386 1421 1407 ,

189 1448 278 1508 certa
301 1463 373 1507 esse
402 1447 435 1507 et
462 1442 586 1524 antiqui
618 1441 739 1523 aliquid
774 1442 939 1505 continere
973 1440 1156 1517 videantur,
1192 1444 1229 1505 et
1264 1439 1377 1505 indiciis
1418 1476 1421 1523 j

189 1549 346 1624 obscuris,
376 1550 517 1630 primum
545 1550 616 1612 haec
639 1551 672 1612 et
695 1548 823 1630 singula
844 1546 1057 1630 probabiliter
1080 1547 1225 1629 explicat
1250 1551 1284 1611 et
1304 1548 1377 1612 inter
1419 1542 1421 1575 ²

190 1675 225 1720 se
248 1656 405 1731 conciliat,
430 1658 501 1719 tum
524 1655 567 1719 ab
590 1674 700 1719 rerum
723 1659 842 1720 natura
865 1655 993 1730 eteius,
1019 1653 1060 1718 de
1076 1672 1144 1735 qua
1164 1654 1285 1736 agitur,
1307 1656 1375 1718 aeu-

189 1763 230 1825 tis
253 1763 381 1844 ingenio
403 1781 469 1826 non
492 1761 633 1839 aberrat,
658 1761 775 1826 deinde
798 1761 964 1826 subsecuti
984 1760 1139 1842 temporis
1162 1760 1373 1826 institutorum

188 1869 372 1932 naturalem
387 1868 543 1950 originem
560 1888 600 1932 ex
615 1869 671 1932 illa
694 1873 803 1933 vetere
828 1869 932 1933 forma
956 1871 989 1931 et
1005 1885 1217 1949 progressum
1236 1866 1375 1950 vestigia·

189 1994 251 2056 que
285 1975 397 2039 relicta
432 1975 648 2053 demonstrat,
684 1977 754 2039 tum
788 1976 834 2038 ita
868 1975 1009 2039 universi
1043 1977 1147 2038 status
1178 1973 1306 2056 antiqui
1330 1992 1373 2038 ra·
1419 2006 1421 2045 ι

189 2082 310 2145 tionem
345 2081 455 2157 habet,
491 2084 528 2146 ut
561 2101 626 2146 non
660 2101 763 2146 unum
797 2081 840 2145 ab
875 2082 977 2145 altero
1012 2080 1185 2162 discrepet,
1221 2086 1374 2163 postremo
1418 2054 1421 2145 l

189 2187 341 2264 ostendit,
365 2189 420 2269 qui
443 2188 565 2252 factum
589 2189 640 2265 sit,
665 2192 702 2252 ut
725 2188 818 2252 aliter
841 2188 936 2270 vulgo
959 2187 1155 2252 traderetur.

165 2317 177 2353 n
281 2294 349 2357 lam
373 2293 400 2358 si
424 2295 562 2377 exempli
586 2315 686 2360 causa
709 2315 775 2359 una
797 2294 906 2376 aliqua
934 2313 994 2358 nec
1017 2313 1121 2376 parva
1143 2312 1223 2376 pars
1247 2291 1375 2375 antiqui·

189 2400 266 2464 tatis
293 2400 453 2465 Romanae
484 2402 683 2465 nominanda
712 2405 770 2477 est,
807 2400 897 2465 cuius
925 2400 1064 2482 cognitio
1091 2399 1138 2463 ita
1165 2401 1376 2464 recentiorum

190 2506 464 2589 disputationibus
487 2508 599 2572 adiuta
622 2509 673 2585 sit,
698 2511 735 2571 ut
756 2511 869 2571 tamen
892 2510 926 2572 et
947 2511 1072 2571 restent
1087 2526 1153 2570 non
1170 2525 1281 2588 pauca
1298 2524 1377 2587 que

190 2613 292 2677 renda
316 2617 349 2677 et
371 2615 523 2678 universa
545 2616 592 2679 rei
616 2614 797 2696 explicatio,
822 2613 958 2677 sublatis
982 2612 1179 2677 abolitarum
1196 2612 1377 2695 opinionum

190 2720 343 2802 reliquiis,
367 2721 459 2786 novis
483 2723 620 2786 inventis
644 2722 728 2786 inter
751 2740 786 2785 se
804 2720 979 2785 conciliatis
998 2723 1031 2784 et
1048 2719 1268 2800 amplificatis,
1293 2718 1377 2802 musi

191 2828 415 2911 componenda
438 2829 488 2904 sit,
513 2830 652 2893 occurrit
674 2829 746 2910 ipsa
769 2828 894 2909 imperii
912 2826 1053 2890 Romani
1075 2826 1137 2890 sub
1160 2826 1259 2890 unius
1277 2823 1379 2908 populi

191 2935 369 3011 dominatu,
388 2938 516 2999 servato
534 2936 676 3017 partium
695 2933 888 3010 discrimine,
913 2933 1123 2998 coalescentis
1141 2932 1379 3014 conglutinatio,

190 3041 423 3122 hominumque
447 3044 479 3105 et
502 3041 656 3117 locorum,
682 3040 798 3122 quibus
822 3040 854 3103 id
879 3040 1060 3118 constabat,
1085 3038 1217 3103 diversa
1240 3038 1381 3104 condicio

192 3151 224 3211 et
246 3147 306 3211 ius.

204 3290 227 3295 --.
234 3289 454 3296 -——.-.-—.--..--

262 3374 338 3428 initio
357 3375 548 3444 disputationis
567 3392 623 3429 suae
643 3373 679 3444 (p.
693 3374 738 3442 26)
757 3393 861 3440 eorum,
880 3376 928 3444 qui
945 3377 1047 3429 σιύἱὺιιε
1059 3376 1118 3429 iure
1131 3375 1282 3440 inferiores,
1302 3374 1385 3429 serris

262 3470 355 3517 tamen
374 3470 401 3517 et
415 3467 569 3532 peregrinis
587 3466 740 3533 superiores
763 3471 862 3526 essent,
890 3466 948 3519 haec
972 3465 1094 3534 quinque
1115 3480 1217 3533 genera
1240 3464 1320 3534 ponit
1337 3464 1385 3518 hoe

263 3550 321 3621 ipso
340 3552 442 3618 ordine,
462 3556 621 3622 Manneipee,
640 3556 763 3621 Latinos,
782 3556 900 3618 Italicos,
923 3556 1043 3621 Gelonos,
1063 3555 1257 3608 Provinciales.
1294 3554 1385 3621 Quum

263 3641 426 3695 Ammianus
453 3643 625 3697 Marcellinus
648 3642 727 3709 (xvi,
752 3642 780 3708 5)
807 3644 879 3712 leges
905 3643 954 3696 Xll
982 3644 1139 3697 tabularum
1166 3658 1386 3696 commemorans

263 3731 365 3800 aliquid
388 3731 421 3784 de
440 3731 581 3795 axonibus,
611 3733 638 3785 in
666 3732 767 3800 quibus
795 3732 901 3800 scriptae
924 3737 1002 3786 erant
1026 3733 1098 3801 leges
1122 3731 1238 3794 Solonis
1267 3730 1386 3793 dirisset,

263 3820 306 3877 hic
320 3820 454 3888 populum
472 3824 608 3875 Acaunum
627 3820 716 3875 effecit
735 3824 770 3889 (p.
791 3819 861 3886 105).
898 3820 1003 3874 Similia
1022 3826 1120 3874 cetera.
1148 3819 1208 3873 Non
1226 3818 1388 3888 attigissem,

263 3910 314 3963 nisi
333 3910 406 3962 hunc
430 3909 530 3963 librum
549 3910 708 3975 Haeremus,
737 3911 767 3964 ll.
787 3910 833 3974 cl,
861 3910 961 3979 scripta
984 3910 1143 3978 praelatione
1167 3909 1389 3963 commendamet

263 4005 290 4052 et
309 3998 353 4051 alii
374 3998 428 4050 iam
448 3999 569 4062 citarent,
590 4005 620 4053 ut
639 4000 731 4069 plures
748 4000 783 4052 ad
802 4003 910 4067 tempus
930 3999 957 4051 in
977 4016 1009 4052 eo
1027 3999 1142 4067 legendo
1161 3998 1304 4053 ueletiam
1318 3998 1388 4051 rein·

263 4089 346 4141 tando
365 4087 535 4155 perdendum
555 4088 663 4142 invitari
683 4088 835 4142 videantur.

221 4174 242 4241 ¹)
261 4177 302 4230 Fit
321 4178 348 4230 id
367 4194 439 4245 sape
458 4177 485 4229 in
505 4194 537 4231 eo
555 4177 633 4241 libro,
661 4194 743 4246 quem
769 4177 796 4229 in
819 4181 965 4230 comment.
985 4176 1018 4229 de
1038 4176 1096 4228 loco
1115 4175 1252 4229 Ciceronis
1271 4175 1301 4229 in
1318 4175 1389 4229 libro

264 4267 298 4318 lV
322 4267 355 4320 de
375 4267 406 4319 R.
427 4266 455 4319 P.
475 4267 688 4320 commemoravi
712 4283 794 4335 supra
817 4284 842 4334 p.
864 4265 904 4319 73.
947 4262 1018 4331 [Non
1042 4264 1135 4318 deerat
1158 4265 1210 4317 hoc
1232 4265 1294 4319 loco
1316 4280 1388 4318 nova

263 4355 394 4422 querendi
414 4355 549 4417 materies,
569 4356 651 4410 etiam
670 4356 705 4408 de
724 4356 763 4419 iis,
783 4355 830 4423 qui
848 4354 1026 4408 aNiebubrio
1046 4352 1236 4407 dissentientes
1254 4353 1315 4407 aliis
1329 4369 1389 4407 rem

264 4445 351 4497 modis
370 4444 487 4513 aggressi
506 4449 582 4503 sunt;
602 4445 650 4497 sed
669 4461 702 4497 ea
720 4460 792 4498 nunc
812 4461 867 4498 non
886 4450 955 4498 utor.
994 4440 1083 4509 1834]
