2956 5190
697 272 762 377 599

127 469 292 536 &conius
314 473 411 534 vocat
439 468 484 533 ad
506 472 588 534 orat.
613 468 709 535 Corn.
733 489 765 552 p.
789 468 831 533 98
855 467 943 547 Hot,
978 469 1023 535 ad
1050 469 1199 535 tribunos
1228 470 1328 537 etiam

128 578 264 642 rorarios
299 592 374 641 eam
409 575 661 658 appellationem
696 575 958 655 accommodans,
994 577 1082 659 quod
1116 576 1194 641 facit
1229 577 1328 643 etiarn

128 688 325 765 personatus
348 682 521 748 Sallustius
552 682 585 746 iu
617 682 755 765 epistola
785 682 852 746 sive
885 681 1122 748 declamatione
1154 682 1258 749 altera
1287 684 1328 750 de

128 789 314 855 ordinanda
344 809 381 854 re
412 789 503 872 publ.
528 809 556 854 o.
581 789 612 853 3.
662 784 744 853 Haec
775 789 838 853 tria
869 788 1013 853 iudicum
1044 809 1164 873 genera
1187 790 1330 855 servavit

129 895 192 962 Cn.
215 896 399 979 Pompeius,
423 915 524 980 quum
548 896 667 961 iterum
688 894 801 960 consul
817 893 860 976 (a.
877 891 934 976 55)
956 896 1061 978 legem
1084 896 1158 962 tulit
1181 896 1222 961 de
1245 897 1329 962 iudi·

130 1002 200 1080 ciiS,
235 1022 334 1085 quam
363 1002 476 1069 Cicero
504 1003 537 1067 in
566 1003 713 1068 oratione
742 1001 776 1066 in
803 1001 955 1066 Pisonem
980 1021 1007 1066 c.
1031 1002 1084 1080 39,
1113 1002 1158 1067 94
1185 1023 1330 1069 comnm-

128 1113 240 1174 morat
263 1113 296 1174 et
317 1109 360 1174 ad
384 1129 459 1174 curn
482 1108 589 1174 locum
605 1109 765 1173 Asconius
772 1103 810 1190 ¹),
835 1108 889 1190 qui
905 1108 1081 1178 ostendunt
1096 1129 1171 1174 carn
1188 1110 1329 1175 maxime
1343 1125 1384 1168 ue
1459 1134 1465 1149 ·

130 1234 172 1280 eo
195 1219 372 1305 spectasse,
408 1219 445 1280 ut
475 1215 658 1299 diligentius
690 1220 723 1280 et
753 1217 891 1280 certiore
920 1216 1046 1281 ratione
1077 1235 1118 1280 ex
1147 1217 1198 1281 his
1226 1216 1331 1281 tribus

132 1305 313 1386 ordinibus
336 1322 485 1388 homines
519 1324 553 1387 in
587 1324 699 1388 album
728 1323 871 1388 iudicum
899 1323 1094 1388 selectorum
1122 1323 1330 1402 referrentur,

130 1447 234 1510 quum
270 1432 368 1493 antea
402 1430 436 1493 in
464 1448 504 1493 ea
534 1450 570 1494 re
593 1430 697 1495 libera
731 1430 880 1513 pratoris
915 1430 1042 1507 urbani,
1077 1428 1175 1494 iurati
1209 1433 1330 1507 tamen,

203 1694 328 1749 tribunos
357 1694 467 1748 ararios
497 1694 627 1749 omittens
646 1691 902 1763 [,quemadmodum
926 1694 1008 1748 etiam
1032 1693 1097 1748 tacit
1119 1711 1169 1764 pro
1192 1695 1269 1750 l'ont.
1288 1694 1332 1761 16,

203 1779 258 1849 36].
296 1782 413 1836 Eosdem
432 1783 535 1838 omittit
553 1783 673 1837 Velleius
691 1784 724 1848 ΙΙ,
743 1778 778 1835 32
801 1781 893 1849 (Cotto
916 1784 1058 1835 iudicandi
1074 1800 1174 1837 munus
1192 1784 1333 1851 aquatus

203 1875 275 1926 inter
292 1880 438 1942 utrumque
455 1875 585 1938 ordinem,
603 1876 731 1927 senatum
750 1877 778 1926 et
790 1871 904 1940 equites,
919 1872 1044 1939 partitus
1061 1869 1111 1940 eat)
1129 1876 1157 1925 et
1169 1872 1333 1927 Plutarchus

203 1961 299 2029 Pomp.
318 1958 361 2025 22,
390 1960 437 2029 qni
465 1961 603 2031 equitibus
630 1961 737 2015 reddita
764 1960 864 2014 indicia
891 1959 983 2013 scribit
1011 1953 1070 2025 (uic
1097 1958 1175 2018 δίκας
1201 1958 1334 2029 περιεῖδεν

203 2042 287 2105 αὖθις
304 2048 342 2106 εἰς
364 2045 425 2105 τούς
447 2049 543 2107 ἱππέας
566 2045 641 2120 νόμῳ
665 2051 892 2118 μεταφερομένας.
930 2048 1074 2103 Εῐῃθεῑίιιε
1101 2048 1130 2103 in
1157 2048 1213 2103 ind.
1240 2050 1334 2118 legum

203 2138 272 2192 mire
291 2139 349 2192 hac
368 2138 453 2192 verba
470 2139 505 2193 ad
525 2155 586 2193 eam
605 2139 695 2207 legem
714 2138 805 2201 refert,
825 2154 910 2206 quam
929 2137 1076 2206 Pompeius
1095 2137 1123 2195 in
1136 2138 1258 2192 secundo
1271 2155 1333 2193 con·

203 2228 295 2280 sedatu
314 2222 396 2290 tulit).
434 2226 584 2280 Asconium
603 2226 812 2295 suppositicium
838 2227 872 2283 ad
895 2227 954 2280 init.
973 2228 1033 2280 Act.
1052 2227 1064 2279 Ι
1083 2225 1112 2280 in
1130 2227 1206 2282 Verr.
1225 2226 1261 2297 (p.
1281 2227 1334 2281 127

203 2311 254 2370 Or,
271 2317 349 2370 Cotto
367 2316 449 2383 lepem
462 2317 658 2384 promntpordt
675 2318 707 2369 de
728 2317 903 2369 restituendis
924 2318 1035 2370 iudiciis
1052 2319 1170 2384 aqueum
1185 2315 1288 2383 ordine]
1306 2322 1335 2372 et

203 2405 378 2458 scholiastam
403 2404 608 2461 Gronovianum
632 2406 669 2459 ad
690 2404 751 2459 Act
770 2405 795 2468 l,
820 2403 833 2454 l
858 2403 897 2473 (p.
916 2403 968 2457 386
991 2402 1056 2470 On),
1084 2404 1131 2473 qui
1154 2405 1249 2474 paucis
1272 2410 1334 2475 post

204 2493 329 2548 versibus
347 2493 471 2547 tribunos
490 2495 574 2559 addit,
603 2510 659 2549 nou
683 2511 757 2559 curo,
785 2510 820 2547 ne
838 2493 964 2546 Tacitum
983 2493 1103 2562 quidem,
1131 2494 1179 2562 qui
1197 2494 1269 2549 Anu.
1288 2493 1333 2561 Xl,

203 2580 238 2634 22
257 2599 317 2636 rem
335 2581 432 2636 leviter
450 2582 595 2651 attingens,
620 2583 726 2652 equites
746 2582 846 2637 iudicia
863 2598 1048 2650 recuperasse,
1071 2598 1172 2651 parum
1191 2582 1335 2653 diligenter

204 2671 305 2735 scribit,
335 2675 467 2739 tanquam
486 2671 545 2735 soli,
573 2677 604 2725 ut
626 2676 691 2726 ante
714 2671 828 2733 Sullam,
856 2670 1004 2735 tenuerint,
1031 2676 1080 2724 sut
1102 2671 1242 2739 epitomen
1265 2672 1335 2727 Livii

204 2759 267 2812 libri
285 2758 388 2812 XCVII.
426 2760 528 2814 Verum
548 2760 642 2815 Cicero
665 2761 749 2815 etiem
774 2761 801 2814 in
820 2759 949 2823 Verriuis,
974 2775 1035 2828 que
1057 2760 1157 2828 partim
1177 2766 1238 2815 tum
1256 2762 1336 2816 dicta

205 2853 284 2909 sunt,
314 2863 401 2916 quum
428 2847 472 2901 lex
500 2848 585 2902 Cotta
613 2850 836 2918 exspectabatur,
864 2849 963 2918 partim
992 2853 1053 2903 turn
1080 2848 1159 2902 diota
1185 2850 1335 2919 finguntur,

205 2953 292 3004 quum
315 2936 359 2989 lex
382 2936 555 3004 promulgata
577 2943 657 3004 esset,
685 2954 741 2991 uon
765 2937 864 3001 solum,
892 2936 940 2991 ubi
964 2937 1098 3002 universe,
1127 2939 1193 3007 quid
1216 2940 1335 3009 populus
1362 2945 1365 2955 ’

205 3026 306 3094 cupiat,
324 3024 458 3093 siguificat
478 3023 607 3090 (Divinat.
627 3026 651 3092 3,
676 3023 709 3081 8:
738 3029 804 3081 ordo
828 3043 932 3094 quoque
950 3027 1031 3089 aliua
1055 3031 1083 3079 et
1101 3027 1161 3081 Act.
1180 3029 1200 3092 l,
1221 3028 1263 3093 16,
1287 3027 1335 3083 49:

207 3116 292 3167 atium
315 3117 423 3168 omnino
446 3115 592 3181 ordinem),
620 3116 668 3169 sed
692 3116 775 3170 etiam
799 3115 846 3169 ubi
869 3115 955 3184 ipsius
977 3115 1044 3184 legis
1068 3122 1270 3184 argumentum,
1297 3117 1337 3171 ita

208 3202 337 3271 loquitur,
366 3208 498 3271 tauquam
519 3204 553 3256 de
572 3203 637 3257 solis
655 3203 793 3272 equitibus
812 3209 916 3271 agatur,
944 3220 1000 3258 uon
1020 3205 1053 3258 de
1073 3204 1153 3258 tertio
1171 3204 1219 3259 illo
1236 3221 1336 3274 genere

209 3292 382 3345 tribunorum
402 3291 459 3356 (lib.
480 3292 512 3356 ll,
533 3291 575 3356 71,
595 3291 655 3357 174,
675 3293 706 3357 V,
730 3292 773 3356 69,
799 3291 859 3357 177,
883 3293 1004 3347 maxime
1022 3298 1115 3347 autem
1134 3294 1181 3359 ΠΙ,
1204 3294 1246 3357 96,
1270 3293 1335 3348 223ε

205 3397 262 3434 rem
281 3382 420 3448 publicam
444 3384 539 3434 timere
561 3389 641 3449 nepot
659 3398 753 3449 poste,
781 3384 837 3434 nisi
859 3383 896 3435 od
919 3389 1066 3451 equemrem
1089 3385 1211 3437 ordinem
1233 3386 1337 3438 iudicio

207 3468 384 3537 referantur).
421 3470 486 3523 llaec
504 3486 589 3538 quam
608 3469 818 3538 explicationem
836 3470 965 3536 babeant,
984 3471 1067 3540 paulo
1085 3476 1147 3541 post
1165 3472 1278 3526 dicetur.

165 3555 189 3623 ¹)
207 3558 345 3613 Ciceronis
364 3559 422 3612 hac
441 3559 524 3612 verba
543 3564 620 3613 suut:
648 3560 755 3628 Ecquid
772 3560 853 3624 eides,
881 3562 976 3628 ecquid
998 3563 1088 3627 centu,
1116 3562 1170 3628 iope
1187 3563 1337 3615 iudiciario

209 3649 279 3716 lota,
309 3664 376 3717 quoe
394 3649 509 3715 posthoc
531 3650 633 3702 iudices
656 3651 742 3701 aimus
765 3649 907 3701 nanuum
941 3649 1002 3702 Non
1024 3666 1098 3717 oque
1120 3646 1210 3714 (scrib.
1237 3646 1336 3718 Neque)

206 3738 315 3804 leuetur,
343 3739 468 3805 quiaquia
494 3739 615 3804 uoluerit,
643 3753 698 3803 nec,
726 3739 850 3805 quiaquia
876 3739 1001 3801 noluerit,
1028 3755 1083 3791 non
1109 3739 1218 3805 homar.
1262 3740 1339 3792 Nulli

207 3828 384 3879 conficientur
402 3828 432 3878 in
450 3827 528 3878 iilum
546 3828 676 3893 ordinent,
695 3826 766 3878 nulii
782 3828 947 3889 eximantur,¹
964 3843 1020 3881 non
1037 3828 1147 3881 ombdio
1160 3829 1197 3880 od
1207 3831 1337 3895 pretium,

206 3931 261 3968 non
278 3917 412 3982 iniquitas
430 3916 466 3968 od
486 3916 684 3968 simulationem
703 3917 866 3969 mnuoiuur.
895 3916 972 3980 (llaec
991 3919 1114 3971 extrema
1132 3921 1261 3984 corrupta
1278 3932 1338 3970 eme

207 4008 333 4072 apparet;
353 4003 508 4057 emendatio
528 4002 677 4072 probabilis
695 4003 819 4057 nondum
839 4010 948 4072 reperta
965 4003 1025 4070 est.)
1054 4006 1161 4058 Iudices
1179 4006 1339 4059 iudicatum

208 4096 236 4160 ii,
260 4109 327 4161 quoa
344 4094 388 4145 lex
402 4077 475 4160 ‘ipsa
499 4109 554 4146 non
571 4109 639 4160 quoe
656 4093 795 4146 bominum
813 4092 895 4147 iibido
913 4094 1045 4160 aduenit.
1083 4093 1216 4147 Asconius
1235 4099 1338 4160 autem,

209 4182 361 4250 Pompeius,
391 4181 488 4249 inquit,
511 4182 706 4250 momuioooit,
733 4187 764 4233 ut
791 4183 960 4249 amplissimo
986 4199 1020 4235 σω
1047 4198 1128 4235 enuu
1151 4198 1184 4235 ex
1208 4186 1339 4238 centuriis

207 4272 287 4324 oiim
305 4278 385 4339 atque
404 4278 466 4323 anm
483 4271 545 4323 teeti
562 4272 671 4337 iudices,
695 4287 770 4338 oque
786 4277 877 4322 tantm
895 4287 929 4323 eo:
946 4271 1002 4324 tilia
1020 4271 1108 4323 tribue
1125 4272 1276 4337 ordinibue,
1294 4288 1339 4326 ree

207 4361 368 4412 laudarent.
406 4358 468 4426 Qua
485 4359 591 4414 ratione
610 4375 644 4412 eu
661 4361 792 4412 centuriis
814 4358 878 4412 lecti
902 4359 966 4423 sint,
993 4375 1049 4413 non
1072 4357 1166 4427 liquet.
1204 4355 1248 4426 [In
1266 4359 1339 4414 Cice·

208 4448 282 4501 rouis
305 4449 365 4502 loco
388 4449 564 4503 scribendum
588 4463 660 4503 esse:
688 4464 743 4502 non
772 4450 904 4515 iniquum
930 4450 968 4502 od
989 4449 1185 4502 oemumiorum
1208 4451 1341 4504 comitetur

208 4536 264 4589 dixi
282 4536 352 4591 Adv.
372 4537 436 4591 crit.
455 4537 494 4590 ΙΙΙ
512 4554 538 4606 p.
559 4533 632 4604 148]
