2948 5206
685 281 747 344 521

118 499 195 544 rum
218 482 252 543 et
275 477 440 541 diversum
464 477 542 559 legis
571 479 680 557 caput,
716 475 749 539 in
780 495 845 557 quo
877 495 942 540 una
974 479 1050 558 apta
1081 480 1130 540 est
1159 478 1317 558 particula

121 587 192 649 iarn.
246 584 427 648 Lenissima
458 581 646 647 adhibenda
678 582 834 647 correctio
867 586 926 655 est,
962 587 998 647 ut
1029 582 1100 646 fiat:
1136 583 1317 647 credidisse.

120 691 192 756 lam
215 695 277 756 cet.
313 690 387 754 Non
409 689 455 753 ita
478 708 553 753 raro
576 688 647 753 haec
670 689 858 753 terminatio
881 689 1029 754 infinitivi
1054 693 1087 753 et
1110 689 1165 753 sed
1182 691 1318 755 confuu-

121 798 250 863 duntur.
285 797 399 878 ltaque
421 794 506 859 intra
522 815 549 858 c.
566 794 619 873 25,
644 795 687 858 62
703 814 816 859 omnes
839 797 909 860 iure
926 796 1036 872 edunt,
1062 797 1242 862 Manutium
1266 817 1318 862 se·

121 909 273 989 suentes:
297 902 394 967 vides.
419 901 482 965 Sed
506 925 563 977 -;
588 902 620 965 in
644 901 810 966 codicibus
835 906 885 966 est
907 903 1032 966 vidisse.

205 1011 243 1077 C.
270 1010 320 1087 16,
353 1009 394 1072 41
420 1011 454 1072 et
476 1027 504 1071 c.
530 1008 581 1083 17,
614 1008 668 1086 42,
702 1008 758 1072 ubi
789 1007 901 1073 Cicero
934 1009 1068 1074 deorum
1099 1011 1251 1077 iudicium
1278 1014 1318 1077 de

119 1119 246 1184 violatis
265 1115 484 1198 religionibus
515 1114 549 1178 in
580 1134 639 1180 suo
671 1134 750 1179 casu
782 1116 975 1196 apparuisse
1006 1115 1098 1195 dicit,
1135 1139 1236 1201 quum
1271 1121 1317 1184 sic

117 1225 329 1290 scriberetur:
363 1223 514 1307 velimque
537 1221 603 1302 loc,
638 1221 720 1306 quod
747 1222 870 1306 loquar,
905 1220 969 1286 diis
990 1223 1221 1290 immortalibus
1242 1246 1317 1311 qra-

115 1340 183 1397 tum
200 1331 311 1416 potius
332 1329 437 1393 rideri
465 1349 560 1414 quam
586 1349 694 1413 prosc.
744 1327 860 1392 Omnia
887 1335 952 1391 turn
975 1329 1176 1413 perditorum
1204 1333 1316 1395 ciclum

115 1439 245 1520 scelere,
287 1436 424 1501 discessu
462 1455 543 1516 meo,
584 1435 771 1519 raliqicnum
812 1436 886 1498 iura
921 1436 1046 1519 polluta
1084 1443 1171 1518 suut,
1214 1441 1318 1502 cenati

116 1547 218 1610 samri
241 1543 345 1608 Lares
365 1543 559 1625 familiares,
583 1543 618 1604 in
642 1562 748 1605 eornm
771 1540 896 1606 sedibus
919 1541 1147 1624 moedificatum
1170 1545 1316 1628 templum

117 1652 280 1734 Licerclioe,
310 1651 425 1734 pulsum
459 1670 480 1712 a
515 1648 654 1712 delubris
687 1648 725 1729 is,
756 1648 810 1732 qui
838 1648 895 1711 illc
923 1657 1078 1713 servarat.
1127 1649 1316 1735 Circumspi-

116 1761 175 1823 citc
196 1758 340 1822 celeriter
355 1757 462 1820 crcimo
486 1755 582 1834 (nihil
605 1755 688 1829 enim
707 1755 826 1835 attinet,
850 1775 1035 1840 quemquam
1052 1757 1239 1838 norninari),
1263 1761 1318 1843 qui

116 1867 180 1931 sint
202 1884 312 1928 rerum
335 1865 436 1927 caitus
459 1863 611 1926 consecuti
640 1896 680 1905 -
709 1881 811 1943 quum
840 1862 895 1935 sic,
931 1863 1074 1943 inquam,
1110 1862 1315 1940 scriberetur,

117 1972 278 2037 Victorius
302 1974 336 2034 et
359 1970 412 2034 alii
436 1969 562 2032 lacunae
585 1971 697 2033 notam
722 1971 795 2050 post
816 1988 915 2051 prum
931 1972 1124 2050 posuerunt;
1149 1988 1222 2033 earn
1239 1969 1316 2034 Goe-
1374 1979 1378 1987 '

119 2081 245 2145 renzius
269 2082 301 2143 et
326 2076 516 2141 Schuetzius
539 2075 750 2152 sustulerunt,
775 2075 863 2156 quod
887 2075 964 2139 nihil
990 2075 1134 2151 deesset;
1165 2075 1316 2159 Wytten-

119 2183 254 2248 bachius
289 2202 389 2247 unum
425 2182 620 2246 vocabulum
658 2181 835 2244 hominibus
870 2181 1047 2246 desiderari
1080 2181 1248 2257 iudicavit;
1283 2183 1316 2246 iu

119 2310 182 2372 quo
209 2292 273 2355 hoc
300 2291 417 2367 sensit,
451 2309 549 2373 prave
577 2288 620 2352 ad
648 2287 727 2352 deos
757 2307 823 2351 non
852 2291 938 2351 recte
968 2289 1091 2365 referri,
1127 2288 1181 2370 qui
1217 2308 1315 2371 supra

120 2397 359 2460 mutentionem
384 2397 486 2460 evecti
511 2399 630 2472 essent,
656 2394 698 2458 ad
721 2393 870 2459 homines
894 2396 1065 2476 pertinere,
1096 2396 1151 2476 qui
1174 2396 1316 2477 superbe

121 2521 155 2567 se
178 2503 387 2567 extollentem
412 2503 465 2566 vix
489 2502 620 2566 ferrent.
668 2501 733 2564 Sed
764 2520 864 2582 quam
897 2505 1023 2564 veteres
1054 2501 1098 2565 illi
1130 2501 1238 2565 iudicii
1266 2502 1315 2566 sui

119 2628 253 2675 causam
287 2609 496 2685 habuissent,
531 2628 628 2672 nemo
658 2607 786 2670 videtur
818 2608 1102 2684 animadvertisse,
1139 2608 1200 2671 nisi
1228 2609 1316 2689 quod
1331 2630 1369 2670 ns

119 2715 301 2798 Wagnerus
325 2716 421 2780 haesit
443 2715 476 2778 in
499 2715 659 2796 particula
682 2722 757 2778 tunc.
805 2714 851 2777 Ea
876 2715 961 2777 enim
991 2714 1036 2778 sic
1065 2715 1206 2796 ponitur,
1241 2719 1314 2779 tan·

119 2841 216 2904 quam
241 2822 353 2886 Cicero
388 2826 512 2885 certum
548 2825 677 2902 tempus
713 2823 778 2885 iam
813 2820 1050 2902 significaverit.
1097 2822 1197 2903 Atqui
1230 2842 1315 2903 prae·

119 2929 287 3010 paratione
312 2947 388 2992 usus
413 2932 471 3005 est,
504 2928 649 2992 dicturus
673 2927 713 2991 de
737 2947 772 2990 se
795 2927 865 3008 ipse
888 2927 1075 3009 gloriosius;
1109 2928 1314 2992 nullamdum

119 3056 185 3101 rem
210 3039 335 3119 gestam
361 3054 514 3098 casumve
538 3034 816 3098 commemoravit.
862 3034 976 3115 ltaque
1007 3034 1166 3098 Victorius
1197 3039 1231 3098 et
1261 3035 1315 3099 alii

119 3142 273 3225 temporis
306 3141 406 3217 illius,
442 3161 507 3221 quo
542 3141 695 3222 expulsus
731 3144 830 3217 esset,
866 3139 1135 3222 significationem
1170 3140 1315 3222 aliquam

119 3250 322 3331 praecessisse
345 3247 522 3329 putabant3
558 3265 618 3310 nec
645 3251 754 3328 potest
782 3247 875 3310 aliter
902 3248 1011 3323 statui,
1047 3249 1073 3311 si
1100 3254 1164 3310 tum
1188 3247 1313 3310 rectum

120 3360 177 3420 est.
186 3352 212 3437 ¹)
259 3356 300 3418 Εῖ
322 3359 434 3418 tamen
457 3354 484 3416 si
508 3353 552 3416 sic
583 3353 747 3430 statuitur,
784 3353 932 3417 abundat
959 3353 1097 3417 discessu
1126 3374 1202 3416 nico.
1249 3353 1314 3417 Sed

119 3463 172 3545 qui
203 3460 381 3526 attenderit
409 3460 451 3524 ad
480 3460 635 3524 orationis
670 3460 820 3535 formam,
856 3464 1026 3540 praeterea,
1062 3464 1098 3523 ut
1131 3480 1217 3524 nunc
1253 3465 1312 3535 est,

117 3571 190 3650 post
216 3567 451 3650 Circumspicitc
473 3566 506 3629 in
530 3566 620 3630 initio
643 3584 736 3629 novae
765 3566 944 3643 sententiae,
981 3567 1038 3629 ubi
1067 3572 1142 3648 post
1173 3569 1312 3648 primam

115 3674 312 3738 narrationis
334 3677 462 3754 partem
487 3674 647 3750 iubentur,
673 3672 727 3753 qui
751 3672 897 3748 audiunt,
923 3672 1048 3736 animos
1069 3674 1246 3737 transferre
1271 3674 1312 3737 ad

115 3780 157 3858 id,
182 3780 273 3862 quod
295 3780 412 3844 deinde
437 3784 647 3844 consecutum
671 3781 722 3855 sit,
748 3779 947 3843 desiderabit
970 3783 1027 3843 aut
1050 3781 1115 3841 ianr
1140 3783 1196 3843 aut
1220 3801 1311 3842 παῖε.

115 3887 244 3952 Scilicet
267 3888 338 3950 haec
362 3887 474 3952 Cicero
499 3887 711 3951 coniunxerat
740 3886 801 3948 boc
833 3884 946 3949 modo:
984 3886 1086 3964 Qrcrrm
1112 3887 1310 3968 perditorum

115 3995 231 4058 cisium
265 3994 387 4075 scelere,
423 3993 560 4057 discessu
595 4013 661 4055 nico
698 3993 883 4074 relipionum
912 3993 987 4054 iura
1011 3993 1134 4074 polluta
1163 4000 1245 4072 suut,
1271 4027 1310 4035 -

115 4101 226 4166 bulcus
249 4121 271 4162 a
294 4098 433 4164 delubris
456 4102 494 4182 is,
523 4102 577 4184 qui
601 4100 658 4162 illa
687 4106 842 4178 seruarat,
873 4100 1101 4182 circumspicite
1125 4103 1184 4161 cet.
1232 4099 1312 4162 Haec

131 4348 157 4419 ¹)
178 4348 286 4417 Lepide
304 4347 426 4401 bioserus
452 4348 546 4411 ,Tum
570 4347 666 4415 inquit,
696 4346 823 4408 universe
847 4346 1038 4399 continuandae
1061 4345 1210 4399 narrationi
1230 4344 1311 4398 inser·

180 4433 251 4491 vii.“
288 4436 373 4504 Atqui
392 4452 503 4490 narrare
523 4436 645 4489 nondum
665 4436 758 4489 Cicero
777 4441 902 4504 coeperat.
