<?xml version="1.0" encoding="UTF-8"?>
<!DOCTYPE html PUBLIC "-//W3C//DTD XHTML 1.0 Transitional//EN"
    "http://www.w3.org/TR/xhtml1/DTD/xhtml1-transitional.dtd">
<html xmlns="http://www.w3.org/1999/xhtml" xml:lang="en" lang="en">
 <head>
  <title>
</title>
<meta http-equiv="Content-Type" content="text/html;charset=utf-8" />
  <meta name='ocr-system' content='tesseract 3.04.00' />
  <meta name='ocr-capabilities' content='ocr_page ocr_carea ocr_par ocr_line ocrx_word'/>
</head>
<body>
  <div class='ocr_page' id='page_1' title='image "./ionicolaimadvig02madvgoog_0140.png"; bbox 0 0 2948 5206; ppageno 0'>
   <div class='ocr_carea' id='block_1_1' title="bbox 563 326 733 408">
    <p class='ocr_par' dir='ltr' id='par_1_1' title="bbox 563 326 733 408">
     <span class='ocr_line' id='line_1_1' title="bbox 563 326 733 408; baseline -0.006 -18"><span class='ocrx_word' id='word_1_1' title='bbox 563 402 566 408; x_wconf 52' lang='grc'>,</span> <span class='ocrx_word' id='word_1_2' title='bbox 672 326 733 390; x_wconf 76' lang='lat'>117</span> 
     </span>
    </p>
   </div>
   <div class='ocr_carea' id='block_1_2' title="bbox 149 522 1300 1034">
    <p class='ocr_par' dir='ltr' id='par_1_2' title="bbox 149 522 1300 1034">
     <span class='ocr_line' id='line_1_2' title="bbox 150 522 1299 606; baseline -0.003 -14"><span class='ocrx_word' id='word_1_3' title='bbox 150 526 282 592; x_wconf 67' lang='lat' dir='ltr'>antara</span> <span class='ocrx_word' id='word_1_4' title='bbox 296 523 466 606; x_wconf 74' lang='lat' dir='ltr'>infamia?</span> <span class='ocrx_word' id='word_1_5' title='bbox 486 523 546 588; x_wconf 89' lang='lat' dir='ltr'>sed</span> <span class='ocrx_word' id='word_1_6' title='bbox 563 523 603 586; x_wconf 90' lang='lat' dir='ltr'>de</span> <span class='ocrx_word' id='word_1_7' title='bbox 620 522 799 604; x_wconf 90' lang='lat' dir='ltr'>posteriore</span> <span class='ocrx_word' id='word_1_8' title='bbox 817 526 912 603; x_wconf 87' lang='lat' dir='ltr'>parte</span> <span class='ocrx_word' id='word_1_9' title='bbox 929 522 1104 587; x_wconf 87' lang='lat' dir='ltr'>verborum</span> <span class='ocrx_word' id='word_1_10' title='bbox 1121 523 1299 589; x_wconf 87' lang='lat' dir='ltr'>admodum</span> 
     </span>
     <span class='ocr_line' id='line_1_3' title="bbox 150 627 1299 713; baseline -0.002 -15"><span class='ocrx_word' id='word_1_11' title='bbox 150 632 317 707; x_wconf 84' lang='lat' dir='ltr'>dissentimt;</span> <span class='ocrx_word' id='word_1_12' title='bbox 352 650 452 713; x_wconf 88' lang='lat' dir='ltr'>quam</span> <span class='ocrx_word' id='word_1_13' title='bbox 479 628 626 695; x_wconf 88' lang='lat' dir='ltr'>nonnulli</span> <span class='ocrx_word' id='word_1_14' title='bbox 649 629 747 710; x_wconf 88' lang='lat' dir='ltr'>plane</span> <span class='ocrx_word' id='word_1_15' title='bbox 770 627 909 705; x_wconf 87' lang='lat' dir='ltr'>eiiciunt,</span> <span class='ocrx_word' id='word_1_16' title='bbox 945 647 1011 692; x_wconf 91' lang='lat' dir='ltr'>non</span> <span class='ocrx_word' id='word_1_17' title='bbox 1038 629 1117 693; x_wconf 87' lang='lat' dir='ltr'>satis</span> <span class='ocrx_word' id='word_1_18' title='bbox 1146 630 1299 711; x_wconf 87' lang='lat' dir='ltr'>gravibus</span> 
     </span>
     <span class='ocr_line' id='line_1_4' title="bbox 149 734 1299 822; baseline 0 -19"><span class='ocrx_word' id='word_1_19' title='bbox 149 738 304 822; x_wconf 64' lang='lat' dir='ltr'>monentis</span> <span class='ocrx_word' id='word_1_20' title='bbox 331 740 471 802; x_wconf 89' lang='lat' dir='ltr'>utentes.</span> <span class='ocrx_word' id='word_1_21' title='bbox 517 735 602 800; x_wconf 89' lang='lat' dir='ltr'>Nam</span> <span class='ocrx_word' id='word_1_22' title='bbox 631 736 720 817; x_wconf 87' lang='lat' dir='ltr'>quod</span> <span class='ocrx_word' id='word_1_23' title='bbox 751 734 890 799; x_wconf 86' lang='lat' dir='ltr'>similem</span> <span class='ocrx_word' id='word_1_24' title='bbox 921 737 1060 817; x_wconf 89' lang='lat' dir='ltr'>utraque</span> <span class='ocrx_word' id='word_1_25' title='bbox 1090 735 1299 820; x_wconf 84' lang='lat' dir='ltr'>interrogatio</span> 
     </span>
     <span class='ocr_line' id='line_1_5' title="bbox 149 840 1298 922; baseline -0.001 -11"><span class='ocrx_word' id='word_1_26' title='bbox 149 864 245 911; x_wconf 87' lang='lat' dir='ltr'>sensum</span> <span class='ocrx_word' id='word_1_27' title='bbox 263 843 372 922; x_wconf 89' lang='lat' dir='ltr'>habet,</span> <span class='ocrx_word' id='word_1_28' title='bbox 408 862 473 908; x_wconf 91' lang='lat' dir='ltr'>non</span> <span class='ocrx_word' id='word_1_29' title='bbox 502 846 552 907; x_wconf 92' lang='lat' dir='ltr'>est</span> <span class='ocrx_word' id='word_1_30' title='bbox 579 846 691 907; x_wconf 87' lang='lat' dir='ltr'>tamen</span> <span class='ocrx_word' id='word_1_31' title='bbox 714 843 817 919; x_wconf 89' lang='lat' dir='ltr'>idem;</span> <span class='ocrx_word' id='word_1_32' title='bbox 852 840 957 905; x_wconf 91' lang='lat' dir='ltr'>multa</span> <span class='ocrx_word' id='word_1_33' title='bbox 979 849 1056 906; x_wconf 89' lang='lat' dir='ltr'>sunt</span> <span class='ocrx_word' id='word_1_34' title='bbox 1080 844 1166 908; x_wconf 88' lang='lat' dir='ltr'>enim</span> <span class='ocrx_word' id='word_1_35' title='bbox 1189 865 1298 911; x_wconf 89' lang='lat' dir='ltr'>rerum</span> 
     </span>
     <span class='ocr_line' id='line_1_6' title="bbox 149 948 1300 1034; baseline 0.002 -19"><span class='ocrx_word' id='word_1_36' title='bbox 149 953 308 1033; x_wconf 82' lang='lat' dir='ltr'>privatarum</span> <span class='ocrx_word' id='word_1_37' title='bbox 332 950 504 1026; x_wconf 87' lang='lat' dir='ltr'>dedecora,</span> <span class='ocrx_word' id='word_1_38' title='bbox 527 953 565 1013; x_wconf 93' lang='lat' dir='ltr'>ut</span> <span class='ocrx_word' id='word_1_39' title='bbox 587 969 632 1014; x_wconf 75' lang='lat' dir='ltr'>aas</span> <span class='ocrx_word' id='word_1_40' title='bbox 657 948 809 1026; x_wconf 89' lang='lat' dir='ltr'>alienum,</span> <span class='ocrx_word' id='word_1_41' title='bbox 834 949 977 1026; x_wconf 80' lang='lat' dir='ltr'>fraudes,</span> <span class='ocrx_word' id='word_1_42' title='bbox 1001 948 1135 1029; x_wconf 81' lang='lat' dir='ltr'>iniuriae,</span> <span class='ocrx_word' id='word_1_43' title='bbox 1159 972 1233 1034; x_wconf 86' lang='lat' dir='ltr'>quae</span> <span class='ocrx_word' id='word_1_44' title='bbox 1256 954 1300 1017; x_wconf 90' lang='lat' dir='ltr'>ad</span> 
     </span>
    </p>
   </div>
   <div class='ocr_carea' id='block_1_3' title="bbox 132 1055 1354 4015">
    <p class='ocr_par' dir='ltr' id='par_1_3' title="bbox 132 1055 1354 4015">
     <span class='ocr_line' id='line_1_7' title="bbox 149 1055 1300 1140; baseline 0.003 -20"><span class='ocrx_word' id='word_1_45' title='bbox 149 1057 320 1122; x_wconf 81' lang='lat' dir='ltr'>domesticam</span> <span class='ocrx_word' id='word_1_46' title='bbox 343 1055 578 1138; x_wconf 73' lang='lat' dir='ltr'>turpitudinem</span> <span class='ocrx_word' id='word_1_47' title='bbox 601 1075 667 1121; x_wconf 92' lang='lat' dir='ltr'>non</span> <span class='ocrx_word' id='word_1_48' title='bbox 690 1056 863 1139; x_wconf 76' lang='lat' dir='ltr'>pertinent.</span> <span class='ocrx_word' id='word_1_49' title='bbox 899 1055 972 1120; x_wconf 83' lang='lat' dir='ltr'>Alio</span> <span class='ocrx_word' id='word_1_50' title='bbox 995 1057 1093 1122; x_wconf 92' lang='lat' dir='ltr'>modo</span> <span class='ocrx_word' id='word_1_51' title='bbox 1110 1057 1208 1140; x_wconf 90' lang='lat' dir='ltr'>paulo</span> <span class='ocrx_word' id='word_1_52' title='bbox 1225 1062 1300 1140; x_wconf 91' lang='lat' dir='ltr'>post</span> 
     </span>
     <span class='ocr_line' id='line_1_8' title="bbox 147 1162 1298 1240; baseline 0.001 -12"><span class='ocrx_word' id='word_1_53' title='bbox 147 1163 213 1228; x_wconf 87' lang='lat' dir='ltr'>ruina</span> <span class='ocrx_word' id='word_1_54' title='bbox 225 1163 430 1229; x_wconf 84' lang='lat' dir='ltr'>lomunarum</span> <span class='ocrx_word' id='word_1_55' title='bbox 450 1165 733 1240; x_wconf 87' lang='lat' dir='ltr'>commemoratur,</span> <span class='ocrx_word' id='word_1_56' title='bbox 757 1170 795 1226; x_wconf 89' lang='lat' dir='ltr'>ut</span> <span class='ocrx_word' id='word_1_57' title='bbox 806 1162 980 1228; x_wconf 85' lang='lat' dir='ltr'>difficultas</span> <span class='ocrx_word' id='word_1_58' title='bbox 994 1164 1172 1230; x_wconf 86' lang='lat' dir='ltr'>domestica</span> <span class='ocrx_word' id='word_1_59' title='bbox 1188 1167 1298 1230; x_wconf 91' lang='lat' dir='ltr'>osten·</span> 
     </span>
     <span class='ocr_line' id='line_1_9' title="bbox 147 1267 1300 1355; baseline 0.003 -23"><span class='ocrx_word' id='word_1_60' title='bbox 147 1269 222 1335; x_wconf 86' lang='lat' dir='ltr'>datur.</span> <span class='ocrx_word' id='word_1_61' title='bbox 259 1270 331 1353; x_wconf 92' lang='lat' dir='ltr'>lpse</span> <span class='ocrx_word' id='word_1_62' title='bbox 354 1268 464 1334; x_wconf 84' lang='lat' dir='ltr'>orator</span> <span class='ocrx_word' id='word_1_63' title='bbox 487 1269 585 1350; x_wconf 93' lang='lat' dir='ltr'>paulo</span> <span class='ocrx_word' id='word_1_64' title='bbox 613 1267 698 1332; x_wconf 83' lang='lat' dir='ltr'>infra</span> <span class='ocrx_word' id='word_1_65' title='bbox 722 1269 888 1352; x_wconf 60' lang='lat' dir='ltr'>moutam</span> <span class='ocrx_word' id='word_1_66' title='bbox 918 1272 1126 1355; x_wconf 76' lang='lat' dir='ltr'>ignominiam</span> <span class='ocrx_word' id='word_1_67' title='bbox 1152 1271 1300 1335; x_wconf 81' lang='lat' dir='ltr'>vitiorum</span> 
     </span>
     <span class='ocr_line' id='line_1_10' title="bbox 146 1374 1300 1460; baseline 0.003 -23"><span class='ocrx_word' id='word_1_68' title='bbox 146 1378 169 1437; x_wconf 85' lang='lat' dir='ltr'>et</span> <span class='ocrx_word' id='word_1_69' title='bbox 191 1375 371 1441; x_wconf 57' lang='lat' dir='ltr'>demetiam</span> <span class='ocrx_word' id='word_1_70' title='bbox 405 1374 626 1458; x_wconf 78' lang='lat' dir='ltr'>difficultatem</span> <span class='ocrx_word' id='word_1_71' title='bbox 665 1395 703 1439; x_wconf 83' lang='lat' dir='ltr'>ac</span> <span class='ocrx_word' id='word_1_72' title='bbox 735 1376 963 1458; x_wconf 63' lang='lat' dir='ltr'>turpitudinem</span> <span class='ocrx_word' id='word_1_73' title='bbox 1002 1377 1175 1460; x_wconf 89' lang='lat' dir='ltr'>coniungit.</span> <span class='ocrx_word' id='word_1_74' title='bbox 1232 1378 1300 1442; x_wconf 87' lang='lat' dir='ltr'>Neo</span> 
     </span>
     <span class='ocr_line' id='line_1_11' title="bbox 144 1482 1300 1565; baseline 0.003 -20"><span class='ocrx_word' id='word_1_75' title='bbox 144 1500 240 1564; x_wconf 69' lang='lat' dir='ltr'>anper</span> <span class='ocrx_word' id='word_1_76' title='bbox 270 1482 392 1562; x_wconf 84' lang='lat' dir='ltr'>Cicero,</span> <span class='ocrx_word' id='word_1_77' title='bbox 427 1482 485 1547; x_wconf 94' lang='lat' dir='ltr'>ubi</span> <span class='ocrx_word' id='word_1_78' title='bbox 517 1482 703 1547; x_wconf 90' lang='lat' dir='ltr'>huiusmodi</span> <span class='ocrx_word' id='word_1_79' title='bbox 739 1483 1044 1565; x_wconf 77' lang='lat' dir='ltr'>interrogationibus</span> <span class='ocrx_word' id='word_1_80' title='bbox 1075 1484 1300 1548; x_wconf 88' lang='lat' dir='ltr'>adversarium</span> 
     </span>
     <span class='ocr_line' id='line_1_12' title="bbox 144 1588 1300 1672; baseline 0.005 -23"><span class='ocrx_word' id='word_1_81' title='bbox 144 1592 210 1668; x_wconf 84' lang='lat' dir='ltr'>urget</span> <span class='ocrx_word' id='word_1_82' title='bbox 237 1593 290 1654; x_wconf 91' lang='lat' dir='ltr'>aut</span> <span class='ocrx_word' id='word_1_83' title='bbox 324 1608 395 1655; x_wconf 86' lang='lat' dir='ltr'>rem</span> <span class='ocrx_word' id='word_1_84' title='bbox 429 1590 613 1672; x_wconf 78' lang='lat' dir='ltr'>exaggerat,</span> <span class='ocrx_word' id='word_1_85' title='bbox 650 1588 819 1671; x_wconf 84' lang='lat' dir='ltr'>diligenter</span> <span class='ocrx_word' id='word_1_86' title='bbox 853 1609 905 1654; x_wconf 90' lang='lat' dir='ltr'>res</span> <span class='ocrx_word' id='word_1_87' title='bbox 941 1590 1103 1654; x_wconf 84' lang='lat' dir='ltr'>discernit.</span> <span class='ocrx_word' id='word_1_88' title='bbox 1153 1591 1300 1655; x_wconf 89' lang='lat' dir='ltr'>Retineri</span> 
     </span>
     <span class='ocr_line' id='line_1_13' title="bbox 144 1695 1299 1762; baseline 0.005 -7"><span class='ocrx_word' id='word_1_89' title='bbox 144 1696 222 1758; x_wconf 85' lang='lat' dir='ltr'>auten</span> <span class='ocrx_word' id='word_1_90' title='bbox 241 1696 310 1760; x_wconf 76' lang='lat' dir='ltr'>brec</span> <span class='ocrx_word' id='word_1_91' title='bbox 339 1696 441 1760; x_wconf 89' lang='lat' dir='ltr'>verba</span> <span class='ocrx_word' id='word_1_92' title='bbox 468 1695 590 1760; x_wconf 90' lang='lat' dir='ltr'>debent</span> <span class='ocrx_word' id='word_1_93' title='bbox 621 1695 720 1761; x_wconf 88' lang='lat' dir='ltr'>etiarn</span> <span class='ocrx_word' id='word_1_94' title='bbox 752 1697 977 1762; x_wconf 83' lang='lat' dir='ltr'>concinnitatis</span> <span class='ocrx_word' id='word_1_95' title='bbox 1007 1698 1158 1762; x_wconf 67' lang='lat' dir='ltr'>oratoriae</span> <span class='ocrx_word' id='word_1_96' title='bbox 1189 1716 1299 1762; x_wconf 86' lang='lat' dir='ltr'>causa.</span> 
     </span>
     <span class='ocr_line' id='line_1_14' title="bbox 144 1796 1300 1886; baseline 0.003 -22"><span class='ocrx_word' id='word_1_97' title='bbox 144 1796 268 1875; x_wconf 77' lang='lat' dir='ltr'>Quatmr</span> <span class='ocrx_word' id='word_1_98' title='bbox 306 1803 394 1866; x_wconf 92' lang='lat' dir='ltr'>enim</span> <span class='ocrx_word' id='word_1_99' title='bbox 433 1801 740 1884; x_wconf 88' lang='lat' dir='ltr'>interrogationibus</span> <span class='ocrx_word' id='word_1_100' title='bbox 774 1803 949 1869; x_wconf 84' lang='lat' dir='ltr'>Catilinam</span> <span class='ocrx_word' id='word_1_101' title='bbox 983 1806 1077 1886; x_wconf 89' lang='lat' dir='ltr'>urget</span> <span class='ocrx_word' id='word_1_102' title='bbox 1111 1802 1179 1885; x_wconf 86' lang='lat' dir='ltr'>(illa</span> <span class='ocrx_word' id='word_1_103' title='bbox 1214 1803 1300 1867; x_wconf 90' lang='lat' dir='ltr'>enim</span> 
     </span>
     <span class='ocr_line' id='line_1_15' title="bbox 144 1907 1300 1992; baseline 0.001 -19"><span class='ocrx_word' id='word_1_104' title='bbox 144 1907 198 1988; x_wconf 68' lang='lat' dir='ltr'>uid</span> <span class='ocrx_word' id='word_1_105' title='bbox 213 1909 302 1973; x_wconf 78' lang='lat' dir='ltr'>cero?</span> <span class='ocrx_word' id='word_1_106' title='bbox 322 1913 384 1973; x_wconf 89' lang='lat' dir='ltr'>cet.</span> <span class='ocrx_word' id='word_1_107' title='bbox 414 1908 457 1973; x_wconf 94' lang='lat' dir='ltr'>ad</span> <span class='ocrx_word' id='word_1_108' title='bbox 484 1928 585 1972; x_wconf 90' lang='lat' dir='ltr'>unam</span> <span class='ocrx_word' id='word_1_109' title='bbox 614 1912 737 1974; x_wconf 88' lang='lat' dir='ltr'>certam</span> <span class='ocrx_word' id='word_1_110' title='bbox 766 1930 835 1975; x_wconf 89' lang='lat' dir='ltr'>rem</span> <span class='ocrx_word' id='word_1_111' title='bbox 865 1907 1016 1991; x_wconf 86' lang='lat' dir='ltr'>spectat),</span> <span class='ocrx_word' id='word_1_112' title='bbox 1051 1928 1191 1992; x_wconf 88' lang='lat' dir='ltr'>quarum</span> <span class='ocrx_word' id='word_1_113' title='bbox 1213 1909 1300 1974; x_wconf 88' lang='lat' dir='ltr'>binae</span> 
     </span>
     <span class='ocr_line' id='line_1_16' title="bbox 142 2000 1354 2096; baseline 0.003 -19"><span class='ocrx_word' id='word_1_114' title='bbox 142 2011 231 2080; x_wconf 86' lang='lat' dir='ltr'>sinies</span> <span class='ocrx_word' id='word_1_115' title='bbox 256 2019 333 2081; x_wconf 90' lang='lat' dir='ltr'>sunt</span> <span class='ocrx_word' id='word_1_116' title='bbox 361 2000 467 2080; x_wconf 84' lang='lat' dir='ltr'>lorma</span> <span class='ocrx_word' id='word_1_117' title='bbox 496 2019 529 2079; x_wconf 90' lang='lat' dir='ltr'>et</span> <span class='ocrx_word' id='word_1_118' title='bbox 557 2013 683 2078; x_wconf 91' lang='lat' dir='ltr'>ambitu</span> <span class='ocrx_word' id='word_1_119' title='bbox 712 2002 876 2096; x_wconf 89' lang='lat' dir='ltr'>orationis,</span> <span class='ocrx_word' id='word_1_120' title='bbox 913 2015 987 2080; x_wconf 84' lang='lat' dir='ltr'>duae</span> <span class='ocrx_word' id='word_1_121' title='bbox 1016 2015 1190 2095; x_wconf 85' lang='lat' dir='ltr'>breviores,</span> <span class='ocrx_word' id='word_1_122' title='bbox 1226 2017 1299 2081; x_wconf 85' lang='lat' dir='ltr'>duae</span> <span class='ocrx_word' id='word_1_123' title='bbox 1314 2027 1354 2071; x_wconf 66' lang='lat'>1⁴⁵</span> 
     </span>
     <span class='ocr_line' id='line_1_17' title="bbox 141 2116 1300 2206; baseline 0.005 -25"><span class='ocrx_word' id='word_1_124' title='bbox 141 2116 275 2202; x_wconf 88' lang='lat' dir='ltr'>longiores.</span> <span class='ocrx_word' id='word_1_125' title='bbox 321 2123 517 2205; x_wconf 74' lang='lat' dir='ltr'>(bnuptam</span> <span class='ocrx_word' id='word_1_126' title='bbox 541 2124 651 2186; x_wconf 87' lang='lat' dir='ltr'>autem</span> <span class='ocrx_word' id='word_1_127' title='bbox 681 2140 752 2186; x_wconf 89' lang='lat' dir='ltr'>esse</span> <span class='ocrx_word' id='word_1_128' title='bbox 775 2123 979 2206; x_wconf 81' lang='lat' dir='ltr'>scripturam,</span> <span class='ocrx_word' id='word_1_129' title='bbox 1003 2122 1210 2205; x_wconf 89' lang='lat' dir='ltr'>perspicuum</span> <span class='ocrx_word' id='word_1_130' title='bbox 1235 2127 1300 2200; x_wconf 77' lang='lat' dir='ltr'>est3</span> 
     </span>
     <span class='ocr_line' id='line_1_18' title="bbox 140 2227 1301 2313; baseline 0.002 -22"><span class='ocrx_word' id='word_1_131' title='bbox 140 2242 217 2307; x_wconf 71' lang='lat' dir='ltr'>nequ</span> <span class='ocrx_word' id='word_1_132' title='bbox 236 2228 379 2313; x_wconf 85' lang='lat' dir='ltr'>enimin</span> <span class='ocrx_word' id='word_1_133' title='bbox 400 2227 537 2292; x_wconf 89' lang='lat' dir='ltr'>infamia</span> <span class='ocrx_word' id='word_1_134' title='bbox 561 2228 712 2306; x_wconf 68' lang='lat' dir='ltr'>dedecus</span> <span class='ocrx_word' id='word_1_135' title='bbox 743 2229 801 2292; x_wconf 90' lang='lat' dir='ltr'>sed</span> <span class='ocrx_word' id='word_1_136' title='bbox 824 2230 858 2293; x_wconf 92' lang='lat' dir='ltr'>in</span> <span class='ocrx_word' id='word_1_137' title='bbox 881 2228 970 2294; x_wconf 81' lang='lat' dir='ltr'>tama</span> <span class='ocrx_word' id='word_1_138' title='bbox 992 2229 1109 2306; x_wconf 79' lang='lat' dir='ltr'>haeret3</span> <span class='ocrx_word' id='word_1_139' title='bbox 1140 2233 1173 2294; x_wconf 88' lang='lat' dir='ltr'>et</span> <span class='ocrx_word' id='word_1_140' title='bbox 1196 2231 1230 2294; x_wconf 95' lang='lat' dir='ltr'>in</span> <span class='ocrx_word' id='word_1_141' title='bbox 1252 2231 1301 2293; x_wconf 82' lang='lat' dir='ltr'>in·</span> 
     </span>
     <span class='ocr_line' id='line_1_19' title="bbox 139 2329 1300 2418; baseline 0.006 -24"><span class='ocrx_word' id='word_1_142' title='bbox 139 2329 222 2409; x_wconf 78' lang='lat' dir='ltr'>samin</span> <span class='ocrx_word' id='word_1_143' title='bbox 240 2334 401 2400; x_wconf 86' lang='lat' dir='ltr'>vocabulo</span> <span class='ocrx_word' id='word_1_144' title='bbox 424 2335 525 2399; x_wconf 86' lang='lat' dir='ltr'>latere</span> <span class='ocrx_word' id='word_1_145' title='bbox 549 2335 583 2398; x_wconf 81' lang='lat' dir='ltr'>ia</span> <span class='ocrx_word' id='word_1_146' title='bbox 604 2333 697 2416; x_wconf 79' lang='lat' dir='ltr'>famo</span> <span class='ocrx_word' id='word_1_147' title='bbox 720 2335 829 2417; x_wconf 91' lang='lat' dir='ltr'>plures</span> <span class='ocrx_word' id='word_1_148' title='bbox 858 2336 1101 2413; x_wconf 78' lang='lat' dir='ltr'>intellexerunt3</span> <span class='ocrx_word' id='word_1_149' title='bbox 1130 2335 1189 2400; x_wconf 89' lang='lat' dir='ltr'>sed</span> <span class='ocrx_word' id='word_1_150' title='bbox 1211 2336 1300 2418; x_wconf 88' lang='lat' dir='ltr'>origo</span> 
     </span>
     <span class='ocr_line' id='line_1_20' title="bbox 139 2437 1299 2525; baseline 0.007 -25"><span class='ocrx_word' id='word_1_151' title='bbox 139 2437 186 2504; x_wconf 86' lang='lat' dir='ltr'>eins</span> <span class='ocrx_word' id='word_1_152' title='bbox 203 2442 306 2507; x_wconf 89' lang='lat' dir='ltr'>mendi</span> <span class='ocrx_word' id='word_1_153' title='bbox 330 2442 518 2525; x_wconf 86' lang='lat' dir='ltr'>intelligitur</span> <span class='ocrx_word' id='word_1_154' title='bbox 541 2461 581 2505; x_wconf 84' lang='lat' dir='ltr'>ex</span> <span class='ocrx_word' id='word_1_155' title='bbox 605 2441 752 2506; x_wconf 88' lang='lat' dir='ltr'>codicum</span> <span class='ocrx_word' id='word_1_156' title='bbox 781 2442 929 2520; x_wconf 90' lang='lat' dir='ltr'>duorum,</span> <span class='ocrx_word' id='word_1_157' title='bbox 964 2442 1019 2525; x_wconf 87' lang='lat' dir='ltr'>qui</span> <span class='ocrx_word' id='word_1_158' title='bbox 1047 2445 1132 2507; x_wconf 82' lang='lat' dir='ltr'>inter</span> <span class='ocrx_word' id='word_1_159' title='bbox 1159 2442 1299 2525; x_wconf 88' lang='lat' dir='ltr'>optimos</span> 
     </span>
     <span class='ocr_line' id='line_1_21' title="bbox 137 2547 1300 2631; baseline 0.003 -21"><span class='ocrx_word' id='word_1_160' title='bbox 137 2552 198 2626; x_wconf 78' lang='lat' dir='ltr'>suni,</span> <span class='ocrx_word' id='word_1_161' title='bbox 229 2549 426 2631; x_wconf 87' lang='lat' dir='ltr'>Hittorpiani</span> <span class='ocrx_word' id='word_1_162' title='bbox 457 2552 490 2613; x_wconf 92' lang='lat' dir='ltr'>et</span> <span class='ocrx_word' id='word_1_163' title='bbox 519 2547 716 2625; x_wconf 81' lang='lat' dir='ltr'>Fabriciani,</span> <span class='ocrx_word' id='word_1_164' title='bbox 752 2553 785 2612; x_wconf 91' lang='lat' dir='ltr'>et</span> <span class='ocrx_word' id='word_1_165' title='bbox 813 2550 908 2613; x_wconf 89' lang='lat' dir='ltr'>unius</span> <span class='ocrx_word' id='word_1_166' title='bbox 941 2550 1109 2615; x_wconf 90' lang='lat' dir='ltr'>deterioris</span> <span class='ocrx_word' id='word_1_167' title='bbox 1140 2550 1300 2631; x_wconf 84' lang='lat' dir='ltr'>scriptura</span> 
     </span>
     <span class='ocr_line' id='line_1_22' title="bbox 136 2651 1299 2737; baseline 0.007 -26"><span class='ocrx_word' id='word_1_168' title='bbox 136 2651 246 2733; x_wconf 70' lang='lat' dir='ltr'>intraret,</span> <span class='ocrx_word' id='word_1_169' title='bbox 280 2676 355 2737; x_wconf 85' lang='lat' dir='ltr'>quae</span> <span class='ocrx_word' id='word_1_170' title='bbox 390 2657 559 2720; x_wconf 85' lang='lat' dir='ltr'>verissima</span> <span class='ocrx_word' id='word_1_171' title='bbox 594 2659 657 2732; x_wconf 66' lang='lat' dir='ltr'>est,</span> <span class='ocrx_word' id='word_1_172' title='bbox 692 2674 769 2719; x_wconf 90' lang='lat' dir='ltr'>nam</span> <span class='ocrx_word' id='word_1_173' title='bbox 800 2660 933 2737; x_wconf 89' lang='lat' dir='ltr'>propter</span> <span class='ocrx_word' id='word_1_174' title='bbox 963 2656 997 2719; x_wconf 92' lang='lat' dir='ltr'>id</span> <span class='ocrx_word' id='word_1_175' title='bbox 1026 2656 1134 2737; x_wconf 90' lang='lat' dir='ltr'>ipsum</span> <span class='ocrx_word' id='word_1_176' title='bbox 1163 2655 1299 2719; x_wconf 89' lang='lat' dir='ltr'>verbum</span> 
     </span>
     <span class='ocr_line' id='line_1_23' title="bbox 136 2757 1300 2839; baseline 0.006 -19"><span class='ocrx_word' id='word_1_177' title='bbox 136 2757 236 2826; x_wconf 80' lang='lat' dir='ltr'>dativus</span> <span class='ocrx_word' id='word_1_178' title='bbox 269 2763 377 2827; x_wconf 90' lang='lat' dir='ltr'>illatus</span> <span class='ocrx_word' id='word_1_179' title='bbox 413 2765 471 2825; x_wconf 89' lang='lat' dir='ltr'>est.</span> <span class='ocrx_word' id='word_1_180' title='bbox 518 2762 604 2826; x_wconf 88' lang='lat' dir='ltr'>Satis</span> <span class='ocrx_word' id='word_1_181' title='bbox 640 2765 689 2825; x_wconf 89' lang='lat' dir='ltr'>est</span> <span class='ocrx_word' id='word_1_182' title='bbox 724 2762 809 2826; x_wconf 90' lang='lat' dir='ltr'>enim</span> <span class='ocrx_word' id='word_1_183' title='bbox 844 2766 967 2839; x_wconf 90' lang='lat' dir='ltr'>notum,</span> <span class='ocrx_word' id='word_1_184' title='bbox 1004 2762 1191 2826; x_wconf 85' lang='lat' dir='ltr'>Ciceronem</span> <span class='ocrx_word' id='word_1_185' title='bbox 1226 2763 1300 2827; x_wconf 89' lang='lat' dir='ltr'>huic</span> 
     </span>
     <span class='ocr_line' id='line_1_24' title="bbox 134 2867 1299 2951; baseline 0.003 -23"><span class='ocrx_word' id='word_1_186' title='bbox 134 2868 210 2932; x_wconf 78' lang='lat' dir='ltr'>verbo</span> <span class='ocrx_word' id='word_1_187' title='bbox 238 2872 270 2932; x_wconf 89' lang='lat' dir='ltr'>et</span> <span class='ocrx_word' id='word_1_188' title='bbox 301 2869 416 2932; x_wconf 88' lang='lat' dir='ltr'>ceteris</span> <span class='ocrx_word' id='word_1_189' title='bbox 448 2867 563 2931; x_wconf 89' lang='lat' dir='ltr'>eodem</span> <span class='ocrx_word' id='word_1_190' title='bbox 596 2869 692 2933; x_wconf 92' lang='lat' dir='ltr'>modo</span> <span class='ocrx_word' id='word_1_191' title='bbox 722 2870 908 2949; x_wconf 87' lang='lat' dir='ltr'>compositis</span> <span class='ocrx_word' id='word_1_192' title='bbox 936 2870 1198 2951; x_wconf 85' lang='lat' dir='ltr'>praepositionem</span> <span class='ocrx_word' id='word_1_193' title='bbox 1221 2870 1299 2933; x_wconf 89' lang='lat' dir='ltr'>sub·</span> 
     </span>
     <span class='ocr_line' id='line_1_25' title="bbox 133 2971 1300 3058; baseline 0.008 -27"><span class='ocrx_word' id='word_1_194' title='bbox 133 2971 248 3054; x_wconf 86' lang='lat' dir='ltr'>iungere,</span> <span class='ocrx_word' id='word_1_195' title='bbox 272 2994 397 3057; x_wconf 86' lang='lat' dir='ltr'>proque</span> <span class='ocrx_word' id='word_1_196' title='bbox 421 2993 460 3038; x_wconf 90' lang='lat' dir='ltr'>ea</span> <span class='ocrx_word' id='word_1_197' title='bbox 484 2977 646 3038; x_wconf 87' lang='lat' dir='ltr'>structura</span> <span class='ocrx_word' id='word_1_198' title='bbox 670 2995 690 3039; x_wconf 91' lang='lat' dir='ltr'>a</span> <span class='ocrx_word' id='word_1_199' title='bbox 713 2974 852 3039; x_wconf 89' lang='lat' dir='ltr'>librariis</span> <span class='ocrx_word' id='word_1_200' title='bbox 877 2976 943 3040; x_wconf 88' lang='lat' dir='ltr'>lere</span> <span class='ocrx_word' id='word_1_201' title='bbox 967 2976 1113 3039; x_wconf 86' lang='lat' dir='ltr'>dativum</span> <span class='ocrx_word' id='word_1_202' title='bbox 1137 2976 1300 3058; x_wconf 80' lang='lat' dir='ltr'>substitui,</span> 
     </span>
     <span class='ocr_line' id='line_1_26' title="bbox 134 3080 1300 3163; baseline 0.003 -21"><span class='ocrx_word' id='word_1_203' title='bbox 134 3095 187 3156; x_wconf 82' lang='lat' dir='ltr'>que</span> <span class='ocrx_word' id='word_1_204' title='bbox 206 3086 319 3163; x_wconf 87' lang='lat' dir='ltr'>postea</span> <span class='ocrx_word' id='word_1_205' title='bbox 343 3080 541 3162; x_wconf 82' lang='lat' dir='ltr'>frequentior</span> <span class='ocrx_word' id='word_1_206' title='bbox 565 3084 635 3144; x_wconf 89' lang='lat' dir='ltr'>erat</span> <span class='ocrx_word' id='word_1_207' title='bbox 659 3081 780 3157; x_wconf 88' lang='lat' dir='ltr'>lorma;</span> <span class='ocrx_word' id='word_1_208' title='bbox 809 3082 898 3145; x_wconf 87' lang='lat' dir='ltr'>velut</span> <span class='ocrx_word' id='word_1_209' title='bbox 922 3083 1100 3163; x_wconf 86' lang='lat' dir='ltr'>saepissime</span> <span class='ocrx_word' id='word_1_210' title='bbox 1123 3082 1186 3147; x_wconf 92' lang='lat' dir='ltr'>hoc</span> <span class='ocrx_word' id='word_1_211' title='bbox 1209 3082 1245 3145; x_wconf 87' lang='lat' dir='ltr'>fit</span> <span class='ocrx_word' id='word_1_212' title='bbox 1267 3083 1300 3145; x_wconf 93' lang='lat' dir='ltr'>in</span> 
     </span>
     <span class='ocr_line' id='line_1_27' title="bbox 133 3186 1301 3270; baseline 0.008 -27"><span class='ocrx_word' id='word_1_213' title='bbox 133 3186 210 3251; x_wconf 78' lang='lat' dir='ltr'>verbo</span> <span class='ocrx_word' id='word_1_214' title='bbox 230 3187 318 3269; x_wconf 87' lang='lat' dir='ltr'>quod</span> <span class='ocrx_word' id='word_1_215' title='bbox 342 3191 391 3252; x_wconf 88' lang='lat' dir='ltr'>est</span> <span class='ocrx_word' id='word_1_216' title='bbox 414 3188 523 3250; x_wconf 72' lang='lat' dir='ltr'>inciae.</span> <span class='ocrx_word' id='word_1_217' title='bbox 569 3187 692 3269; x_wconf 89' lang='lat' dir='ltr'>ltaque,</span> <span class='ocrx_word' id='word_1_218' title='bbox 728 3192 765 3251; x_wconf 85' lang='lat' dir='ltr'>ut</span> <span class='ocrx_word' id='word_1_219' title='bbox 795 3189 866 3252; x_wconf 90' lang='lat' dir='ltr'>haec</span> <span class='ocrx_word' id='word_1_220' title='bbox 889 3191 1014 3252; x_wconf 90' lang='lat' dir='ltr'>minuta</span> <span class='ocrx_word' id='word_1_221' title='bbox 1038 3188 1178 3270; x_wconf 84' lang='lat' dir='ltr'>exempli</span> <span class='ocrx_word' id='word_1_222' title='bbox 1202 3207 1301 3252; x_wconf 87' lang='lat' dir='ltr'>causa</span> 
     </span>
     <span class='ocr_line' id='line_1_28' title="bbox 132 3291 1300 3377; baseline 0.003 -24"><span class='ocrx_word' id='word_1_223' title='bbox 132 3291 249 3373; x_wconf 82' lang='lat' dir='ltr'>tongam,</span> <span class='ocrx_word' id='word_1_224' title='bbox 273 3298 307 3358; x_wconf 85' lang='lat' dir='ltr'>et</span> <span class='ocrx_word' id='word_1_225' title='bbox 329 3293 363 3357; x_wconf 88' lang='lat' dir='ltr'>in</span> <span class='ocrx_word' id='word_1_226' title='bbox 386 3293 456 3358; x_wconf 81' lang='lat' dir='ltr'>Cat.</span> <span class='ocrx_word' id='word_1_227' title='bbox 481 3293 531 3369; x_wconf 90' lang='lat' dir='ltr'>IV,</span> <span class='ocrx_word' id='word_1_228' title='bbox 558 3295 608 3371; x_wconf 93' lang='grc'>11,</span> <span class='ocrx_word' id='word_1_229' title='bbox 635 3295 686 3371; x_wconf 81' lang='lat'>23,</span> <span class='ocrx_word' id='word_1_230' title='bbox 711 3295 767 3358; x_wconf 92' lang='lat' dir='ltr'>ubi</span> <span class='ocrx_word' id='word_1_231' title='bbox 790 3295 972 3377; x_wconf 83' lang='lat' dir='ltr'>legebatur:</span> <span class='ocrx_word' id='word_1_232' title='bbox 1002 3297 1062 3359; x_wconf 84' lang='lat' dir='ltr'>crit</span> <span class='ocrx_word' id='word_1_233' title='bbox 1084 3297 1194 3359; x_wconf 78' lang='lat' dir='ltr'>cestris</span> <span class='ocrx_word' id='word_1_234' title='bbox 1217 3316 1300 3358; x_wconf 74' lang='lat' dir='ltr'>meic-</span> 
     </span>
     <span class='ocr_line' id='line_1_29' title="bbox 132 3395 1301 3483; baseline 0.003 -22"><span class='ocrx_word' id='word_1_235' title='bbox 132 3395 195 3461; x_wconf 76' lang='lat' dir='ltr'>tilto</span> <span class='ocrx_word' id='word_1_236' title='bbox 214 3400 321 3482; x_wconf 77' lang='lat' dir='ltr'>infixa,</span> <span class='ocrx_word' id='word_1_237' title='bbox 346 3401 442 3479; x_wconf 90' lang='lat' dir='ltr'>edidi,</span> <span class='ocrx_word' id='word_1_238' title='bbox 467 3401 555 3483; x_wconf 90' lang='lat' dir='ltr'>quod</span> <span class='ocrx_word' id='word_1_239' title='bbox 578 3405 648 3464; x_wconf 88' lang='lat' dir='ltr'>erat</span> <span class='ocrx_word' id='word_1_240' title='bbox 671 3402 704 3464; x_wconf 92' lang='lat' dir='ltr'>in</span> <span class='ocrx_word' id='word_1_241' title='bbox 728 3402 867 3466; x_wconf 89' lang='lat' dir='ltr'>editione</span> <span class='ocrx_word' id='word_1_242' title='bbox 884 3422 913 3465; x_wconf 92' lang='lat' dir='ltr'>a.</span> <span class='ocrx_word' id='word_1_243' title='bbox 934 3403 1038 3478; x_wconf 76' lang='lat'>1472,</span> <span class='ocrx_word' id='word_1_244' title='bbox 1052 3403 1112 3465; x_wconf 84' lang='lat' dir='ltr'>erit</span> <span class='ocrx_word' id='word_1_245' title='bbox 1133 3403 1168 3464; x_wconf 79' lang='lat' dir='ltr'>ia</span> <span class='ocrx_word' id='word_1_246' title='bbox 1191 3404 1301 3465; x_wconf 80' lang='lat' dir='ltr'>cestris</span> 
     </span>
     <span class='ocr_line' id='line_1_30' title="bbox 136 3502 1301 3589; baseline 0.005 -25"><span class='ocrx_word' id='word_1_247' title='bbox 136 3502 180 3583; x_wconf 75' lang='lat' dir='ltr'>inf.</span> <span class='ocrx_word' id='word_1_248' title='bbox 200 3528 246 3581; x_wconf 70' lang='lat' dir='ltr'>m,</span> <span class='ocrx_word' id='word_1_249' title='bbox 274 3527 376 3588; x_wconf 88' lang='lat' dir='ltr'>quum</span> <span class='ocrx_word' id='word_1_250' title='bbox 405 3509 440 3571; x_wconf 81' lang='lat' dir='ltr'>ia</span> <span class='ocrx_word' id='word_1_251' title='bbox 466 3509 577 3571; x_wconf 78' lang='lat' dir='ltr'>vestris</span> <span class='ocrx_word' id='word_1_252' title='bbox 599 3508 756 3589; x_wconf 89' lang='lat' dir='ltr'>scriptum</span> <span class='ocrx_word' id='word_1_253' title='bbox 782 3513 869 3572; x_wconf 90' lang='lat' dir='ltr'>esset</span> <span class='ocrx_word' id='word_1_254' title='bbox 892 3511 924 3572; x_wconf 91' lang='lat' dir='ltr'>in</span> <span class='ocrx_word' id='word_1_255' title='bbox 948 3509 1040 3573; x_wconf 91' lang='lat' dir='ltr'>codd.</span> <span class='ocrx_word' id='word_1_256' title='bbox 1065 3509 1245 3572; x_wconf 85' lang='lat' dir='ltr'>Erfurtensi</span> <span class='ocrx_word' id='word_1_257' title='bbox 1268 3511 1301 3570; x_wconf 89' lang='lat' dir='ltr'>et</span> 
     </span>
     <span class='ocr_line' id='line_1_31' title="bbox 134 3605 1300 3695; baseline 0.005 -23"><span class='ocrx_word' id='word_1_258' title='bbox 134 3605 286 3678; x_wconf 72' lang='lat' dir='ltr'>baneiano</span> <span class='ocrx_word' id='word_1_259' title='bbox 309 3615 409 3678; x_wconf 89' lang='lat' dir='ltr'>etad</span> <span class='ocrx_word' id='word_1_260' title='bbox 433 3615 611 3695; x_wconf 89' lang='lat' dir='ltr'>marginem</span> <span class='ocrx_word' id='word_1_261' title='bbox 637 3635 656 3679; x_wconf 91' lang='lat' dir='ltr'>a</span> <span class='ocrx_word' id='word_1_262' title='bbox 680 3615 839 3680; x_wconf 88' lang='lat' dir='ltr'>Lambino</span> <span class='ocrx_word' id='word_1_263' title='bbox 869 3635 886 3679; x_wconf 89' lang='lat' dir='ltr'>e</span> <span class='ocrx_word' id='word_1_264' title='bbox 919 3616 1011 3680; x_wconf 90' lang='lat' dir='ltr'>codd.</span> <span class='ocrx_word' id='word_1_265' title='bbox 1037 3618 1238 3690; x_wconf 86' lang='lat' dir='ltr'>annotatum,</span> <span class='ocrx_word' id='word_1_266' title='bbox 1268 3616 1300 3678; x_wconf 91' lang='lat' dir='ltr'>et</span> 
     </span>
     <span class='ocr_line' id='line_1_32' title="bbox 136 3720 1301 3804; baseline 0.003 -25"><span class='ocrx_word' id='word_1_267' title='bbox 136 3731 180 3792; x_wconf 85' lang='lat' dir='ltr'>pro</span> <span class='ocrx_word' id='word_1_268' title='bbox 199 3720 287 3784; x_wconf 84' lang='lat' dir='ltr'>Arch.</span> <span class='ocrx_word' id='word_1_269' title='bbox 314 3723 365 3798; x_wconf 90' lang='lat'>11,</span> <span class='ocrx_word' id='word_1_270' title='bbox 390 3723 431 3785; x_wconf 77' lang='lat'>26</span> <span class='ocrx_word' id='word_1_271' title='bbox 455 3722 719 3802; x_wconf 86' lang='lat' dir='ltr'>praepositionem</span> <span class='ocrx_word' id='word_1_272' title='bbox 742 3722 865 3799; x_wconf 86' lang='lat' dir='ltr'>reduxi,</span> <span class='ocrx_word' id='word_1_273' title='bbox 891 3726 924 3785; x_wconf 90' lang='lat' dir='ltr'>et</span> <span class='ocrx_word' id='word_1_274' title='bbox 946 3723 1085 3804; x_wconf 89' lang='lat' dir='ltr'>Philipp.</span> <span class='ocrx_word' id='word_1_275' title='bbox 1110 3722 1146 3799; x_wconf 90' lang='lat' dir='ltr'>II,</span> <span class='ocrx_word' id='word_1_276' title='bbox 1176 3720 1228 3798; x_wconf 77' lang='lat'>26,</span> <span class='ocrx_word' id='word_1_277' title='bbox 1257 3720 1301 3784; x_wconf 89' lang='grc'>64</span> 
     </span>
     <span class='ocr_line' id='line_1_33' title="bbox 138 3820 1300 3902; baseline 0.005 -19"><span class='ocrx_word' id='word_1_278' title='bbox 138 3820 255 3889; x_wconf 90' lang='lat' dir='ltr'>ordinem</span> <span class='ocrx_word' id='word_1_279' title='bbox 280 3826 453 3892; x_wconf 88' lang='lat' dir='ltr'>verbomm</span> <span class='ocrx_word' id='word_1_280' title='bbox 478 3848 496 3890; x_wconf 87' lang='lat' dir='ltr'>a</span> <span class='ocrx_word' id='word_1_281' title='bbox 520 3828 590 3892; x_wconf 90' lang='lat' dir='ltr'>cod.</span> <span class='ocrx_word' id='word_1_282' title='bbox 615 3829 686 3893; x_wconf 90' lang='lat' dir='ltr'>Vat.</span> <span class='ocrx_word' id='word_1_283' title='bbox 712 3829 850 3902; x_wconf 84' lang='lat' dir='ltr'>mutavi;</span> <span class='ocrx_word' id='word_1_284' title='bbox 886 3849 963 3892; x_wconf 88' lang='lat' dir='ltr'>nam</span> <span class='ocrx_word' id='word_1_285' title='bbox 996 3831 1101 3891; x_wconf 74' lang='lat' dir='ltr'>antino</span> <span class='ocrx_word' id='word_1_286' title='bbox 1125 3847 1198 3890; x_wconf 89' lang='lat' dir='ltr'>cum</span> <span class='ocrx_word' id='word_1_287' title='bbox 1222 3845 1300 3890; x_wconf 86' lang='lat' dir='ltr'>voce</span> 
     </span>
     <span class='ocr_line' id='line_1_34' title="bbox 141 3922 608 4015; baseline 0.011 -23"><span class='ocrx_word' id='word_1_288' title='bbox 141 3922 215 3992; x_wconf 73' lang='lat' dir='ltr'>lare</span> <span class='ocrx_word' id='word_1_289' title='bbox 233 3934 489 4015; x_wconf 79' lang='lat' dir='ltr'>mniungendum</span> <span class='ocrx_word' id='word_1_290' title='bbox 515 3938 573 3997; x_wconf 89' lang='lat' dir='ltr'>est.</span> <span class='ocrx_word' id='word_1_291' title='bbox 583 3930 608 4015; x_wconf 88' lang='lat'>¹)</span> 
     </span>
    </p>
   </div>
   <div class='ocr_carea' id='block_1_4' title="bbox 161 4132 1302 4663">
    <p class='ocr_par' dir='ltr' id='par_1_4' title="bbox 161 4132 1302 4663">
     <span class='ocr_line' id='line_1_35' title="bbox 161 4132 1301 4214; baseline -0.003 -14"><span class='ocrx_word' id='word_1_292' title='bbox 161 4132 179 4200; x_wconf 88' lang='lat'>¹)</span> <span class='ocrx_word' id='word_1_293' title='bbox 192 4138 305 4209; x_wconf 83' lang='lat' dir='ltr'>Fuerunt,</span> <span class='ocrx_word' id='word_1_294' title='bbox 329 4146 377 4214; x_wconf 84' lang='lat' dir='ltr'>qui</span> <span class='ocrx_word' id='word_1_295' title='bbox 400 4146 428 4199; x_wconf 88' lang='lat' dir='ltr'>in</span> <span class='ocrx_word' id='word_1_296' title='bbox 448 4147 577 4199; x_wconf 88' lang='lat' dir='ltr'>hocloco</span> <span class='ocrx_word' id='word_1_297' title='bbox 596 4163 748 4214; x_wconf 89' lang='lat' dir='ltr'>pronomen</span> <span class='ocrx_word' id='word_1_298' title='bbox 767 4147 952 4200; x_wconf 86' lang='lat' dir='ltr'>desiderarant</span> <span class='ocrx_word' id='word_1_299' title='bbox 976 4145 1107 4213; x_wconf 73' lang='lat' dir='ltr'>(infamiae</span> <span class='ocrx_word' id='word_1_300' title='bbox 1129 4153 1182 4198; x_wconf 84' lang='lat' dir='ltr'>tuoe</span> <span class='ocrx_word' id='word_1_301' title='bbox 1205 4148 1301 4198; x_wconf 80' lang='lat' dir='ltr'>autin</span> 
     </span>
     <span class='ocr_line' id='line_1_36' title="bbox 194 4232 1302 4303; baseline 0.001 -17"><span class='ocrx_word' id='word_1_302' title='bbox 194 4232 258 4294; x_wconf 75' lang='lat' dir='ltr'>lamo</span> <span class='ocrx_word' id='word_1_303' title='bbox 274 4232 340 4300; x_wconf 80' lang='lat' dir='ltr'>tuo),</span> <span class='ocrx_word' id='word_1_304' title='bbox 369 4236 465 4289; x_wconf 88' lang='lat' dir='ltr'>eodem</span> <span class='ocrx_word' id='word_1_305' title='bbox 489 4235 590 4289; x_wconf 88' lang='lat' dir='ltr'>scilicet</span> <span class='ocrx_word' id='word_1_306' title='bbox 614 4251 712 4298; x_wconf 88' lang='lat' dir='ltr'>errore,</span> <span class='ocrx_word' id='word_1_307' title='bbox 741 4252 795 4303; x_wconf 88' lang='lat' dir='ltr'>quo</span> <span class='ocrx_word' id='word_1_308' title='bbox 820 4235 846 4288; x_wconf 92' lang='lat' dir='ltr'>id</span> <span class='ocrx_word' id='word_1_309' title='bbox 869 4235 973 4289; x_wconf 88' lang='lat' dir='ltr'>librarii</span> <span class='ocrx_word' id='word_1_310' title='bbox 996 4233 1121 4288; x_wconf 91' lang='lat' dir='ltr'>nonnulli</span> <span class='ocrx_word' id='word_1_311' title='bbox 1140 4234 1302 4287; x_wconf 88' lang='lat' dir='ltr'>addiderant</span> 
     </span>
     <span class='ocr_line' id='line_1_37' title="bbox 195 4321 1301 4392; baseline 0.002 -20"><span class='ocrx_word' id='word_1_312' title='bbox 195 4334 234 4383; x_wconf 84' lang='lat' dir='ltr'>pro</span> <span class='ocrx_word' id='word_1_313' title='bbox 250 4322 333 4392; x_wconf 84' lang='lat' dir='ltr'>Ligar.</span> <span class='ocrx_word' id='word_1_314' title='bbox 352 4323 377 4388; x_wconf 82' lang='lat'>4,</span> <span class='ocrx_word' id='word_1_315' title='bbox 398 4323 429 4374; x_wconf 86' lang='lat'>11</span> <span class='ocrx_word' id='word_1_316' title='bbox 450 4321 592 4385; x_wconf 69' lang='lat' dir='ltr'>(crumulo</span> <span class='ocrx_word' id='word_1_317' title='bbox 611 4321 680 4389; x_wconf 79' lang='lat' dir='ltr'>auo),</span> <span class='ocrx_word' id='word_1_318' title='bbox 704 4325 751 4377; x_wconf 93' lang='lat' dir='ltr'>ubi</span> <span class='ocrx_word' id='word_1_319' title='bbox 775 4331 873 4392; x_wconf 71' lang='lat' dir='ltr'>praeter</span> <span class='ocrx_word' id='word_1_320' title='bbox 897 4331 950 4378; x_wconf 88' lang='lat' dir='ltr'>tres</span> <span class='ocrx_word' id='word_1_321' title='bbox 970 4325 1074 4377; x_wconf 90' lang='lat' dir='ltr'>codices</span> <span class='ocrx_word' id='word_1_322' title='bbox 1094 4324 1128 4375; x_wconf 88' lang='lat' dir='ltr'>ab</span> <span class='ocrx_word' id='word_1_323' title='bbox 1147 4322 1247 4376; x_wconf 88' lang='lat' dir='ltr'>Orellio</span> <span class='ocrx_word' id='word_1_324' title='bbox 1267 4322 1301 4374; x_wconf 91' lang='lat' dir='ltr'>ci·</span> 
     </span>
     <span class='ocr_line' id='line_1_38' title="bbox 196 4409 1301 4481; baseline -0.002 -18"><span class='ocrx_word' id='word_1_325' title='bbox 196 4409 252 4462; x_wconf 73' lang='lat' dir='ltr'>latos</span> <span class='ocrx_word' id='word_1_326' title='bbox 273 4413 373 4466; x_wconf 86' lang='lat' dir='ltr'>omittit</span> <span class='ocrx_word' id='word_1_327' title='bbox 392 4413 450 4465; x_wconf 86' lang='lat' dir='ltr'>cod.</span> <span class='ocrx_word' id='word_1_328' title='bbox 470 4413 497 4466; x_wconf 88' lang='lat' dir='ltr'>C.</span> <span class='ocrx_word' id='word_1_329' title='bbox 518 4413 620 4481; x_wconf 68' lang='lat' dir='ltr'>steph,</span> <span class='ocrx_word' id='word_1_330' title='bbox 645 4429 716 4465; x_wconf 91' lang='lat' dir='ltr'>unus</span> <span class='ocrx_word' id='word_1_331' title='bbox 736 4412 831 4477; x_wconf 70' lang='lat' dir='ltr'>Oxon,</span> <span class='ocrx_word' id='word_1_332' title='bbox 855 4414 953 4477; x_wconf 91' lang='lat' dir='ltr'>Haun.,</span> <span class='ocrx_word' id='word_1_333' title='bbox 979 4418 1005 4466; x_wconf 89' lang='lat' dir='ltr'>et</span> <span class='ocrx_word' id='word_1_334' title='bbox 1026 4429 1074 4480; x_wconf 87' lang='lat' dir='ltr'>pro</span> <span class='ocrx_word' id='word_1_335' title='bbox 1093 4412 1180 4480; x_wconf 89' lang='lat' dir='ltr'>Ligar.</span> <span class='ocrx_word' id='word_1_336' title='bbox 1201 4409 1242 4474; x_wconf 80' lang='lat'>12,</span> <span class='ocrx_word' id='word_1_337' title='bbox 1266 4409 1301 4462; x_wconf 89' lang='grc'>38</span> 
     </span>
     <span class='ocr_line' id='line_1_39' title="bbox 197 4491 1301 4567; baseline 0.003 -18"><span class='ocrx_word' id='word_1_338' title='bbox 197 4491 293 4557; x_wconf 67' lang='lat' dir='ltr'>(amaro</span> <span class='ocrx_word' id='word_1_339' title='bbox 310 4500 377 4566; x_wconf 80' lang='lat' dir='ltr'>tuo),</span> <span class='ocrx_word' id='word_1_340' title='bbox 397 4501 445 4554; x_wconf 90' lang='lat' dir='ltr'>ubi</span> <span class='ocrx_word' id='word_1_341' title='bbox 464 4501 653 4555; x_wconf 86' lang='lat' dir='ltr'>omittentibus</span> <span class='ocrx_word' id='word_1_342' title='bbox 673 4501 749 4554; x_wconf 90' lang='lat' dir='ltr'>codd.</span> <span class='ocrx_word' id='word_1_343' title='bbox 769 4502 872 4555; x_wconf 88' lang='lat' dir='ltr'>accedit</span> <span class='ocrx_word' id='word_1_344' title='bbox 891 4502 948 4554; x_wconf 91' lang='lat' dir='ltr'>cod.</span> <span class='ocrx_word' id='word_1_345' title='bbox 962 4501 1052 4554; x_wconf 89' lang='lat' dir='ltr'>Haun.</span> <span class='ocrx_word' id='word_1_346' title='bbox 1066 4506 1093 4554; x_wconf 89' lang='lat' dir='ltr'>et</span> <span class='ocrx_word' id='word_1_347' title='bbox 1106 4499 1218 4567; x_wconf 85' lang='lat' dir='ltr'>Quintil.</span> <span class='ocrx_word' id='word_1_348' title='bbox 1231 4499 1301 4564; x_wconf 84' lang='lat' dir='ltr'>VIII,</span> 
     </span>
     <span class='ocr_line' id='line_1_40' title="bbox 198 4581 1056 4663; baseline -0.005 -16"><span class='ocrx_word' id='word_1_349' title='bbox 198 4581 217 4647; x_wconf 67' lang='lat'>5,</span> <span class='ocrx_word' id='word_1_350' title='bbox 233 4584 253 4640; x_wconf 76' lang='grc'>7.</span> <span class='ocrx_word' id='word_1_351' title='bbox 286 4590 376 4663; x_wconf 83' lang='lat' dir='ltr'>Semel</span> <span class='ocrx_word' id='word_1_352' title='bbox 394 4591 514 4659; x_wconf 84' lang='lat' dir='ltr'>positum</span> <span class='ocrx_word' id='word_1_353' title='bbox 533 4591 567 4643; x_wconf 93' lang='lat' dir='ltr'>ad</span> <span class='ocrx_word' id='word_1_354' title='bbox 587 4595 736 4659; x_wconf 84' lang='lat' dir='ltr'>utrumque</span> <span class='ocrx_word' id='word_1_355' title='bbox 757 4591 911 4645; x_wconf 87' lang='lat' dir='ltr'>membrum</span> <span class='ocrx_word' id='word_1_356' title='bbox 931 4591 1056 4659; x_wconf 85' lang='lat' dir='ltr'>pertinet.</span> 
     </span>
    </p>
   </div>
   <div class='ocr_carea' id='block_1_5' title="bbox 0 0 1478 5206">
    <p class='ocr_par' dir='ltr' id='par_1_5' title="bbox 0 0 1478 5206">
     <span class='ocr_line' id='line_1_41' title="bbox 0 0 1478 5206; baseline 0 3"><span class='ocrx_word' id='word_1_357' title='bbox 0 0 1478 5206; x_wconf 95' lang='lat' dir='ltr'> </span> 
     </span>
    </p>
   </div>
  </div>
 </body>
</html>
