2948 5206
693 323 758 388 715

121 517 265 600 denique
299 516 445 582 omnium
479 517 783 600 interpolatissimo,
823 516 1059 600 Glogaviensi);
1099 537 1139 583 ex
1173 518 1326 584 omnibus

121 623 241 691 Moseri
272 623 438 689 codicibus
469 623 503 688 in
533 643 600 689 uno
630 625 678 690 La
709 644 730 691 a
758 624 902 690 secunda
926 643 1026 688 manu
1050 624 1216 707 adscripta
1238 629 1325 689 sunt.

122 731 238 813 ltaque
263 748 303 795 ea
326 730 429 795 verba
451 730 537 796 circa
560 730 652 795 initia
679 730 759 796 artis
783 731 1027 815 typographica
1051 731 1167 814 aliquis
1190 731 1325 810 addidit,

122 843 161 904 nt
183 837 299 903 orbem
322 837 498 902 verborum
521 837 784 920 sententiamque
807 837 1014 904 laborantem
1033 857 1114 903 sane
1138 838 1325 920 compleret,

121 947 180 1012 sed
204 947 232 1011 is
255 946 318 1011 hoc
340 964 444 1010 unum
466 943 755 1022 animadverterat,
779 945 814 1008 in
837 944 997 1010 vocabulo
1018 951 1142 1010 tantum
1165 944 1325 1010 infinitam

122 1073 196 1119 esse
218 1054 396 1130 notionem,
421 1071 495 1134 quae
518 1050 726 1116 terminanda
749 1053 837 1116 esset
860 1055 893 1117 et
908 1051 1110 1126 definienda3
1134 1071 1204 1116 rem
1220 1051 1326 1134 ipsam

121 1158 329 1226 notissimam
352 1161 499 1223 autnon
529 1156 688 1222 intellexit
711 1160 770 1222 aut
797 1178 914 1241 parum
944 1158 1081 1241 vigilans
1111 1157 1326 1241 perturbavit.

212 1265 348 1330 Reiecto
377 1264 475 1348 igitur
504 1264 567 1330 hoc
598 1264 827 1346 supplemento
856 1265 963 1342 simul,
999 1264 1087 1347 quod
1117 1265 1245 1330 initium
1277 1269 1327 1330 est

121 1374 192 1438 veri
215 1370 410 1445 inveniendi,
434 1369 663 1452 intelligamus,
688 1371 813 1436 nullum
837 1371 925 1436 aliud
942 1371 1090 1435 eiusdem
1106 1370 1234 1454 generis
1251 1369 1326 1453 (hoc

121 1485 183 1555 est,
219 1480 253 1543 in
283 1497 349 1560 quo
380 1475 583 1559 comparatio
613 1476 668 1558 sit)
699 1477 832 1560 probari
863 1497 969 1560 posse,
1006 1478 1094 1560 quod
1117 1478 1151 1542 in
1173 1478 1271 1561 globo
1294 1483 1327 1542 et

122 1585 245 1651 circulo
268 1583 420 1650 emedio
443 1586 627 1648 extremum
643 1603 709 1649 non
732 1587 862 1649 tanturn
886 1585 991 1663 abest,
1015 1586 1175 1667 quantum
1199 1589 1256 1650 aut
1278 1585 1326 1667 ip·

120 1711 197 1758 sum
212 1692 264 1757 ab
288 1690 352 1755 alio
376 1692 434 1755 aut
456 1689 546 1755 aliud
569 1690 736 1772 quidpiam
761 1692 804 1755 ab
821 1691 886 1757 alia
901 1690 1057 1774 quapiam
1073 1711 1119 1769 re,
1143 1692 1203 1756 sed
1219 1692 1324 1775 ipsum

119 1798 247 1881 ubique
270 1797 385 1862 eodem
409 1797 581 1861 intervallo
609 1794 725 1878 (unum
749 1797 887 1880 quodvis
911 1797 979 1862 eius
1003 1801 1162 1880 punctum
1185 1801 1325 1875 tantum,

121 1909 284 1988 quantum
309 1904 447 1986 quodvis
471 1900 584 1983 aliud).
630 1903 782 1968 Pluribus
806 1908 881 1969 utor
909 1904 1033 1980 verbis3
1068 1907 1219 1986 poteram
1250 1904 1325 1968 bre-

122 2013 196 2076 vius
220 2015 250 2075 et
275 2010 453 2092 simplicius
477 2009 594 2087 dicere,
630 2011 692 2075 nisi
720 2011 753 2075 id
780 2010 987 2085 vocabulum,
1022 2030 1087 2093 quo
1111 2010 1223 2075 Cicero
1247 2030 1326 2074 usus

121 2124 184 2195 est,
221 2120 369 2182 vitarem.
415 2115 590 2194 Quaeratur
618 2116 725 2200 igitur,
761 2117 925 2200 quomodo
958 2136 1007 2194 ea,
1043 2136 1141 2199 quam
1174 2117 1324 2194 vidimus

121 2225 287 2290 sententia
310 2242 350 2287 ex
373 2223 424 2287 his
447 2222 541 2304 ipsis:
573 2243 594 2285 a
616 2223 778 2308 medioque
808 2230 931 2287 tantum
955 2222 1037 2287 absit
1059 2231 1231 2288 extrenum
1255 2223 1325 2288 elli·

121 2332 230 2396 ciatur
253 2330 348 2394 unius
372 2327 463 2393 verbi
486 2346 552 2393 non
575 2332 664 2394 recte
687 2330 799 2412 scripti
823 2328 1064 2395 emendatione.
1073 2324 1100 2410 ¹)

214 2434 245 2517 b)
269 2435 317 2500 De
340 2436 410 2518 lege
434 2455 501 2516 agr.
526 2435 564 2512 Π,
588 2435 641 2513 37,
668 2436 742 2501 102.

214 2543 377 2608 Ciceronis
398 2542 581 2607 orationum
606 2542 648 2606 de
663 2542 733 2624 lege
757 2543 884 2624 agraria
907 2543 1026 2619 nullus,
1050 2542 1172 2625 dequo
1194 2543 1324 2625 quidem

123 2653 261 2727 constet,
286 2649 388 2714 codex
411 2649 607 2730 antiquitate
631 2652 689 2713 aut
712 2649 860 2715 bonitate
884 2651 1027 2726 excellit3
1050 2649 1139 2713 ducti
1162 2668 1325 2731 propaga·

122 2757 224 2840 tique,
255 2776 337 2839 quos
360 2757 520 2833 novimus,
551 2774 664 2820 omnes
688 2774 729 2819 ex
752 2775 817 2820 uno
841 2761 918 2822 sunt
941 2757 1099 2821 mendoso
1123 2759 1155 2820 et
1178 2775 1324 2820 errorum

124 2883 165 2929 ex
188 2864 308 2928 veteris
331 2862 500 2944 scripturae
523 2861 696 2944 imperitia,
721 2863 902 2928 litterarum
927 2864 961 2927 in
984 2863 1135 2946 exemplo
1158 2862 1325 2945 proposito

125 2970 278 3034 ductibus
302 2970 459 3047 obscuris,
484 2968 659 3034 verborum
683 2971 807 3033 incerte
823 2969 1039 3051 diremptione
1055 2974 1201 3036 ortorum
1218 2970 1325 3052 pleno,

125 3080 271 3141 ceterum
295 3077 363 3140 fere
387 3075 534 3156 religiose
557 3075 677 3157 scripto
701 3095 761 3140 nec
784 3075 990 3156 interpolato,
1015 3076 1075 3139 nisi
1093 3076 1190 3157 quod,
1215 3079 1252 3139 ut
1267 3075 1325 3138 fie-

125 3182 194 3261 bat,
228 3183 393 3248 interdum
422 3181 573 3245 librarius
602 3200 642 3244 ex
670 3181 785 3246 litteris
808 3202 943 3265 prorsus
966 3181 1128 3247 distractis
1151 3182 1326 3265 perturba·

125 3290 233 3373 lisque
263 3290 438 3353 verborum
469 3288 586 3352 saltem
621 3289 809 3352 Latinorum
846 3290 967 3353 formas
1002 3288 1137 3353 effinxit.
1183 3289 1231 3352 Ex
1265 3288 1326 3352 illis

126 3396 291 3462 erroribus
325 3414 410 3459 unus
444 3397 477 3458 et
511 3393 594 3458 alter
627 3394 784 3476 gravioris
819 3394 929 3458 mendi
964 3394 1104 3477 speciem
1148 3394 1326 3459 editoribus

127 3503 292 3585 plerisque
314 3503 362 3567 ita
384 3497 513 3578 obiecit,
549 3508 585 3565 ut
614 3500 794 3583 simplicem
824 3505 1037 3583 apertamque
1062 3501 1326 3566 emendationem

126 3609 193 3675 iam
223 3608 481 3674 demonstratam
511 3608 554 3671 ab
583 3606 654 3671 aliis
683 3615 883 3690 spernerent,
920 3607 1008 3690 quod
1036 3612 1104 3672 tam
1133 3607 1230 3673 obvia
1258 3607 1327 3671 vul·

126 3715 283 3798 gariaque
306 3715 408 3779 verba
432 3735 452 3779 a
475 3714 614 3778 librariis
638 3717 791 3797 corrupta
813 3734 880 3780 non
903 3714 1091 3792 credebant,
1122 3718 1154 3779 et
1178 3714 1326 3779 recondi·

125 3821 211 3886 tiora
235 3821 317 3885 falso
340 3827 534 3903 quaererent,
563 3820 652 3885 velut
680 3820 713 3884 in
736 3819 905 3887 notissimo
929 3821 1009 3896 loco,
1045 3820 1100 3886 ubi
1125 3821 1166 3885 de
1190 3819 1327 3885 comitiis

126 3927 377 4010 magistratuum
402 3928 517 4010 agitur,
548 3947 575 3992 c.
602 3929 652 4003 11,
683 3927 831 4009 neglecta
862 3931 912 3991 est
940 3928 1120 3992 certissima
1144 3926 1327 3991 Lauredani

127 4035 324 4111 coniectura,
359 4055 425 4116 qua
455 4055 494 4099 ex
517 4034 567 4099 his
591 4034 748 4116 vestigiis:
783 4035 918 4098 cunctis
945 4055 982 4098 ea
1005 4035 1148 4117 comitiis,
1183 4055 1253 4118 quoe
1276 4053 1328 4096 cos

125 4161 190 4205 non
212 4142 327 4223 sinitis,
362 4140 568 4223 confirmavit,
597 4141 752 4205 restituit:
787 4141 921 4204 curiatis
943 4160 1013 4204 eam
1037 4138 1260 4223 (potestatem)
1283 4160 1328 4203 ro

126 4248 238 4329 mitiis,
261 4269 330 4332 quoe
353 4269 406 4312 voa
427 4268 490 4312 nen
513 4248 646 4330 initia,
670 4245 876 4329 confirmavit,
902 4250 934 4311 et
952 4267 979 4311 c.
997 4248 1049 4322 34,
1074 4253 1175 4329 quu'm
1200 4246 1328 4309 Turne·

156 4494 180 4563 ¹)
200 4496 279 4550 Hunc
296 4497 388 4550 locum
407 4501 472 4550 ante
491 4497 593 4550 multos
612 4511 699 4549 annos
722 4512 738 4548 a
757 4512 801 4548 me
820 4494 848 4548 in
867 4494 966 4548 scholis
985 4493 1154 4563 propositum
1174 4493 1329 4562 complures

200 4589 387 4640 correxerunt.
