2948 5206
76 102 129 180 21,
163 101 184 163 6
215 101 369 166 iudicium
405 103 648 169 sustinebimus.
658 100 684 186 1)
735 104 801 168 Sed
835 105 967 169 omnino
986 106 1087 197 'hanc
1121 107 1276 172 orationis

75 207 275 273 concessivae
299 209 439 274 formam
462 209 497 274 hi
520 210 660 275 editores
689 230 755 275 non
784 214 974 283 tenuerunt:
1010 213 1064 294 qui
1093 213 1275 295 potuissent

74 313 161 379 enim
194 314 289 379 aliter
318 315 352 379 in
384 314 402 396 ἕ
428 317 484 393 18,
516 317 560 381 ab
591 318 739 382 Ernestio
770 316 950 399 praesertim
980 317 1154 396 admoniti,
1189 321 1275 384 hanc

73 421 271 503 scripturam
295 441 427 486 servare
450 426 550 504 atque
572 423 618 487 ita
641 443 782 501 servare,
812 427 850 487 ut
871 443 914 487 ne
938 422 1038 488 verbo
1062 425 1192 507 quidem
1217 446 1274 491 ex-

73 532 250 592 cusarent?
286 528 322 591 Si
345 549 469 610 bemus,
501 528 587 593 Iouis
608 531 696 594 iltius
720 530 845 614 quidem
868 531 1033 614 hospitalis
1057 552 1171 596 uumcu
1195 554 1273 596 uuu-

72 654 169 719 quam
192 635 295 698 celare
304 637 467 719 potuisset,
491 635 631 701 bomin-cs
644 638 784 720 fortusse
799 639 936 702 celasset.
971 638 1056 702 Nam
1071 638 1123 702 hic
1141 638 1270 720 quidem

72 760 255 821 pronomen
277 742 321 806 ad
344 742 453 807 lovem
477 743 640 808 adiectum
665 746 760 826 eique
783 744 895 808 addita
913 744 1072 827 particula
1091 745 1153 810 hoc
1171 765 1271 837 unum

71 846 255 929 significare
277 851 395 930 potest,
431 849 464 914 in
491 850 568 914 love
592 851 725 915 concedi
748 850 978 931 hospitalitatis
1002 852 1178 929 notionem,
1213 853 1271 916 sed

71 954 101 1018 ei
136 955 290 1019 contrarii
325 955 447 1037 aliquid
481 956 606 1021 subiici.
656 957 740 1021 Vere
774 957 870 1038 igitur
904 957 1072 1022 Emestius
1107 957 1270 1034 iudicavit,

70 1081 174 1143 quum
199 1062 311 1128 Cicero
333 1063 529 1144 scripsisset:
554 1063 640 1128 louis
662 1064 716 1127 illc
738 1063 864 1150 quidem
887 1067 959 1142 oet,
988 1063 1156 1129 librarium
1182 1064 1270 1129 codi-

70 1167 116 1231 cis
147 1168 316 1251 archetypi
346 1188 527 1250 pronomen
558 1170 601 1234 ad
631 1190 751 1235 nornen
781 1171 969 1252 precedens
993 1169 1269 1234 accommodasse.

69 1275 251 1340 Beneekius
275 1280 307 1340 et
329 1275 491 1340 Soldanus
514 1296 556 1340 ne
578 1276 611 1341 in
635 1277 815 1359 Ligarianae
839 1276 969 1359 quidem
994 1274 1068 1356 §31
1094 1277 1182 1340 hunc
1197 1296 1269 1342 sco·

68 1381 185 1463 pulum
208 1381 361 1445 vitarunt.
406 1382 491 1446 Nam
515 1402 616 1464 quum
640 1383 752 1448 Cicero
775 1384 965 1466 scripsisset,
990 1383 1267 1466 quemadmodum

67 1487 194 1552 editum
218 1489 261 1552 ah
286 1488 400 1553 ceteris
424 1489 576 1554 omnibus
600 1495 664 1555 est:
689 1490 803 1554 tribuis
826 1498 860 1553 tu
883 1489 1009 1574 quidem
1026 1490 1089 1553 tuis
1105 1491 1151 1553 ita
1168 1491 1268 1553 mutto

67 1599 131 1659 cet.
156 1630 199 1640 —
222 1594 277 1658 sed
300 1595 389 1660 uideo
410 1604 516 1660 tauuu
540 1597 627 1681 opud
648 1605 678 1661 te
701 1600 773 1674 cet,
798 1615 837 1660 ea
866 1596 1027 1677 scriptura
1050 1595 1084 1659 in
1107 1595 1267 1660 deteriore

66 1700 217 1766 codicum
241 1701 364 1767 familia
387 1706 516 1767 servata
539 1707 598 1782 est,
622 1703 683 1768 nisi
707 1702 794 1785 quod
818 1722 857 1766 ex
880 1701 995 1766 tribuis
1016 1709 1051 1765 tu
1073 1701 1106 1766 in
1127 1702 1266 1766 nonnul·

64 1807 105 1871 lis
130 1807 296 1873 codicibus
319 1812 428 1874 ortum
452 1814 502 1875 est
523 1811 673 1887 tribuisti,
705 1809 739 1874 in
766 1809 955 1874 melioribus
983 1812 1015 1872 et
1037 1808 1151 1890 paucis
1175 1808 1266 1873 dete·

65 1914 191 1980 riorum
215 1915 334 1980 excidit
356 1923 405 1992 tu;
429 1916 539 1998 itaque
563 1917 661 1982 etiam
685 1917 740 1994 illi,
771 1936 852 1998 quos
876 1915 952 1993 dixi,
983 1915 1123 1980 editores
1147 1910 1265 1979 omise-

63 2028 159 2098 runt3
183 2021 327 2086 Klotzius
352 2023 405 2087 hic
429 2025 553 2089 cautior
577 2023 647 2087 luit.
656 2017 683 2105 ²)

157 2127 218 2192 His
248 2129 336 2204 locis,
371 2148 413 2193 ne
445 2130 564 2211 plures,
600 2150 699 2213 quarn
731 2150 814 2212 opus
846 2132 904 2207 est,
939 2146 1127 2211 persequar,
1163 2147 1263 2193 unum
1280 2145 1319 2185 ³1⁶

61 2235 157 2300 illum
182 2234 312 2318 adiungi
336 2236 443 2313 velim,
478 2236 512 2300 in
540 2256 605 2319 quo
632 2237 698 2301 iam
723 2240 820 2302 antea
844 2235 970 2301 ostendi
994 2254 1012 2299 e
1036 2235 1146 2301 codice
1170 2235 1265 2301 Colo·

60 2340 171 2406 niensi
193 2341 365 2407 veritatem
388 2343 421 2406 in
445 2343 559 2407 ceteris
591 2344 743 2408 obrutam
773 2361 948 2425 emergere.
995 2341 1079 2406 Nam
1103 2340 1121 2422 ἕ
1144 2341 1187 2406 36
1212 2342 1264 2407 Ci-

62 2467 141 2512 cero
163 2448 301 2531 scripsit,
324 2449 416 2513 utin
439 2449 493 2513 illo
518 2454 581 2514 est:
607 2449 667 2514 Itu
690 2451 772 2513 cuim
793 2450 919 2532 furoris
935 2448 1067 2512 miiitum
1084 2449 1263 2525 sustulerat,

59 2555 116 2618 hic
139 2556 267 2631 erroris,
292 2570 357 2637 quo
379 2575 497 2637 genere
520 2556 673 2638 loquendi
705 2554 755 2637 (ut
777 2576 910 2638 poenam
934 2554 1102 2619 sustulisse
1126 2554 1262 2629 dicatur,

60 2661 115 2726 cui
140 2663 182 2725 sit
203 2659 369 2744 imposita)
393 2663 492 2728 etiam
516 2663 557 2727 de
581 2663 619 2727 N.
644 2663 682 2726 D.
706 2660 789 2742 1115
814 2663 857 2727 82
880 2680 958 2726 usus
983 2663 1042 2725 est.
1077 2660 1142 2724 Sed
1161 2680 1261 2741 quum

58 2768 96 2833 id
120 2787 187 2832 non
215 2767 456 2850 intelligeretur,
492 2788 513 2833 a
541 2768 680 2833 librariis
710 2768 743 2832 in
772 2769 878 2849 priore
907 2767 1055 2832 codicum
1083 2766 1206 2830 familia
1230 2770 1262 2830 et

58 2878 158 2957 parte
193 2873 325 2939 alterius
360 2875 573 2940 substitutum
608 2879 657 2939 est
691 2876 899 2951 sustinuerat,
940 2892 1078 2955 pravum
1120 2870 1166 2954 (in
1200 2875 1262 2938 hoc

58 2978 178 3061 verbo)
202 2984 341 3063 tempus,
377 2983 469 3065 quasi
498 2982 679 3047 Antiochus
705 2985 786 3058 tum,
822 3000 923 3063 quum
946 2978 1025 3043 illud
1049 2978 1138 3057 dixit,
1174 2979 1261 3060 quod

87 3191 111 3260 ¹)
132 3193 269 3248 Soldanus
288 3195 347 3259 etsi,
367 3194 433 3262 quid
452 3199 629 3263 quareretur,
649 3210 705 3247 uon
725 3191 927 3256 animadvertit,
946 3196 1039 3245 tamen
1052 3195 1151 3259 praeter
1169 3190 1261 3243 locum

136 3282 215 3338 illum
233 3299 266 3336 ex
286 3282 362 3337 initio
381 3282 538 3352 Philippica
556 3287 640 3335 sextae
664 3282 714 3335 hos
737 3282 821 3335 etiam
841 3296 970 3334 numeros
989 3279 1144 3348 adscripsit:
1172 3278 1260 3332 Dirin.

133 3372 162 3425 in
182 3371 249 3426 Grec.
268 3388 290 3425 c.
311 3372 353 3437 18,
381 3389 430 3440 pro
455 3372 535 3425 hiare.
554 3388 576 3424 c.
596 3371 621 3434 9,
645 3370 680 3423 ad
699 3370 755 3423 Au.
775 3370 807 3435 11,
831 3369 857 3433 9,
881 3385 930 3438 pro
953 3367 1046 3434 Quint.
1066 3384 1089 3421 c.
1109 3368 1133 3432 1,
1162 3367 1262 3436 quihus

132 3461 200 3514 locis
219 3459 285 3529 quid
303 3461 416 3530 legatur,
445 3461 518 3529 quod
541 3459 656 3512 minima
680 3475 713 3512 ex
736 3464 814 3527 parte
838 3460 909 3512 hanc
932 3474 990 3511 rem
1009 3455 1133 3524 attingat,
1161 3456 1260 3510 nescio.

132 3548 186 3617 [De
204 3549 280 3603 Livio
299 3550 347 3603 cir.
366 3550 425 3603 Em.
444 3549 502 3602 Lis.
522 3566 547 3617 p.
566 3547 619 3600 335
638 3548 680 3601 ed.
699 3544 736 3613 2.]

84 3637 110 3707 ²)
129 3638 230 3694 Omissi
250 3640 277 3692 in
295 3639 347 3692 hac
366 3639 455 3692 torma
473 3635 644 3707 pronominis
662 3635 820 3704 exemplum
841 3641 882 3690 est
901 3635 928 3689 in
948 3634 1064 3703 Philipp.
1085 3634 1108 3687 ll
1128 3632 1144 3700 ἓ
1163 3632 1188 3697 6,
1212 3636 1261 3687 sed

131 3726 336 3782 excusationem
355 3728 439 3782 hahet
457 3743 490 3780 ex
509 3743 550 3789 co,
570 3725 643 3794 quod
663 3741 816 3793 pronomen
835 3723 924 3778 eidem
943 3723 1197 3776 substantivorum
1216 3722 1260 3775 de

131 3817 331 3871 monstratione
354 3816 514 3883 adiunctum
539 3814 680 3883 precedit,
709 3818 739 3867 ut
762 3811 855 3866 iterari
880 3812 1023 3864 commode
1046 3827 1101 3864 nou
1126 3810 1259 3879 potuerit:

131 3909 161 3958 in
180 3906 228 3958 uta
246 3907 362 3973 querela,
390 3907 490 3957 misera
513 3905 620 3971 quidum
638 3911 662 3955 et
680 3904 812 3968 luctuosa,
839 3903 886 3954 sed
904 3902 972 3952 mibi
989 3902 1149 3962 necessaria,
1177 3904 1204 3951 et
1223 3899 1259 3951 al·

131 4000 222 4048 terum
241 3994 295 4047 ihd.
314 3991 331 4059 fi
348 3993 396 4046 39:
424 3994 515 4046 Eram
534 3995 641 4060 quidem
666 3994 712 4045 illa
731 3998 824 4044 costra
837 3991 922 4057 phua
940 4005 1020 4049 suroe,
1049 3988 1122 4056 quod
1141 3987 1258 4041 similem

130 4083 335 4137 excusationem
359 4082 455 4141 habet;
484 4098 548 4135 narn
578 4084 624 4135 illu
650 4089 742 4134 costra
766 4078 919 4133 necessario
942 4076 1089 4130 dicendum
1114 4082 1173 4130 erat
1195 4091 1257 4130 cum

130 4172 374 4225 demonstratione.
