2948 5206
693 322 755 390 651

123 514 312 581 Ciceronem
336 534 451 580 secure
473 516 643 594 translata,
680 520 735 600 qui
762 538 869 601 neque
897 538 930 581 se
957 518 1121 583 vindicare
1147 538 1255 602 neque
1278 521 1324 585 el·

123 629 223 686 terum
247 621 339 686 dixit.
385 622 458 687 Non
481 623 561 688 satis
589 643 667 689 usus
700 645 756 690 ero
787 624 850 689 hac
881 644 947 690 una
979 627 1187 709 paragrapho
1218 634 1248 692 et
1281 628 1325 693 ad

124 747 236 794 eorum
266 728 424 806 codicum,
460 729 515 811 qui
544 729 624 794 alibi
656 735 744 796 recte
775 732 960 809 laudantur,
996 732 1263 814 depravationem
1292 739 1325 799 et

124 835 165 900 ad
188 834 353 900 editorum
386 835 683 902 recentissimorum
714 839 824 903 iudicii
854 838 1049 920 pravitatem
1081 839 1324 919 declarandam,

124 941 183 1005 nisi
207 941 375 1019 addidero,
411 943 524 1025 paucis
553 963 653 1025 supra
681 945 839 1023 versibus,
875 945 932 1010 ubi
961 948 1025 1009 est:
1061 966 1125 1009 non
1152 945 1244 1010 modo
1272 968 1325 1011 ne·

126 1069 218 1133 piam
243 1056 272 1112 et
294 1048 464 1133 improbus,
488 1049 544 1113 sed
567 1051 662 1114 etiem
676 1050 790 1133 fatuus
805 1059 833 1116 et
849 1071 957 1116 ameris
974 1072 1015 1129 es,
1040 1054 1192 1117 accurate
1214 1053 1325 1118 relatis

126 1153 207 1219 inter
240 1174 277 1219 se
311 1155 546 1220 adiectivorum
581 1157 715 1238 paribus
753 1155 864 1240 (quam
900 1159 1107 1239 scripturam·
1132 1159 1327 1224 confirmant

126 1266 244 1342 praeter
266 1262 347 1327 alios
371 1263 570 1328 Coloniensis
594 1268 627 1329 et
651 1262 820 1328 Gudianus
846 1266 874 1343 1,
904 1264 966 1329 nisi
994 1265 1082 1346 quod
1111 1267 1206 1330 etiam
1229 1266 1326 1331 omit-

127 1371 207 1447 tunt,
232 1369 319 1451 quod
343 1374 452 1452 potest
475 1368 616 1452 abesse),
648 1370 681 1435 in
706 1371 776 1436 cod.
801 1371 878 1447 Eri,
911 1371 994 1436 Gud.
1019 1372 1050 1450 2,
1082 1371 1200 1436 Salisb.
1224 1372 1326 1455 scrip·

126 1478 192 1540 tum
217 1495 305 1541 esse:
341 1497 404 1541 non
431 1477 521 1541 modo
551 1498 687 1562 nequam
710 1483 738 1540 et
760 1478 921 1561 inrprobus
949 1477 1119 1560 etfatuus,
1154 1478 1327 1543 sedetiam
1386 1487 1391 1499 '

125 1602 236 1647 omens
260 1603 301 1661 es,
333 1602 473 1666 eamque
496 1584 656 1649 fatuitatis
680 1583 722 1648 ab
746 1585 891 1649 amentia
914 1584 1168 1662 abiunctionem,
1199 1585 1241 1649 ad
1265 1585 1326 1650 im·

121 1688 323 1768 probitatem
347 1694 459 1755 autem
482 1690 724 1756 adiunctionem
749 1691 910 1773 placuisse
933 1690 1106 1756 Beneckio.

212 1792 231 1875 ἓ
256 1795 299 1859 23
322 1796 448 1876 iisdem,
478 1817 559 1880 quos
588 1816 676 1880 saepe
703 1797 847 1875 nomino,
877 1797 1043 1861 codicibus
1066 1796 1156 1879 (arf,
1187 1798 1270 1863 Gud.
1295 1799 1326 1869 2,

118 1899 254 1977 Salisb,
279 1903 353 1968 Par.
380 1901 434 1985 11)
464 1908 497 1968 et
520 1904 691 1986 perpaucis
715 1903 786 1968 aliis
810 1907 963 1985 parentes
987 1904 1132 1969 Klotzius
1155 1908 1187 1969 et
1211 1905 1326 1971 Solda·

115 2025 184 2073 uus
208 2007 399 2073 Ciceronem
422 2029 507 2076 novo
531 2011 683 2092 loquendi
707 2029 826 2091 genere
855 2015 1025 2087 auxerunt,
1056 2031 1157 2093 quum
1188 2012 1326 2094 scripse·

115 2118 215 2179 mint:
241 2116 296 2200 qui
318 2115 399 2179 dicto
422 2116 596 2181 obedientes
617 2119 653 2181 iii
675 2125 766 2181 tanto
789 2139 824 2182 re
847 2137 908 2180 nori
930 2118 1075 2200 fuissent.
1118 2118 1203 2182 Nam
1228 2121 1325 2183 antea
1342 2136 1381 2177 us

115 2219 278 2285 Plautum
302 2240 368 2285 uno
391 2221 462 2287 loco
485 2242 598 2287 versus
623 2223 773 2305 explendi
798 2243 897 2287 causa
919 2223 965 2287 sic
982 2223 1101 2288 dixisse
1117 2224 1326 2306 putabamus.

115 2326 319 2409 (Beneckius
349 2330 462 2393 tamen
494 2329 593 2393 etiam
623 2329 704 2393 Livii
735 2331 963 2394 auctoritatem
992 2331 1140 2413 adiungit
1170 2350 1210 2394 ex
1234 2330 1270 2409 V,
1295 2331 1326 2405 3,

115 2432 178 2497 ubi
204 2436 271 2497 est:
306 2454 345 2496 ne
367 2434 457 2518 plebs
484 2435 572 2500 nobis
601 2435 683 2499 dicto
712 2434 847 2498 acedieris
876 2443 968 2521 atque
991 2436 1137 2501 obediens
1158 2439 1209 2515 sit,
1244 2437 1326 2501 miro

115 2537 260 2621 errore).
270 2534 297 2621 ¹)
342 2540 550 2607 Manifestum
575 2546 634 2620 est,
669 2541 696 2605 si
720 2541 799 2623 quid
822 2561 979 2623 unquam,
1015 2542 1156 2625 aliquem
1181 2551 1238 2607 aut
1261 2543 1325 2607 vim

116 2644 301 2711 verborum
327 2646 409 2711 dicto
433 2648 595 2713 audientes
630 2635 721 2731 (quae'
746 2652 823 2713 sunt
851 2649 884 2713 in
913 2648 996 2713 Gud.
1023 2651 1036 2713 1
1071 2654 1104 2713 et
1132 2654 1202 2714 tota
1225 2670 1327 2732 prope

116 2752 250 2818 familia
274 2751 390 2834 altera)
420 2755 603 2820 declarasse
627 2756 792 2837 adscripto
815 2754 997 2833 obedientes,
1030 2756 1127 2838 idque
1150 2776 1210 2838 pro
1234 2756 1326 2820 audi·

117 2868 208 2925 entes
232 2860 413 2924 subiectum
438 2880 519 2938 esse,
554 2867 620 2937 aut,
657 2882 758 2943 quum
788 2882 921 2944 prorsus
950 2863 1123 2945 ignoraret,
1159 2863 1222 2927 dici
1245 2862 1326 2927 dicto

118 2967 270 3035 audiens.
307 2967 495 3049 corrigendo
525 2968 671 3032 effecisse
699 2969 781 3032 dicto
804 2969 987 3033 obedientes.
1035 2968 1114 3051 (Eri.
1139 2969 1236 3033 edicto
1259 2969 1324 3033 obe-

119 3074 261 3148 dientem
291 3073 373 3138 Oxx,
398 3073 464 3138 duo
487 3074 695 3159 obsequentem
731 3080 870 3158 apparet
894 3080 926 3141 et
949 3077 1097 3140 doctrina
1121 3074 1326 3140 librariorum

121 3185 156 3245 et
180 3177 279 3260 mos.)

216 3284 303 3366 §24
333 3295 409 3351 ante
436 3308 490 3351 me
519 3288 738 3352 scribebatur:
775 3288 877 3352 Addit
907 3287 1077 3370 (Addidit)
1113 3291 1207 3353 etiam
1236 3289 1326 3361 illud,

122 3395 242 3479 equites
280 3413 342 3456 ison
377 3396 506 3478 optimos
536 3396 667 3458 misisse.
734 3394 873 3477 Veteres,
909 3395 1019 3475 credo;
1054 3395 1135 3458 niliil
1166 3395 1210 3458 ad
1240 3403 1325 3459 tuum

123 3501 321 3585 equitaturam
354 3501 408 3565 sed
437 3503 521 3565 nrisit
550 3521 587 3563 ec
614 3502 664 3581 iis,
700 3521 775 3586 quos
804 3501 914 3565 tama
944 3502 1065 3578 electos;
1101 3505 1200 3583 atquc
1229 3502 1326 3565 etiam

123 3626 212 3671 nunc
236 3606 281 3670 sic
312 3607 473 3685 scribitur,
504 3607 676 3688 nisiapud
700 3607 868 3673 Orellium.
915 3608 1057 3689 Exposui
1086 3608 1161 3672 olim
1193 3607 1326 3690 (Opusc.

124 3734 157 3795 p.
182 3710 272 3793 201),
303 3713 335 3777 in
364 3714 426 3778 hac
450 3714 612 3778 Ciceronis
637 3714 840 3779 confessione
864 3718 897 3778 et
920 3715 1015 3778 simul
1039 3714 1239 3796 mitigatione
1262 3733 1327 3778 non

125 3839 223 3901 posse
246 3820 280 3883 id
304 3821 498 3885 vocabulum
522 3820 608 3902 poni.
641 3822 728 3902 quod
751 3822 784 3885 in
809 3821 908 3886 milite
932 3822 1062 3885 laudern
1087 3841 1240 3902 magnam
1264 3821 1324 3885 ha·

156 4048 177 4117 ¹)
196 4051 333 4105 Soldanus
357 4051 495 4120 quomodo
518 4054 588 4104 dicto
611 4052 733 4104 obediens
760 4050 1002 4114 commendaverit,
1030 4067 1119 4119 operae
1142 4049 1261 4119 prelium
1287 4056 1327 4104 est

197 4140 299 4194 videre.
346 4140 469 4193 Primum
497 4139 570 4193 enim
599 4156 656 4202 nos,
686 4139 765 4193 Festo
794 4145 821 4192 et
849 4140 944 4194 Vossio
972 4140 1109 4204 adhibitis,
1138 4139 1225 4204 docet,
1254 4140 1327 4207 quod

196 4244 299 4297 pueros
318 4228 411 4291 lexica,
431 4229 521 4282 obedio
540 4244 599 4281 esse
618 4244 651 4281 ex
671 4231 766 4285 addim
787 4228 885 4283 deinde
904 4230 995 4283 obedio
1010 4228 1101 4282 dativo
1115 4228 1198 4296 iungi.
1231 4229 1327 4282 Obedio

197 4333 279 4371 suam
298 4323 325 4370 et
344 4321 447 4371 certam
466 4316 691 4385 significationem
715 4317 829 4384 parendi
855 4318 938 4370 habet
961 4334 1013 4371 nec
1036 4317 1183 4386 quicquam
1207 4316 1241 4369 ad
1266 4332 1326 4369 eam

198 4405 371 4459 alliciendam
391 4405 521 4458 adsciscit.
560 4405 591 4457 ln
611 4407 693 4457 audio
712 4421 745 4458 ea
770 4421 819 4473 per
842 4423 872 4460 se
898 4422 954 4459 non
979 4412 1028 4470 est,
1057 4406 1105 4459 sed
1129 4405 1247 4458 efficitur
1269 4405 1329 4474 ipsa

198 4494 250 4547 hac
278 4494 469 4547 coniunctione
497 4497 566 4547 dicto
593 4495 707 4546 audiens
735 4493 762 4546 in
790 4493 848 4547 solo
877 4494 1027 4564 participio.
1065 4495 1161 4562 ltaque
1188 4510 1220 4546 ex
1249 4510 1327 4561 aequo

199 4588 403 4650 componuntur
421 4583 494 4651 apud
513 4582 620 4636 Livium
639 4585 709 4636 dicto
729 4585 843 4636 audiens
862 4589 889 4637 et
907 4584 1037 4637 obediens.
