2956 5190
639 306 702 370 637

67 504 269 570 Flamininus
293 508 401 567 castra
431 504 583 567 omnibus
614 501 714 583 copiis
741 519 933 583 oppugnare
962 500 1174 565 vehementer
1203 522 1269 567 coe-

66 612 180 693 pisset,
215 609 325 674 subito
356 609 389 672 in
412 607 609 672 Macedonas
633 607 666 671 in
689 606 906 671 Flamininum
931 624 1043 671 versos
1066 608 1226 690 impetum
1249 630 1269 673 a

65 721 160 799 tergo
184 718 331 780 lecerunt
355 719 388 779 et
411 719 535 779 terrore
558 716 591 778 et
614 714 690 796 luga
713 712 824 778 omnia
846 712 1074 793 impleverunt.
1110 715 1157 779 lta
1176 720 1269 797 pate·
1365 786 1368 791 ,

67 824 157 889 sacta
179 823 212 887 in
236 820 463 887 Macedoniam
486 820 539 884 via
563 824 623 884 est.
670 820 838 883 Tenemus
862 818 939 896 iam,
971 819 1043 899 quis
1066 821 1108 885 sit
1131 822 1185 885 illc
1208 823 1268 903 vir,

65 928 157 993 haud
180 948 391 1014 mapparum
415 948 459 1007 rc,
482 925 537 989 aed
554 926 663 1009 plenar’
684 925 771 1007 fidei,
795 928 908 1006 pastor
932 924 1090 1006 Epirotes
1115 923 1170 1005 qui
1194 924 1268 988 Fla·

66 1037 227 1100 mininum
252 1035 429 1099 multorum
453 1033 579 1097 dierum
604 1052 681 1097 cura
706 1036 739 1096 et
761 1032 1155 1096 sollicitudineliberavit.
1190 1030 1267 1094 Plu·

64 1146 200 1209 tarchus
224 1162 264 1207 er
288 1162 353 1207 uno
376 1144 507 1223 pastore
523 1140 633 1222 plures
650 1139 727 1203 lacit
743 1136 901 1221 (ἄνθρωποι
915 1149 970 1196 τῶν
982 1142 1081 1197 αὐτόθι
1100 1135 1265 1218 νεμόντων);
1281 1166 1321 1205 aas

64 1249 126 1313 sed
149 1250 310 1314 Diodorus
333 1247 460 1313 Siculus
483 1245 530 1328 (in
555 1247 715 1327 excerptis
738 1245 952 1310 Peirescianis
968 1246 996 1309 ll
1015 1267 1047 1328 p.
1064 1246 1128 1310 578
1145 1243 1266 1325 Wess.)

64 1356 218 1438 Charopa
242 1355 409 1438 Epirotam
433 1356 678 1430 commemorat,
703 1353 758 1433 qui
782 1352 815 1415 in
839 1352 925 1417 bello
945 1355 1059 1417 contra
1079 1352 1265 1434 Philippum

64 1572 107 1629 δι’
126 1566 165 1628 ὧν
183 1578 209 1627 ol
225 1574 355 1647 Ῥωμαῖοι
377 1568 540 1643 παραδόξως
562 1577 737 1641 πορευθέντες
759 1576 812 1625 τῶν
834 1576 933 1625 στενῶν
955 1570 1110 1643 ἐκράτησαν.
1167 1566 1265 1648 Apud

63 1677 238 1760 Polybium
262 1674 402 1759 (xxvss,
430 1671 482 1754 13)
512 1673 659 1756 Charops
691 1673 751 1756 (sic
774 1676 861 1739 enim
885 1673 974 1757 apud
997 1674 1128 1739 Graecos
1151 1673 1265 1756 appel·

63 1782 165 1865 latur)
189 1785 306 1849 dicitur
328 1792 415 1846 αἴτιος
432 1791 577 1857 γεγονέναι
596 1789 644 1838 τοῦ
664 1788 802 1840 Φίλιππον
819 1789 872 1860 μὲν
890 1789 1011 1842 ἐκπεσεῖν
1028 1789 1058 1841 ἐκ
1075 1792 1120 1852 τῆς
1132 1785 1266 1856 Ἠπείρου,

66 1900 146 1947 Τίτον
164 1895 197 1947 δὲ
215 1896 260 1947 καὶ
279 1901 327 1960 τῆς
345 1892 473 1963 Ἠπείρου
492 1896 620 1964 κρατῆσαι
639 1895 685 1945 καὶ
703 1899 757 1946 τῶν
769 1893 947 1949 Μακεδόνων.
1002 1887 1144 1972 Appiani
1173 1886 1264 1951 deni·

62 2015 130 2077 que
153 1997 372 2077 fragmentum
396 1995 437 2059 IV
465 1994 749 2060 Macedonicorum
777 1997 955 2062 admodum
985 1994 1199 2078 probabiliter
1221 1994 1264 2057 ad

62 2102 150 2167 hanc
180 2121 250 2166 rem
280 2103 441 2167 referunt:
466 2106 577 2179 Ποιμήν
590 2105 713 2180 ὑπέσχετο
731 2108 841 2180 στρατόν
853 2108 970 2172 εὔζωνον
987 2107 1063 2168 ἄξειν
1081 2103 1150 2158 ddo'r
1167 2101 1265 2175 ἀτριβῆ

64 2215 152 2282 τρισὶν
170 2211 292 2284 ἡμέραις.
334 2209 419 2273 Nam
449 2212 482 2273 et
510 2213 623 2291 pastor
650 2210 769 2274 milites
798 2210 966 2293 expeditos
994 2227 1054 2290 per
1077 2207 1175 2272 calles
1197 2225 1263 2270 non

62 2314 158 2380 tritos
180 2315 303 2380 ducens
328 2317 362 2379 et
384 2312 510 2379 dierirm
533 2335 690 2381 numerus
706 2317 857 2382 convenit
879 2313 1050 2381 cum-Livii
1065 2313 1262 2377 narratione.

152 2421 312 2498 Perfecto,
336 2422 424 2503 quod
448 2423 687 2502 quaerebamus
717 2427 829 2501 restat,
864 2427 901 2488 ut
923 2422 1023 2499 Livio,
1053 2419 1110 2502 qui
1143 2420 1264 2500 praeter

63 2531 189 2592 ceteros
213 2528 284 2593 haec
307 2529 401 2593 nobis
425 2529 599 2609 expedivit,
623 2531 762 2612 gratiam
781 2530 931 2612 exiguam
954 2528 1145 2602 referamus,
1169 2543 1262 2589 men·

62 2634 143 2698 dum
174 2654 214 2698 ex
245 2634 314 2699 eius
347 2634 454 2699 verbis
486 2636 518 2698 in
549 2635 613 2699 hac
635 2637 821 2701 narratione
846 2636 1006 2701 tollentes.
1053 2634 1136 2698 Nam
1161 2651 1261 2714 quum

63 2741 159 2822 plura
182 2741 215 2806 in
237 2741 288 2806 his
312 2741 484 2823 capitibus,
508 2743 651 2807 maxime
674 2743 707 2807 in
730 2743 821 2808 initio
845 2762 872 2807 c.
896 2742 950 2818 XI,
982 2760 1087 2823 nuper
1110 2759 1128 2804 e
1152 2739 1262 2803 codice

63 2848 298 2931 Bambergensi
322 2850 449 2931 egregie
471 2849 621 2913 restituta
644 2850 719 2926 sint,
744 2868 845 2914 unum
869 2850 904 2913 in
921 2848 975 2913 illo
993 2849 1100 2931 capite
1116 2850 1263 2912 extremo

61 2953 212 3017 relictum
236 2957 285 3018 est
308 2954 474 3033 mendum,
500 2955 589 3019 cuius
614 2954 747 3020 tollendi
770 2956 856 3020 idem
873 2955 926 3020 ille
942 2955 1046 3019 codex
1060 2955 1148 3018 viam
1163 2952 1262 3036 paulo

62 3059 233 3124 obscurius
266 3064 437 3125 monstrat.
489 3061 604 3126 Editur
639 3063 736 3140 enim,
771 3066 808 3127 ut
842 3062 875 3125 in
896 3062 1062 3127 ‘omnibus
1097 3058 1262 3125 codicibus

62 3157 194 3246 'reliquis
218 3186 290 3230 esse
315 3168 460 3232 videtur:
497 3167 561 3232 His
587 3170 685 3252 copiis
715 3170 762 3231 ita
791 3169 941 3250 dimissis,
970 3188 1003 3231 eo
1026 3167 1176 3231 intortius
1199 3165 1261 3229 Ro-

62 3293 177 3337 man-us
199 3273 338 3358 undique
365 3275 463 3338 instat
491 3276 564 3359 copi
589 3277 738 3340 stol-iones
761 3271 1016 3356 (Macedonum).
1063 3273 1098 3336 ln
1121 3273 1171 3337 his
1195 3273 1261 3353 pri·

62 3399 154 3444 mum
177 3380 333 3445 orationis
356 3379 527 3445 insolentia
551 3381 762 3459 offendimur3
795 3401 873 3445 nam
896 3384 933 3445 ut
957 3381 1120 3444 Rornonus
1143 3377 1260 3442 intelli·

63 3489 175 3568 gatur,
215 3486 493 3568 quemadmodum
529 3486 710 3551 Gronovius
751 3491 783 3551 et
817 3485 1101 3552 Drakenborchius
1136 3485 1259 3559 iubent,
1324 3497 1329 3507 ·

63 3593 175 3658 consul
199 3592 378 3671 Quinctius,
403 3597 514 3657 tamen
536 3612 643 3675 neque
666 3594 775 3659 Livius
798 3614 905 3676 neque
923 3594 1069 3659 eiusdem
1087 3591 1258 3674 quisquam

62 3700 169 3764 aetatis
192 3698 224 3763 in
247 3719 346 3781 prosa
369 3700 515 3765 oratione
538 3699 634 3763 dixit:
670 3701 750 3765 insto
777 3700 835 3765 hoo
860 3701 942 3784 fieri,
978 3704 1014 3765 ut
1043 3702 1144 3764 esset:
1179 3700 1261 3762 insto

62 3806 147 3887 aliis,
182 3814 216 3870 ut
243 3826 349 3870 eorum
378 3827 473 3890 opero
500 3807 557 3870 hoc
583 3807 653 3890 fiat·
687 3827 753 3873 non
781 3808 886 3891 magis
909 3827 1023 3889 quam:
1058 3805 1182 3890 inmello
1204 3804 1261 3868 hoc

59 3912 148 3995 fieri3
178 3913 430 3996 longissimeque
454 3913 652 3978 disiunctum
677 3917 737 3992 est,
762 3914 850 3996 quod
872 3914 1008 3979 Plautus
1032 3916 1065 3977 et
1088 3912 1260 3977 Terentius

63 4021 142 4084 insto
163 4020 287 4102 factum
310 4021 470 4097 dixerunt,
500 4023 537 4084 ut
561 4022 680 4084 instare
703 4024 790 4086 esset
817 4020 1010 4085 vehementer
1037 4016 1260 4101 (affirmando)

61 4127 253 4191 contendere.
299 4127 420 4192 Verum
444 4127 504 4191 etsi
529 4127 692 4191 Romanus
715 4127 804 4209 apud
827 4127 952 4191 Livium
977 4126 1140 4191 interdum
1164 4126 1260 4189 intel·

61 4234 170 4315 ligitur
192 4252 276 4297 unus
300 4234 488 4315 imperator,
511 4233 567 4298 ubi
591 4235 618 4298 is
643 4233 824 4298 contrarius
841 4235 973 4316 ponitur
989 4234 1131 4298 hostium
1156 4232 1260 4315 impe·
1275 4247 1314 4288 ²⁹⁶

61 4340 162 4404 ratori
190 4339 280 4422 (nam
305 4341 338 4404 in
361 4359 426 4404 non
449 4342 562 4422 paucis
586 4359 627 4403 ex
656 4340 694 4403 iis
724 4340 812 4416 locis,
842 4340 897 4421 qui
927 4341 970 4404 ad
992 4340 1043 4417 IV,
1075 4340 1126 4417 10,
1156 4340 1176 4403 6
1201 4338 1260 4402 ad·

61 4445 172 4527 scripti
195 4450 281 4524 sunt,
305 4466 371 4511 non
386 4447 457 4529 ipse
472 4448 652 4528 imperator
667 4447 768 4511 verbo
784 4447 993 4530 significatur,
1017 4446 1077 4511 sed
1098 4447 1259 4521 universe,

62 4553 149 4634 quod
173 4556 282 4618 aetum
312 4557 372 4631 est,
407 4553 451 4618 ad
479 4554 648 4618 Romanos
679 4552 843 4635 retertur),
879 4554 941 4618 hoc
971 4557 1083 4618 tamen
1112 4552 1183 4618 loco
1215 4552 1259 4616 ita
