2948 5206
661 274 719 338 181

131 463 206 528 ductis
225 462 349 547 scripsit
372 467 406 530 et
427 485 545 548 pamm
569 466 664 549 plene
688 471 721 532 et
743 468 935 550 perturbata
959 471 1144 550 tempomm
1161 470 1288 534 ratione

131 569 291 636 dentosis
322 590 433 637 rerum
463 572 653 655 generibus3
688 593 766 638 nam
796 593 838 638 ne
870 574 913 639 ad
945 574 1061 639 civium
1093 574 1223 656 quidem
1256 579 1289 640 et

131 676 284 742 tainorum
306 677 507 743 coloniamm
531 678 706 745 discrimen
729 680 877 745 attendit.
887 675 913 762 ¹)

189 782 313 865 Populis
347 784 451 863 victis,
486 805 553 850 non
587 786 693 851 solum
728 787 782 870 qui
813 807 890 852 suas
918 787 1065 852 civitates
1091 788 1287 866 retinebant,
1302 805 1342 846 aas

131 890 341 968 verumetiam,
365 891 421 974 qui
444 892 541 974 plane
564 892 702 958 subiecti
724 894 860 977 imperio
883 894 1034 959 Romano
1051 893 1288 972 subdebantur,

132 994 271 1077 migratus
293 1015 315 1061 a
337 997 496 1063 Romanis
519 1018 597 1081 pars
620 1000 699 1083 agri,
723 999 867 1084 depulsis
884 999 1139 1082 possessoribus,
1163 1001 1289 1065 adime·

132 1099 206 1165 latu.
237 1102 266 1166 Is
290 1122 368 1184 ager
391 1111 449 1170 aut
471 1105 620 1188 publicus
644 1107 755 1190 populi
778 1105 935 1171 manebat
958 1110 1016 1170 aut
1038 1107 1290 1172 venundabatur

135 1210 171 1271 aut
193 1207 303 1295 dritim
338 1211 463 1276 civibus
497 1212 735 1295 assignabatur.
784 1213 896 1278 Tertia
931 1212 999 1277 fere
1032 1232 1109 1295 pars
1143 1215 1288 1278 subactis
1303 1231 1343 1270 22⁴

89 1466 93 1499 ⁵
156 1503 171 1572 ¹)
182 1508 226 1563 tu.
241 1510 261 1575 1,
285 1509 318 1564 u
337 1516 366 1564 et
385 1509 427 1564 15.
459 1511 519 1566 non
538 1517 612 1566 reete
629 1512 794 1567 niebuhrius
811 1513 856 1580 (11,
881 1513 933 1567 aaa
953 1512 1020 1580 noc)
1039 1515 1173 1570 vetretum
1192 1518 1292 1569 esaum

186 1598 285 1654 colonias
302 1599 416 1654 omnino
434 1600 582 1655 exclusisse
601 1600 679 1664 dicit;
708 1602 809 1657 multas
831 1603 905 1657 enim
931 1603 1032 1658 civium
1055 1605 1290 1659 commemoravit.

187 1686 325 1756 Dionysium
347 1689 506 1752 Niebuhri0,
534 1706 620 1759 quum
643 1691 711 1767 alibi·
732 1707 804 1760 saepe
829 1693 967 1746 rhetorem
992 1692 1145 1746 Graculum
1169 1692 1228 1746 iure
1252 1709 1291 1747 re·

188 1776 329 1841 prehendat,
355 1778 384 1832 in
407 1779 460 1832 hac
483 1795 513 1832 re
537 1783 564 1832 et
588 1786 699 1833 cautum
723 1781 861 1849 appellare
885 1781 988 1850 placuit
1011 1780 1046 1846 (Π
1064 1798 1091 1850 p.
1111 1780 1145 1832 57
1169 1782 1211 1834 bei
1232 1784 1289 1834 dem

192 1867 341 1934 matteas
365 1866 568 1935 scammum)
592 1874 619 1922 et
643 1868 798 1937 religiosum
821 1867 887 1935 (ibd.
909 1869 1108 1938 gewiaemhaft)
1131 1875 1158 1923 et
1182 1871 1210 1923 in
1233 1886 1291 1923 ver·

191 1950 266 2007 borum
283 1954 316 2008 ad
334 1973 379 2010 res
397 1963 524 2011 accurate
543 1957 733 2026 significandas
752 1957 860 2012 delectu
883 1958 1041 2027 diligentem
1064 1957 1131 2023 (ibd.
1155 1961 1203 2012 der
1222 1961 1292 2012 auch

193 2042 310 2096 hainen
328 2047 477 2098 dadraei
494 2047 586 2099 istebat
603 2048 762 2114 corpfdltipe
783 2045 921 2112 Galatiae).
958 2047 1019 2115 lpse
1037 2047 1073 2100 ad
1091 2047 1162 2100 hanc
1181 2047 1291 2101 landem

194 2130 304 2189 tuendam.
328 2149 415 2201 quum
433 2133 579 2203 Dionysius
598 2135 770 2203 apertissime
789 2135 841 2189 sibi
859 2135 1037 2198 contradicat,
1060 2136 1159 2190 miram
1178 2135 1292 2206 abipso

195 2215 295 2288 Dionysio
314 2220 416 2275 iactam
434 2222 554 2276 historice
574 2223 629 2276 iam
648 2223 796 2277 elaboratae
814 2225 1054 2293 interpolationem
1068 2224 1211 2293 excogitat,
1230 2241 1292 2294 quae

196 2304 290 2362 sieset
314 2310 400 2376 lacta,
427 2311 525 2365 saltem
554 2312 636 2366 simul
664 2311 733 2365 lalso
760 2318 871 2367 narrata
898 2313 1013 2382 diligens
1040 2314 1123 2367 homo
1150 2319 1292 2367 mutasset

196 2390 287 2452 Omnino
303 2399 457 2468 Dionysius,
486 2417 571 2469 quum
596 2401 789 2468 loquacissimo
812 2419 911 2470 genere
935 2401 1078 2455 historiam
1097 2402 1134 2455 ita
1153 2401 1292 2465 scriberet,

197 2484 298 2541 usinut
315 2505 394 2543 suem
417 2489 593 2558 prudentiam
618 2490 725 2543 civilem
750 2495 900 2544 ostentaret
924 2494 951 2543 et
974 2490 1113 2543 Romanos
1137 2490 1293 2545 extollendo

198 2568 277 2628 Grecos
293 2578 409 2635 doceret.
438 2595 470 2631 ex
495 2578 581 2631 altera
604 2584 697 2632 autem
721 2584 799 2645 parte
823 2578 923 2648 (neque
948 2579 1021 2632 enim
1041 2579 1150 2631 carebat
1170 2578 1292 2632 Graecula

199 2663 298 2730 canate)
315 2667 409 2720 omnia
427 2668 567 2721 Romanos
586 2685 603 2720 a
618 2667 717 2720 Graecis
737 2667 865 2720 habuisse
884 2668 1092 2728 demonstraret,
1112 2667 1177 2720 iuris
1193 2668 1293 2721 veteris

199 2754 218 2799 el
229 2751 398 2809 institutorum
419 2756 536 2809 incertas
555 2762 582 2809 et
600 2772 698 2824 parum
723 2761 865 2809 accuratas
890 2756 1016 2809 notiones
1039 2756 1247 2824 comprehendit
1266 2764 1293 2809 et

199 2844 232 2890 aut
251 2843 298 2897 iere
324 2845 498 2913 generalibus
525 2850 634 2898 tantum
667 2845 824 2897 nominibus
856 2844 1016 2911 significavit
1048 2843 1142 2912 (quale
1170 2851 1211 2897 est
1238 2848 1294 2893 τών

200 2918 302 2999 “itu'wl
326 2939 374 2987 ant
400 2934 435 2987 ad
458 2934 508 2986 has
528 2951 570 2986 res
589 2932 780 3001 significandas
799 2932 899 2986 Graecis
918 2932 1147 3000 appellationibus
1166 2949 1232 2986 usus
1251 2939 1293 2985 est

202 3028 265 3084 teque
289 3022 492 3091 diligentissime
520 3022 631 3076 delectis
659 3038 748 3089 neque
782 3027 938 3074 constanter
971 3021 1098 3084 serratis,
1132 3022 1220 3089 qualis
1252 3027 1293 3075 est

201 3099 340 3169 ἰσοπολιτείας
369 3128 432 3164 nam
453 3127 508 3163 non
527 3110 625 3172 solum,
650 3127 718 3179 quos
744 3110 883 3178 isopolitas
903 3110 1029 3177 appellat.
1054 3111 1165 3163 eosdem
1184 3109 1294 3164 πολίτας

201 3189 245 3246 dicit
258 3197 311 3251 Vlll
330 3216 352 3251 c.
374 3199 415 3259 li,
444 3199 491 3252 sed
517 3201 633 3254 eandem
658 3198 821 3269 isopolitiam
841 3199 885 3260 lV,
910 3198 944 3249 58
968 3199 1060 3251 datam
1084 3198 1149 3251 dicit
1172 3198 1291 3260 Gabinia,

201 3280 272 3344 quibus
288 3304 378 3356 regern
398 3305 414 3340 a
432 3288 581 3357 Tarquinio
600 3288 758 3358 impositum
779 3293 879 3341 narrat.
908 3288 1004 3355 ltaque
1018 3304 1050 3340 ex
1063 3289 1293 3356 appellationibus

200 3381 265 3426 retum
281 3381 306 3429 et
324 3378 409 3445 ipsius
428 3378 518 3431 verbis
537 3385 564 3431 et
582 3395 616 3431 ex
635 3378 667 3431 iis
686 3377 829 3440 coloribus,
854 3376 954 3444 quibus
978 3376 1043 3444 ipse,
1068 3394 1132 3429 suas
1151 3377 1293 3445 opiniones

200 3467 290 3528 secutus,
317 3482 360 3518 res
384 3465 475 3519 ieiune
498 3483 515 3519 a
539 3468 673 3535 prioribus
696 3467 809 3520 traditas
834 3465 920 3534 pingit
944 3471 972 3517 et
995 3465 1128 3528 extendit,
1158 3466 1225 3518 nihil
1245 3483 1293 3518 un·

200 3559 257 3610 ‘illu
273 3553 395 3607 concludi
413 3559 516 3622 potest;
545 3571 578 3607 ex
603 3557 667 3624 ipsis
692 3561 831 3624 gestarum
851 3571 942 3608 rerum
962 3554 1076 3617 indiciis
1105 3560 1241 3621 quatenus
1260 3572 1293 3606 ea

199 3640 405 3708 1¹0110bscurarit,
424 3644 518 3698 omnia
536 3645 680 3697 efficienda
698 3650 769 3698 sunt.
798 3643 890 3696 Livius
909 3644 1007 3696 saltem
1021 3648 1095 3696 certo
1109 3644 1217 3696 cuidam
1231 3643 1292 3695 usui

199 3725 312 3785 illiorum
331 3732 419 3800 magis
438 3737 504 3795 erat,
525 3738 555 3786 ut
573 3733 723 3796 Romanus,
743 3737 877 3795 assuetus,
897 3738 923 3786 et
942 3749 1029 3800 quum
1049 3737 1164 3801 uterque
1183 3747 1216 3783 ex
1236 3747 1292 3783 suae

199 3817 260 3870 &libs
274 3822 429 3875 notionibus
448 3822 483 3874 ad
502 3822 694 3889 antiquitatem
714 3823 802 3875 multa
828 3823 995 3886 transferret,
1024 3821 1153 3889 Dionysio
1178 3819 1293 3872 accessit

199 3913 248 3958 1¹0tt
262 3910 425 3976 perturbatio
444 3927 477 3963 er
496 3911 651 3964 Graecarum
671 3927 764 3962 rerum
784 3910 947 3977 imaginibus
972 3911 998 3963 in
1026 3910 1118 3962 animo
1137 3907 1290 3960 inhaerenti·

199 3986 239 4056 bus,
256 3998 286 4050 ob
303 4016 370 4067 quas
388 4016 549 4068 compagem
574 3999 691 4051 Romani
716 3999 822 4067 imperii
842 4016 875 4052 ex
895 4000 976 4052 variis
996 3998 1125 4052 membris
1144 3996 1290 4058 coniuncti,

200 4079 254 4136 llius
268 4087 330 4141 nibil
348 4092 408 4141 erat
426 4088 453 4140 in
474 4088 577 4141 Gracia
595 4087 691 4148 simile,
715 4087 796 4156 plane
822 4088 913 4141 animo
938 4088 1081 4156 complecti
1102 4103 1155 4139 non
1175 4089 1290 4153 poterat.

199 4163 268 4238 litque
283 4176 313 4229 de
336 4177 377 4240 iis,
404 4177 452 4245 qui
476 4181 553 4230 extra
576 4175 662 4243 ipsam
687 4176 783 4229 urbem
807 4184 893 4240 erant,
924 4177 1171 4230 inconstantissime
1189 4174 1290 4238 scribit,

200 4260 265 4315 tier
288 4266 378 4319 multis
406 4266 538 4335 exemplis
566 4266 670 4333 patebit
697 4266 740 4318 vel
768 4267 796 4318 in
823 4267 875 4319 hoc
907 4282 962 4320 uno
994 4282 1093 4333 genere
1121 4260 1290 4321 colonorum.

200 4336 274 4405 [Siniti
289 4369 376 4407 errore
395 4354 528 4407 Hernicos
548 4355 620 4407 cives
640 4354 725 4407 iactos
744 4361 837 4408 narrat
856 4356 929 4423 aSp.
944 4354 1035 4407 Cassio
1054 4354 1165 4408 tertium
1179 4354 1292 4405 consule

199 4426 248 4497 mlv
263 4437 290 4489 69
307 4439 344 4504 (θῑ
355 4443 400 4506 XI,
419 4441 457 4508 2),
475 4449 571 4511 postea
589 4438 748 4511 συμμάχους
760 4444 879 4511 appellat
892 4443 935 4507 lx,
956 4443 980 4505 5,
999 4442 1042 4506 35,
1062 4443 1103 4496 67.
1132 4443 1162 4495 ln
1176 4440 1292 4491 leonata-

201 4523 251 4578 “les
269 4531 370 4584 nomine
389 4532 485 4586 eadem
506 4537 547 4585 est
566 4532 688 4586 conlusio
707 4533 780 4601 apud
800 4533 976 4586 Plutarchum
995 4531 1092 4585 Coriol.
1112 4527 1167 4597 30.]
