2948 5206
664 306 727 371 175

199 501 289 566 Huius
311 502 384 578 loci,
409 521 506 584 quem
529 506 604 584 post
626 502 808 567 Manutium
832 508 865 566 et
888 503 1054 584 Sigonium
1077 506 1293 588 comprehen-

134 609 201 673 derat
218 607 429 690 Spanhemius
453 607 499 691 (in
522 608 614 686 libro,
639 629 737 692 quem
755 609 858 672 orbem
875 608 1054 673 Romanum
1072 607 1290 694 inscripsit)¹),

133 716 190 780 alias
214 719 319 797 partes
342 715 514 797 Savignius
542 716 694 780 tractavit
723 720 755 780 et
783 716 1005 795 commutavit,
1040 718 1118 782 iuris
1147 719 1231 783 Latii
1259 723 1292 783 et

134 823 186 886 inis
203 822 296 886 Italici
319 821 451 887 notione
473 827 544 887 tum
574 823 674 886 etiam
696 823 798 904 ipsius
828 821 966 887 civitatis
994 824 1171 889 constituta
1195 844 1292 889 accu-

93 974 101 991 .
132 928 211 1004 utios,
232 930 276 992 ita
299 932 422 1003 tamen,
446 932 483 993 ut
502 928 661 993 interioris
678 930 785 993 aetatis
808 929 956 993 instituta
980 929 1047 993 fere
1070 925 1290 1012 respiceret²)‚

133 1035 186 1100 alias
212 1035 417 1113 Niebuhrius,
451 1055 553 1117 quum
587 1036 627 1100 de
662 1037 753 1099 varia
787 1036 922 1113 ratione,
958 1055 1023 1118 qua
1058 1037 1292 1119 antiquissimis

93 1226 95 1231 Ι
132 1142 296 1224 tenporibus
320 1143 482 1225 peregrini
504 1141 625 1225 populo
647 1141 798 1206 Romano
822 1142 1075 1224 adiungerentur
1098 1147 1155 1208 aut
1172 1143 1205 1207 in
1223 1144 1292 1208 eius

133 1248 259 1313 ivitatem
281 1249 514 1330 reciperentur,
544 1247 640 1312 etde
665 1247 797 1313 coloniis
821 1268 950 1330 quoque
972 1250 1018 1312 ita
1042 1249 1225 1329 dissereret,
1255 1255 1292 1315 ut

133 1354 203 1419 nolu
223 1355 400 1436 expediret,
429 1354 532 1419 multa
556 1349 824 1435 commoveret³);
853 1355 1005 1437 quaedam
1028 1359 1138 1438 partes
1161 1356 1292 1421 intactae

134 1466 168 1525 ut
183 1482 268 1544 paene
291 1462 424 1525 intactae
447 1465 648 1525 manserunt.
694 1461 778 1524 Nam
802 1463 857 1544 qui
880 1481 985 1544 nuper
1011 1461 1079 1527 lere
1101 1465 1206 1527 totum
1230 1463 1292 1527 hoc

134 1573 324 1649 momentum
347 1568 556 1632 tractandum
579 1562 763 1649 sumpsit⁴),
798 1587 915 1650 parum
943 1568 986 1632 ad
1013 1568 1047 1632 id
1077 1574 1211 1651 paratus
1236 1588 1290 1633 ac·
1306 1589 1348 1630 ns

118 1676 204 1751 ¹tacit,
225 1682 260 1739 ut
284 1677 350 1756 qui,
376 1674 517 1739 collectis
540 1677 615 1756 post
637 1673 728 1751 alios,
752 1673 917 1755 Sigonium
942 1675 1084 1740 maxime
1108 1681 1141 1740 et
1163 1677 1308 1740 Freins»

135 1779 239 1846 lenium
269 1781 317 1864 (in
345 1781 579 1864 supplementis
603 1778 767 1861 Liuianis),
803 1781 998 1862 scriptorum
1025 1783 1218 1847 testimoniis
1251 1782 1293 1846 de

135 1886 228 1969 undis
256 1889 387 1971 oppidis
415 1887 608 1969 populisque
640 1888 683 1951 ad
714 1887 885 1969 imperium
918 1888 1029 1969 populi
1060 1888 1201 1953 Romani
1232 1888 1293 1952 ad-

136 1992 213 2059 iuctis
236 1999 293 2059 aut
316 1996 350 2058 in
374 1993 538 2067 civitatem
560 1995 709 2076 receptis,
739 1994 843 2070 iniis,
868 2014 940 2076 quae
970 1994 1010 2058 de
1039 1995 1235 2059 condicionis
1259 1998 1295 2058 et

136 2097 184 2164 iu'a
201 2102 386 2166 diversitate
410 2101 587 2183 quarenda
610 2105 713 2178 erant,
740 2100 808 2165 lere
831 2104 918 2165 totus
942 2121 963 2164 a
985 2100 1115 2182 Sigonio
1138 2100 1291 2184 pendeat,

138 2208 248 2285 quadam
275 2209 320 2273 ab
344 2208 464 2273 Ottone
495 2207 542 2290 (in
572 2207 655 2272 libro
686 2206 727 2271 de
758 2207 906 2271 aedilibus
937 2207 1090 2289 municip.
1115 2212 1148 2272 et
1171 2207 1294 2272 coloni·

138 2314 208 2396 uin)
228 2315 413 2398 sumpserit.
458 2315 508 2378 Ne
530 2313 767 2396 Spanhemium
792 2313 923 2395 quidem
953 2317 1010 2377 aut
1038 2313 1203 2378 Heineccii
1232 2334 1291 2379 no-

139 2418 256 2486 lisinum
279 2423 400 2486 librum
423 2421 586 2496 adhibuit3
622 2421 789 2485 Niebuhrii
817 2420 1092 2502 disputationibus
1115 2419 1162 2502 (in
1185 2421 1296 2503 priore

139 2524 186 2591 dt.
203 2529 271 2593 hist.
288 2529 386 2593 Rom.
405 2532 438 2592 et
459 2530 493 2592 in
516 2527 622 2609 priore
647 2527 708 2591 vol.
733 2527 809 2590 edit.
828 2525 906 2607 sec.)
930 2528 972 2591 ad
996 2527 1208 2609 quaerendum
1226 2547 1292 2591 non

140 2636 344 2711 stercitatus3
379 2634 521 2716 Savignii
552 2634 683 2714 scripta,
719 2633 806 2714 quod
835 2634 905 2697 iure
934 2633 966 2697 in
990 2634 1130 2698 Borusso
1154 2636 1291 2709 mireris

138 2738 203 2818 plane
221 2744 382 2824 ignorasse
405 2742 542 2818 ridetur,
578 2761 652 2821 quae
682 2744 793 2803 tamen
823 2740 874 2803 vel
904 2758 943 2802 ex
967 2740 1116 2804 Creuzeri
1141 2741 1292 2822 epitomae

138 2849 211 2925 priore
232 2851 371 2915 editione
393 2846 507 2931 (1824)
532 2866 726 2928 cognoscere
750 2847 866 2927 potuit.

197 2955 282 3020 Hunc
316 2957 414 3039 igitur
447 2955 564 3031 locum,
599 2953 654 3035 qui
689 2953 731 3016 ad
765 2954 950 3016 universam
986 2952 1154 3017 historiam
1184 2973 1293 3017 rerum

135 3065 265 3136 aestamm
288 3064 398 3145 populi
427 3060 566 3125 Romani
598 3060 838 3141 intelligendam
870 3061 967 3141 plane
997 3061 1200 3123 necessarius
1233 3065 1294 3135 est,

93 3188 95 3195 ·
132 3162 236 3231 interest
258 3189 378 3245 eorum,
414 3169 468 3250 qui
497 3169 530 3231 in
559 3168 751 3248 antiquitate
774 3167 925 3230 Romana
950 3170 1129 3244 versantur,
1165 3167 1211 3230 ita
1235 3167 1295 3230 ali-

133 3273 236 3350 quando
256 3276 455 3356 pertractari,
479 3277 515 3338 ut
538 3273 674 3354 quaestio
698 3292 756 3352 per
779 3293 892 3336 omnes
916 3277 1025 3353 partes
1049 3275 1222 3355 omniaque
1247 3274 1293 3336 rei

131 3378 244 3456 publica
264 3382 430 3458 Romanae,
467 3381 608 3444 maxime
639 3379 770 3460 quidem
794 3380 915 3455 liberae,
951 3385 1100 3461 tempora
1125 3381 1296 3461 aequaliter

154 3585 172 3655 ¹]
186 3591 286 3648 Trekelli
305 3596 468 3648 Selectorum
482 3595 682 3660 Antiquitatum
695 3594 883 3645 Romanorum
898 3610 969 3659 para
983 3595 1079 3659 prima
1092 3591 1183 3657 (1744)
1198 3592 1294 3644 eodem

189 3683 296 3748 pertinet
314 3688 440 3737 accurate
459 3681 567 3749 scripta,
586 3682 633 3734 sed
654 3681 681 3733 in
701 3682 806 3734 minuta
826 3681 942 3734 aliorum
955 3680 1109 3748 opiniorum
1130 3680 1295 3733 refutatione

190 3773 216 3820 et
229 3771 408 3826 additamentis
428 3771 543 3824 exilibus
562 3771 643 3823 nimis
662 3771 775 3824 haerens,

157 3850 219 3919 'lln
232 3860 504 3923 commentationibus,
533 3876 600 3928 quas
624 3859 759 3928 inscripsit
789 3861 870 3912 Uebcr
893 3862 935 3911 die
959 3861 1128 3924 Entatelrunp
1151 3860 1199 3909 der
1217 3859 1295 3909 Lati-

193 3949 250 4000 ndat
265 3951 303 4002 ota
318 3954 388 4003 eines
407 3954 514 4017 eiqcncn
535 3950 650 4002 Standes
675 3952 711 4000 im
731 3950 887 4000 thmiachcn
909 3949 1002 4000 Stoatc
1026 3953 1053 3999 ct
1083 3949 1163 4001 t'ebcr·
1182 3948 1232 3998 das
1252 3948 1296 3997 ius

196 4036 300 4090 italicum
325 4038 364 4104 (in
392 4038 499 4106 scriptis
526 4038 609 4090 Acad.
634 4038 720 4090 Berol.
746 4042 772 4089 et
801 4037 827 4089 in
858 4037 1011 4089 Zeitschrist
1040 4036 1057 4088 l.
1085 4034 1296 4103 geschichtliclie

196 4122 330 4181 Rccbtwiss.
349 4129 379 4192 V,
399 4126 435 4185 2).
474 4127 534 4179 Atia
557 4126 645 4194 attigit
669 4126 695 4178 in
720 4125 782 4178 hist.
802 4126 851 4178 iur.
872 4126 950 4179 Rom.
975 4142 1023 4193 per
1047 4125 1166 4177 mediam
1186 4128 1295 4176 aetatem

196 4212 240 4265 rot
255 4214 271 4267 l.

161 4291 181 4358 'l
196 4297 291 4356 Maxime
308 4306 333 4358 in
351 4305 472 4359 secundo
492 4305 543 4357 vol.
564 4304 624 4356 hist.
645 4305 722 4357 ltom.
743 4304 784 4355 ed.
803 4301 820 4352 2
839 4321 864 4370 p.
884 4303 918 4354 43
941 4303 997 4354 -93,

162 4380 181 4431 ‘l
197 4386 338 4447 Staatsrecht
356 4396 403 4448 der
422 4395 612 4448 Unterthanen
631 4394 679 4445 der
698 4393 806 4445 Rtlrner.
845 4392 918 4444 Nacti
938 4392 989 4443 den
1010 4390 1125 4455 Quellen
1145 4389 1293 4441 bearbeitct

200 4491 223 4525 t·
237 4477 252 4530 Ι.
268 4480 291 4533 C.
307 4483 346 4535 W.
364 4486 396 4538 A.
417 4484 597 4551 Hopiensaclr.
626 4482 786 4535 Dirsseldorl
803 4480 880 4532 1829.
909 4480 946 4531 Eo
967 4478 1076 4531 nornine
1096 4478 1167 4531 cives
1186 4494 1296 4545 quoque

203 4562 225 4616 in
239 4570 373 4640 municipiis
391 4578 419 4626 et
438 4572 549 4624 coloniis
568 4571 690 4624 viventes
709 4569 923 4638 comprehendit.
