2948 5206
698 295 764 362 683

135 488 268 555 meliora
290 509 357 555 non
378 489 549 568 haberent,
579 489 622 569 id,
650 491 738 573 quod
761 489 823 575 ipsi
845 509 962 573 parum
986 490 1175 572 probarent,
1203 494 1333 555 secutos

134 616 214 661 esse.
250 590 345 660 'Nam
368 598 447 680 quid
469 617 552 681 opus
576 601 626 662 est
654 617 828 680 exponere,
864 616 970 679 neque
998 598 1212 681 cmrcnpiacere
1234 596 1333 662 abso·

132 702 197 768 lule
220 702 355 786 intelligi
383 724 490 788 posse,
525 706 562 769 ut
589 704 632 768 sit
660 703 859 769 ambitiosum
888 724 961 781 csse,
996 723 1104 786 neque
1122 723 1243 786 purum
1265 701 1332 767 ullo

130 809 229 875 modo
253 809 287 874 in
308 809 367 874 tali
389 810 521 892 quidem
545 810 771 875 coniunctione
793 809 991 875 substantivi
1014 809 1080 874 vim
1095 811 1218 875 habere
1234 828 1332 891 posse

131 919 187 981 aut
210 916 244 981 id
267 915 459 999 significare,
489 916 572 1002 qnod
593 936 657 981 non
678 917 720 982 sit
742 918 831 999 satis,
859 915 943 1003 qnod
969 917 1010 981 sit
1033 916 1113 981 ccile
1135 913 1291 1001 (penerel
1304 922 1333 981 et

130 1024 295 1101 mianum,
332 1042 405 1106 quae
439 1022 631 1106 significatio
665 1042 707 1087 ne
741 1023 813 1105 ipsa
847 1022 980 1106 quidem
1015 1026 1094 1106 apta
1123 1025 1218 1088 esset.
1265 1021 1331 1087 Sed

128 1129 334 1211 interpretes,
363 1129 397 1194 in
420 1130 471 1195 his
494 1129 570 1195 solis
594 1129 702 1194 verbis
725 1129 886 1212 occupati,
916 1129 959 1194 ad
982 1129 1082 1194 totius
1105 1129 1167 1194 loci
1190 1128 1330 1194 sormam

129 1223 309 1301 atteridisse
332 1255 399 1301 non
422 1236 582 1315 videntur,
606 1235 668 1300 nisi
691 1235 779 1317 quod
802 1234 1021 1301 Buttmannus
1045 1255 1085 1301 ex
1108 1235 1218 1319 aliqua
1235 1238 1331 1317 parte

129 1343 170 1408 de
192 1343 256 1408 hac
278 1362 314 1407 re
338 1342 477 1408 lectores
499 1342 679 1407 admonuit.
725 1340 879 1407 Proxime
908 1342 994 1407 enirn
1026 1341 1182 1425 praecedit
1210 1341 1330 1425 ingenii

128 1453 161 1514 et
184 1449 294 1515 iudicii
316 1450 449 1528 mentio,
486 1468 625 1532 quorum
656 1448 736 1513 illud
758 1448 792 1513 in
815 1449 1016 1533 reperiendis
1040 1450 1139 1514 rebus
1163 1452 1196 1514 et
1219 1449 1329 1514 elocu-

127 1556 224 1621 tionis
248 1555 449 1621 ornamentis
472 1555 624 1638 cernitur,
648 1555 767 1621 hocin
790 1555 916 1620 delectu
938 1555 1108 1633 habend03
1132 1559 1165 1619 et
1183 1554 1226 1619 ad
1243 1554 1329 1619 hanc

127 1664 326 1728 sententiam
359 1662 561 1751 referuntur,
596 1682 670 1745 quae
704 1662 934 1739 subiiciuntur;
969 1662 1003 1726 in
1031 1661 1082 1726 his
1110 1665 1221 1726 autem
1250 1661 1329 1743 ipsis

127 1772 280 1852 apertum
314 1772 374 1849 est,
410 1790 484 1834 cum
519 1768 647 1834 delectu
681 1774 714 1835 et
748 1769 939 1852 gradatione
972 1767 1080 1850 posita
1107 1787 1180 1832 esse
1208 1769 1327 1833 verba:

126 1877 355 1960 sumpsisset
379 1912 420 1920 —
445 1896 508 1940 non
530 1877 721 1960 concupisset
743 1910 787 1920 -
811 1882 962 1951 omassct3
985 1893 1092 1957 neque
1109 1875 1217 1940 minus
1240 1875 1328 1939 idem

126 1984 284 2049 orationis
319 1984 491 2049 artificium
526 1983 703 2048 ostendunt
736 1982 821 2047 inter
854 2001 890 2046 se
924 1980 1029 2046 relata
1064 1981 1174 2066 nliqrcc
1202 1984 1235 2046 et
1265 2001 1328 2046 non

126 2091 245 2154 munic.
295 2090 452 2173 Apparet,
488 2092 572 2155 inter
605 2092 677 2156 haec
711 2088 777 2154 duo
811 2088 1016 2153 interiectum
1050 2088 1182 2152 tertium
1218 2086 1327 2167 luisse,

126 2196 216 2278 quod
239 2196 282 2261 ad
306 2197 444 2262 eandem
468 2197 623 2263 orationis
646 2196 787 2262 formam
810 2195 1096 2260 accommodatum
1119 2198 1215 2259 esset.
1256 2193 1327 2260 Hoc

126 2302 260 2367 invento
283 2302 387 2367 facilis
409 2305 475 2368 iam
505 2303 691 2369 emendatio
720 2309 769 2368 est
798 2305 831 2367 et
858 2300 1025 2366 lenissima
1048 2301 1229 2366 mutatione
1251 2320 1327 2383 per·

127 2408 250 2473 ficitur:
287 2408 373 2473 Nam
395 2412 424 2474 si
447 2411 557 2497 aliqua
579 2411 817 2494 contempsisset,
848 2410 878 2472 si
894 2409 1018 2492 partim
1041 2428 1105 2472 nen
1126 2408 1326 2491 concupisset,

125 2517 155 2580 si
176 2536 240 2580 non
263 2518 373 2581 omnio
394 2537 455 2581 nco
478 2524 624 2595 amasset,
655 2521 716 2582 cet.
761 2516 934 2581 Desiderat
963 2514 1180 2594 Quintilianus
1209 2515 1242 2578 in
1271 2515 1327 2578 Se·

125 2642 209 2688 neca
231 2622 440 2689 severitatem
463 2624 589 2702 iudicii;
619 2623 730 2689 omnia
753 2622 840 2687 enim
864 2643 951 2701 eum,
976 2639 1179 2704 quaecunque
1202 2620 1327 2685 submi·

125 2732 298 2796 nistrasset
324 2730 425 2796 nimia
453 2750 547 2814 paene
575 2730 695 2815 ingenii
723 2730 915 2807 fecunditas,
944 2728 1135 2810 arripuisse,
1165 2727 1327 2807 acumina,

126 2836 349 2916 sententiolas,
373 2836 560 2902 huiusmodi
584 2837 662 2914 alia3
685 2841 774 2902 reete
797 2836 994 2920 scripturum
1018 2835 1130 2913 fuisse,
1161 2836 1189 2900 si
1213 2854 1253 2900 ex
1276 2834 1327 2899 his

127 2945 236 3027 aliqua
259 2943 357 3027 plane
380 2945 640 3026 contempsisset,
664 2946 701 3009 ut
723 2943 833 3009 inania
857 2947 889 3009 et
912 2942 1026 3021 iutilia,
1044 2943 1170 3026 partim
1186 2939 1262 3024 (hoc
1278 2944 1328 3006 est

125 3050 226 3133 paulo
248 3050 322 3132 plus
350 3070 448 3133 quam
479 3049 602 3136 atiqzn)
636 3049 753 3115 saltem
784 3070 850 3115 non
882 3049 1089 3133 concupisset
1120 3052 1153 3113 et
1182 3047 1327 3112 studiose

126 3158 344 3241 quaesivisset,
368 3157 509 3239 denique
537 3176 604 3221 non
626 3157 737 3221 omnia
760 3176 820 3222 sua
843 3159 1001 3221 amasset.
1048 3155 1131 3220 Illud
1154 3154 1250 3232 addo,
1280 3155 1326 3218 sic

126 3264 260 3330 demum
282 3264 427 3346 intelligi,
453 3284 511 3329 cur
533 3265 688 3347 scriptum
714 3263 756 3327 sit
779 3265 808 3327 si
831 3263 951 3348 aliquo,
975 3282 1042 3327 non
1065 3264 1094 3327 si
1117 3283 1190 3347 quc.
1199 3257 1225 3341 ¹)

465 3547 737 3627 Quintilianus
760 3548 829 3624 Xll,
855 3548 905 3625 10,
930 3548 982 3610 62.

215 3689 281 3755 Hic
298 3692 392 3772 iram,
416 3689 467 3753 hic
488 3688 740 3753 miscricordiam
756 3689 941 3773 inspirabit:
965 3689 1015 3752 iric
1033 3688 1124 3770 dicet,
1153 3687 1201 3752 Te
1225 3689 1379 3753 viditur

125 3805 160 3862 et
189 3798 407 3881 appellavit
441 3804 474 3861 ct
506 3796 638 3878 flevit:
672 3803 701 3859 et
722 3816 785 3879 per
812 3816 917 3860 omnes
946 3794 1076 3877 offedus
1098 3801 1253 3858 tractatus
1275 3793 1326 3859 iric

125 3906 232 3990 itaque
254 3905 331 3968 illuc
352 3911 506 3990 sequetur,
530 3925 585 3967 nec
607 3902 713 3966 doceri
736 3902 937 3967 desiderabit.

215 4011 356 4094 Exponit
378 4010 595 4089 Quintilianus
618 4010 693 4074 inde
717 4029 737 4075 a
761 4008 837 4090 §61
863 4008 942 4092 (Hic
964 4016 1073 4074 orator
1089 4005 1175 4087 cet),
1200 4010 1323 4090 quanta

123 4117 238 4183 sitris
262 4117 395 4201 grandis
420 4121 452 4182 et
479 4117 681 4181 vehementis
705 4117 856 4183 oratoris.
902 4117 967 4182 Sed
990 4117 1023 4180 in
1046 4115 1107 4192 his,
1136 4134 1209 4198 quae
1233 4117 1325 4179 tran·

123 4224 324 4308 scripsimus,
360 4224 467 4288 verbis
502 4223 606 4289 multa
640 4226 726 4302 sunt,
762 4225 795 4287 in
824 4224 942 4306 quibus
969 4223 1114 4299 lraereas;
1150 4239 1257 4302 neque
1291 4221 1325 4285 id

123 4331 319 4413 interpretes
344 4331 466 4409 lelellit,
492 4332 546 4412 qui
569 4331 710 4413 primum
736 4335 896 4412 quaerunt‚
921 4330 1006 4394 unde
1023 4330 1156 4411 sumpta
1172 4328 1237 4394 sint
1253 4327 1323 4392 illa:

152 4558 175 4627 ¹)
194 4558 323 4628 [Secutus
343 4567 384 4616 est
402 4561 546 4631 Zumptius
565 4562 636 4615 hanc
655 4561 884 4615 emendationem.
921 4556 1011 4626 1842]
