2948 5206
674 285 736 349 201

151 476 344 541 tenuatam
379 479 603 544 condicionem
631 483 759 561 putant,
795 484 947 561 spectans
983 475 1305 559 commemoratur.¹)

149 580 233 647 deinde
253 584 322 648 aliis
346 587 546 666 argumentis
570 588 706 650 utuntur
728 586 829 649 nihilo
846 585 1046 661 melioribus,
1070 605 1144 666 quae
1161 585 1306 649 breviter

146 690 250 772 aliptae
278 692 360 755 satis
388 686 496 772 erit.²)
542 692 578 755 ln
601 692 719 774 quibus
751 694 821 756 haec
853 694 903 756 est
934 691 1116 757 communis
1147 698 1181 755 et
1210 711 1306 773 paene

144 796 300 861 medullis
323 800 479 879 pravitas,
511 798 609 881 quod,
645 817 744 878 quum
775 817 814 861 ex
839 806 1025 880 temporum
1049 797 1120 880 lege
1142 798 1223 863 Iulia
1246 817 1306 879 po·

141 903 275 968 denorum
310 903 411 968 rebus
447 905 515 969 tere
553 909 723 986 petantur,
767 907 812 969 ita
852 908 889 969 ut
928 925 976 968 eae
1017 923 1146 985 quoque
1187 902 1306 967 civium

140 1009 249 1087 ulouiae,
284 1030 360 1092 quae
394 1015 469 1092 post
503 1031 577 1076 earn
612 1010 762 1075 deductae
797 1015 883 1088 sunt,
919 1012 988 1074 sine
1016 1011 1172 1092 suffragio
1207 1010 1307 1074 luisse

137 1116 295 1192 credantur,
329 1117 492 1198 sequitur,
527 1121 564 1182 ut
593 1119 628 1182 L.
658 1118 749 1183 Sulla
785 1121 918 1200 putetur
952 1117 1065 1199 paucis
1100 1116 1194 1181 anuis
1222 1122 1306 1199 post,

136 1241 206 1303 quam
238 1224 399 1288 acerrime
428 1227 542 1288 contra
573 1227 677 1289 socios
708 1225 874 1289 civitatem
898 1226 1047 1305 petentes
1071 1225 1224 1305 pugnarit
1247 1242 1308 1286 nec

134 1328 272 1411 mpure,
297 1350 364 1413 quo
387 1331 496 1394 minus
519 1331 714 1413 acciperent,
739 1332 891 1413 potuerit,
916 1331 1072 1395 victorem
1096 1350 1192 1394 suum
1214 1348 1308 1393 exer-

133 1435 208 1499 citum
232 1454 329 1518 paene
355 1440 461 1501 totum
492 1438 526 1500 in
556 1438 740 1503 inferiorem
770 1438 877 1503 locum
902 1437 1089 1509 detrusisse,
1125 1436 1308 1518 meliusque

134 1542 307 1607 cousuluisse
329 1543 464 1608 infinitis
488 1544 549 1608 illis
573 1544 740 1622 Comeliis
776 1565 857 1626 quos
890 1543 1146 1608 manumissione
1175 1542 1308 1618 fecerat,

132 1667 207 1729 pam
237 1651 412 1725 veteranis
447 1650 609 1732 similique
640 1652 810 1733 iniquitate
842 1650 940 1715 ceteri
971 1650 1132 1714 triumviri
1162 1648 1213 1713 usi
1237 1667 1310 1713 esse

132 1755 292 1832 credantur,
327 1757 384 1837 qui
412 1756 570 1822 milltares
599 1757 741 1822 colonias
771 1757 987 1821 deduxerunt.
1033 1755 1102 1820 lam
1132 1754 1211 1836 quid
1233 1774 1309 1837 per·

82 1924 85 1931 .
132 1863 232 1927 remus
254 1883 357 1944 quam
380 1883 421 1927 ex
444 1883 494 1940 eo,
519 1864 607 1945 quod
625 1863 738 1928 Cicero
764 1862 810 1945 (in
827 1865 921 1929 Catil.
939 1864 977 1939 II,
1001 1863 1032 1939 9,
1057 1859 1113 1941 20)
1137 1880 1203 1938 eos,
1229 1880 1310 1942 quos

132 1965 202 2032 Sulla
218 1970 249 2033 in
266 1969 406 2033 Etmriae
422 1971 544 2052 oppida
561 1970 752 2047 deduxerat,
777 1971 908 2037 colonos
928 1968 1081 2051 appellat,
1107 1967 1310 2041 concludere,

133 2092 175 2139 tos
193 2076 344 2158 suffragio
366 2078 533 2141 caruisse?
557 2097 657 2159 quum
681 2079 864 2159 praesertim
883 2077 994 2142 Cicero
1020 2075 1118 2157 paulo
1142 2077 1218 2138 ante
1241 2076 1311 2137 uni·
1325 2091 1367 2133 aa

136 2196 224 2246 versos
244 2184 386 2264 optImos
414 2182 502 2247 cives
531 2183 659 2248 dixerit.
667 2178 694 2263 ³)
740 2184 807 2247 Nec
835 2183 951 2247 melius
981 2202 1021 2246 ex
1050 2201 1100 2258 eo,
1136 2180 1224 2263 quod
1252 2181 1312 2244 Dio

138 2285 243 2353 &salus
265 2288 388 2369 (XLIII,
413 2287 469 2371 39)
494 2290 658 2355 Caesarem
683 2290 716 2354 in
740 2290 900 2372 Hispania
924 2290 995 2354 aliis
1013 2289 1141 2370 oppidis
1164 2294 1311 2363 notaretur,

141 2391 194 2458 aliis
220 2399 343 2463 ἀποίκους
370 2408 426 2456 rur
452 2400 592 2474 Ῥωμαίων
615 2407 776 2475 νομίζεσθαι
809 2397 1007 2461 concessisse
1041 2398 1170 2473 narrat,
1206 2395 1312 2476 Span-

143 2498 241 2566 lemius
263 2504 400 2582 conficit,
424 2507 510 2570 inter
532 2507 696 2570 civitatem
715 2506 846 2587 plenam
865 2505 964 2567 etius
983 2503 1101 2567 civium
1119 2503 1153 2567 in
1171 2500 1313 2566 colonias

148 2602 325 2674 deductorum
350 2612 473 2693 aliquid
498 2613 691 2683 interfuisse,
723 2631 822 2692 quum
848 2611 1069 2691 intelligantur
1092 2608 1226 2672 coloniae
1250 2610 1313 2672 La-

202 2768 320 2777 ——--.-
332 2772 377 2778 --α

83 2854 87 2871 “
173 2848 190 2911 'l
203 2854 358 2926 Exspectata
385 2859 483 2913 saltem
511 2860 582 2913 inter
609 2859 705 2928 capitis
734 2858 928 2912 deminutionis
958 2873 1058 2926 genera
1087 2857 1138 2908 hoc
1165 2856 1313 2915 numerari,

206 2947 313 3011 moniam
342 2953 370 3001 et
398 2948 445 3016 qui
469 2947 608 3002 civitatem
632 2949 713 3017 plane
737 2947 890 3009 mutabant,
919 2951 946 2998 et
969 2946 1024 3013 qui,
1055 2945 1080 2997 in
1105 2961 1139 2997 ea
1162 2950 1314 3009 manentes,

208 3040 302 3098 rmum,
320 3037 410 3105 capite
428 3036 667 3090 deminuebautur.

179 3110 315 3189 lupam
337 3142 371 3178 a
394 3125 577 3193 spanhemius
601 3126 664 3180 orb.
689 3125 768 3178 nom.
790 3126 814 3189 1,
838 3124 854 3174 a
877 3142 903 3192 ρ.
922 3123 957 3174 ao
976 3139 1035 3191 sqq.
1060 3122 1102 3174 ea.
1121 3121 1182 3174 aar.
1205 3121 1315 3174 umam

211 3206 251 3262 tim
266 3211 370 3277 habere,
394 3214 528 3268 intellexit
550 3214 701 3268 Trekellius
726 3213 847 3280 (Antiqq.
867 3215 947 3267 Rom.
968 3213 1015 3265 sel.
1036 3229 1061 3279 p.
1079 3208 1240 3275 ala-254),
1264 3227 1315 3263 nec

211 3300 281 3353 umen
298 3318 381 3356 ausus
400 3308 442 3356 est
461 3303 604 3356 veritatem
628 3302 713 3370 sequi.
751 3301 935 3364 decentiores,
955 3300 1001 3369 qui
1021 3300 1138 3352 eandem
1162 3305 1317 3367 sequuntur

212 3390 359 3453 sententiam,
378 3390 448 3444 nihil
466 3390 631 3444 addiderunt
649 3391 812 3460 argumenti,
832 3390 883 3443 nisi
902 3390 975 3457 quod
991 3388 1208 3457 Hopleusaclrius
1223 3407 1249 3457 p.
1264 3388 1316 3440 147

212 3486 235 3524 0¹
249 3491 282 3540 eo,
299 3480 371 3547 quod
390 3479 504 3533 coloniae
522 3479 654 3533 Romana
673 3479 819 3548 participes
844 3479 944 3533 luerint
968 3477 1126 3530 certaminis
1150 3478 1183 3531 dc
1206 3478 1316 3532 civiIate

212 3558 320 3625 Romana,
348 3584 394 3621 eas
417 3585 480 3622 cam
505 3584 560 3622 uon
583 3569 693 3637 plenam
719 3569 847 3622 habuisse
870 3567 974 3634 liquere
998 3571 1085 3634 putat.
1123 3564 1231 3619 Scilicet
1249 3565 1316 3620 illud

214 3646 287 3716 titum,
304 3658 376 3725 quod
397 3657 431 3709 ad
450 3657 570 3710 colonias
589 3657 690 3710 civium
709 3656 815 3717 attinet,
835 3661 923 3709 totum
943 3661 984 3708 est
1002 3655 1111 3718 lictum;
1136 3671 1170 3707 ne
1189 3655 1315 3707 Latinam

214 3739 298 3804 Itidem
316 3751 384 3814 puto
402 3751 541 3815 repertum
562 3746 602 3809 iri,
630 3763 691 3814 quae
714 3762 769 3798 non
793 3746 821 3798 in
844 3745 917 3798 hello
940 3743 1033 3797 sociali
1060 3744 1220 3796 altomana
1238 3748 1317 3811 parte

214 3831 301 3886 steten't
336 3831 472 3901 [isernia
499 3840 527 3888 et
554 3834 625 3887 Alba
653 3835 765 3888 coloniae
789 3834 892 3886 Latina
916 3833 1070 3886 Romanam
1095 3836 1201 3900 partem
1225 3832 1316 3884 defeu-

215 3912 286 3972 uentu
302 3939 319 3975 a
336 3922 416 3976 sociis
435 3928 598 3991 expugnatae
617 3928 763 3976 narrantur
782 3922 839 3975 biv.
859 3922 923 3990 epit.
944 3920 991 3977 tm
1021 3920 1140 3973 Venusia
1163 3925 1257 3973 tamen
1281 3921 1315 3973 ad

215 3999 348 4064 truentum
367 4011 476 4064 transiit
494 4008 575 4080 (App.
595 4012 651 4065 civ.
672 4013 690 4069 1.
710 4009 777 4076 cn]

186 4078 236 4147 'llll
250 4097 332 4153 eodem
349 4101 410 4154 loco
429 4117 518 4169 nuper
535 4100 687 4155 Beneclrius
705 4101 842 4170 glossema
865 4100 990 4167 ineptum
1010 4094 1158 4161 (Foeauloc)
1180 4096 1253 4150 male
1272 4098 1317 4150 de-

216 4177 301 4241 fendere
318 4194 431 4243 conatus
451 4195 500 4243 est.
537 4189 618 4243 Aliud
638 4195 679 4244 est
698 4195 819 4243 retorem
838 4187 973 4241 coloniam
997 4185 1075 4239 novis
1098 4183 1193 4237 incolis
1216 4183 1317 4237 additis

216 4282 320 4331 nuovue
338 4283 365 4331 et
384 4295 494 4347 augere,
513 4278 587 4332 aliud
606 4279 689 4332 simul
702 4279 770 4331 duas
784 4277 811 4330 iu
825 4277 922 4329 eodem
935 4274 1036 4343 oppido
1049 4272 1223 4335 constituere,
1243 4272 1316 4340 quod

216 4365 260 4412 erat
273 4364 423 4424 ridiculum
452 4384 503 4421 nec
527 4367 560 4421 de
585 4366 697 4419 Faesulis
720 4366 757 4419 ibi
782 4366 876 4419 Cicero
899 4363 1028 4432 loquitur,
1057 4361 1104 4415 sed
1129 4361 1163 4414 de
1187 4362 1317 4415 uniuerso

217 4460 292 4510 uenae
312 4454 417 4510 illarum
443 4456 612 4510 coloniarum
637 4471 685 4523 per
709 4455 845 4507 Etruriam
869 4468 1040 4522 sparsarum;
1069 4449 1127 4518 ipse
1151 4449 1244 4503 Cicero
1267 4465 1317 4517 pro

216 4532 268 4590 ltu.
281 4539 318 4599 tl.
335 4544 369 4597 49
388 4545 532 4598 Arretinos
551 4544 634 4598 addit.
