2948 5206
562 402 566 408 ,
668 316 735 382 419

137 510 278 590 tribuisset,
301 511 462 577 beneficia
485 512 605 577 valere.
650 512 754 576 Recte
776 511 874 594 igitur
897 512 1092 579 Garatonius
1117 515 1249 600 dipoum
1266 537 1302 580 re

116 656 121 678 2
132 640 157 701 p.
174 618 365 683 scribendum
388 618 526 700 putavit.
573 618 729 683 Mendum
752 621 802 682 est
825 617 989 701 frequens.

200 725 348 808 Insignior
376 725 562 789 emendatio
590 725 689 807 paulo
720 725 806 789 infra
837 725 986 790 facienda
1017 731 1076 805 est,
1112 728 1169 792 ubi
1201 728 1303 793 edunt

134 849 234 895 nuuce
261 831 373 897 codice
396 831 667 914 Guelferbytano:
702 852 866 916 autequam
901 853 922 895 a
958 831 1105 897 Memmio
1134 832 1301 916 (Balbum)

133 935 286 1022 tumme,
321 937 548 1022 Corthopioem
564 959 743 1021 possessum
766 939 841 1014 isse,
870 938 946 1002 olim
971 939 1114 1004 edebant
1137 960 1177 1004 ex
1200 940 1302 1006 inter·

133 1042 264 1124 palatione
286 1044 511 1109 recentissima
527 1044 708 1128 profectum
731 1065 803 1122 esse,
828 1047 937 1129 inepte
953 1066 1049 1123 sane;
1073 1066 1152 1110 narn
1172 1047 1302 1129 profici·
1397 1107 1400 1112 .

133 1150 214 1215 scendi
245 1152 362 1234 exigua
397 1150 468 1215 laus
503 1155 588 1227 erat3
623 1151 682 1215 sed
716 1150 816 1215 nihilo
851 1153 990 1217 alterurn
1025 1153 1157 1232 melius,
1193 1157 1301 1218 ortum
1317 1173 1342 1213 ιε

133 1254 203 1321 simili
220 1258 415 1322 emendandi
439 1260 567 1336 conatu,
593 1258 680 1341 quod
703 1258 937 1340 interpretatur
960 1259 1138 1337 Emestr'us,
1164 1259 1208 1322 ad
1231 1281 1301 1323 eom

134 1360 212 1425 olon
230 1364 446 1448 occupandam
468 1365 539 1428 isse.
576 1364 690 1446 Neque
712 1366 761 1427 ire
783 1372 966 1448 occupatum
988 1366 1097 1429 urbem
1121 1366 1238 1431 dieitur
1261 1367 1302 1432 de

135 1483 169 1544 oo,
194 1471 241 1551 qui
268 1470 323 1534 ab'
341 1470 539 1553 imperatore
571 1470 710 1535 mittitur
738 1470 847 1552 aliquo
876 1470 972 1553 (alius
1001 1476 1051 1537 est
1080 1474 1188 1555 supini
1216 1473 1302 1539 illius

135 1589 191 1638 usus
209 1596 276 1641 eum
300 1578 413 1656 verbo,
449 1577 537 1660 quod
567 1581 617 1642 est
644 1579 701 1655 ire,
739 1577 910 1655 coniuncti,
946 1582 982 1642 ut
1005 1599 1107 1661 quum
1129 1581 1230 1645 ultum
1253 1582 1301 1643 ire

136 1676 240 1764 dieitur),
263 1703 371 1766 neque
387 1680 552 1768 possidere
574 1683 683 1746 urbem
706 1687 756 1747 est
778 1705 939 1768 occupare,
964 1686 1053 1765 quod
1074 1686 1176 1751 miror
1198 1687 1301 1751 Eme·

136 1785 206 1852 stiun
233 1791 374 1872 probare
408 1792 565 1874 potuisse.
617 1788 826 1871 (Garatonius
862 1795 1031 1873 comparat
1066 1812 1106 1857 ex
1141 1796 1224 1858 orat.
1260 1792 1301 1857 de

137 1889 206 1959 dono
223 1916 249 1961 e.
271 1897 325 1975 42,
358 1898 422 1962 110
447 1897 557 1980 forum
586 1898 722 1961 armatis
745 1898 879 1962 catervis
904 1898 1073 1981 possidere,
1109 1899 1142 1963 id
1172 1902 1231 1977 est,
1267 1898 1301 1963 in

137 2014 179 2062 sua
194 2007 347 2083 potestate
369 2005 503 2083 habere,
533 2003 610 2086 [etsi
640 2006 759 2068 rectius
783 2004 829 2069 ibi
852 2004 999 2070 Graevius
1022 2004 1178 2069 obsideres
1200 2006 1299 2070 scribi

137 2103 242 2192 uoluit].)
285 2110 353 2175 Neo
376 2110 509 2188 Balbus,
545 2111 634 2193 quod
660 2112 740 2177 satis
770 2132 809 2176 ex
837 2115 908 2176 tota
936 2099 1083 2176 oratione
1106 2114 1244 2194 apparet
1268 2116 1300 2176 et

138 2225 166 2272 ⁰¹
181 2212 333 2299 disciplina
356 2217 594 2297 Romanorum,
619 2238 657 2283 eo
681 2218 752 2283 loeo
775 2220 808 2283 in
826 2217 1036 2301 Hispaniensi
1059 2217 1145 2281 bello
1169 2217 1239 2296 luit,
1263 2221 1300 2283 ut

139 2311 303 2405 Carthaginis
332 2324 576 2407 oppugnationi,
612 2326 765 2390 maximae
793 2324 895 2403 urbis,
929 2324 1051 2407 praefici
1078 2327 1200 2406 posset.
1250 2323 1299 2388 Ne

138 2422 211 2491 nuto
238 2429 369 2512 quidem
409 2434 484 2514 post
517 2432 551 2495 in
585 2431 690 2496 Gabia
724 2432 813 2514 apud
849 2431 1012 2495 Caesarem
1047 2431 1300 2512 gratiosissimus

139 2522 207 2608 legati
225 2535 412 2619 dignitatem
435 2540 550 2615 tenuit,
586 2542 622 2602 ut
651 2539 706 2620 qui
734 2538 963 2620 magistratum
986 2537 1111 2601 nullum
1135 2538 1298 2619 gessisset.

140 2629 238 2705 (lodices
258 2643 335 2708 boni
359 2645 494 2722 habent,
525 2645 552 2709 P
575 2666 639 2709 esse
655 2665 833 2729 possessum
856 2643 958 2726 (quod
982 2648 1031 2707 est
1055 2643 1153 2708 etiarn
1178 2645 1211 2707 in
1234 2663 1299 2708 uno

140 2733 198 2823 Ob),
220 2748 243 2812 E
263 2770 442 2834 possessum
471 2772 534 2815 esse
563 2749 650 2832 (curn
679 2771 744 2816 uno
767 2753 845 2815 item
870 2747 992 2832 Ox.).¹)
1037 2750 1123 2814 Hine
1146 2749 1299 2814 facillima

140 2845 162 2905 tl
185 2857 349 2921 unissima
384 2859 571 2922 coniectura
613 2859 751 2922 eruitur:
795 2857 988 2941 anoapine
1029 2878 1092 2920 esse
1131 2877 1298 2940 opressum.

89 2974 91 2981 ·
140 2943 209 3021 Vetus
227 2963 387 3027 scribendi
410 2965 503 3042 ratio,
528 2984 602 3045 quae
624 2966 658 3028 in
682 2964 752 3029 eod.
770 2964 845 3028 Par.
869 2967 1029 3046 perpetua
1053 2967 1102 3027 est
1126 2967 1159 3027 et
1182 2961 1243 3026 fuit
1266 2964 1299 3026 in

89 3056 92 3081 '
140 3059 288 3151 archetypo,
325 3089 468 3135 errorem
498 3071 616 3135 obiecit
639 3071 781 3148 librario,
816 3075 853 3135 ut
877 3071 954 3134 alibi
977 3069 1106 3151 saepius.
1153 3069 1299 3133 Velutll

140 3156 167 3224 lt
183 3167 269 3240 Divin.
292 3177 346 3254 56,
373 3177 437 3240 115
465 3197 524 3259 pro
553 3177 673 3242 obsides
701 3177 765 3242 duo
790 3177 916 3241 codices
939 3175 1028 3258 apud
1051 3176 1215 3241 Moserum
1237 3177 1298 3239 ha·

139 3260 194 3338 llll
206 3282 350 3362 possides.
397 3282 505 3361 Quum
529 3284 692 3366 Carthago
716 3304 736 3348 a
764 3284 958 3349 Sertorianis
983 3284 1197 3359 obsideretur,
1223 3283 1298 3348 Bal·

139 3367 194 3446 bum
210 3385 250 3452 ibi
270 3389 371 3455 fuisse
394 3394 427 3454 et
450 3391 654 3455 obsidionem
678 3391 835 3456 tolerasse
852 3391 965 3455 Cicero
989 3389 1075 3453 dicit.
1112 3390 1225 3470 ltaque
1243 3386 1261 3469 ἕ
1279 3390 1298 3452 o

89 3508 91 3519 '
139 3487 195 3552 lxlr-
224 3497 340 3561 ntdlius
378 3496 564 3576 obsidionis,
606 3498 724 3561 ›tullius
757 3498 869 3580 proelii
909 3503 1063 3580 expertem
1101 3495 1203 3576 foisse
1242 3495 1297 3573 ait,

139 3601 378 3668 quenadmodum
420 3604 472 3668 hie
514 3604 691 3669 obsidionis
734 3603 892 3669 mentioni
933 3602 1062 3667 subiicit
1108 3601 1298 3683 proeliorum

89 3742 91 3747 -
139 3706 310 3773 mentonem.

136 3826 139 3836 '
200 3813 343 3899 Sequitur
370 3814 402 3898 (ἕ
426 3814 477 3898 6);
513 3816 593 3881 Hoec
623 3824 695 3879 sacro
722 3817 842 3899 proelio
875 3816 1029 3879 Cornelii:
1064 3815 1138 3877 talis
1170 3816 1204 3876 in
1233 3835 1298 3876 reru

136 3909 256 3986 lttllloom
273 3932 414 3989 saeorum
431 3922 530 4004 labor,
555 3923 738 4003 ‹usiduitos
756 3923 928 3999 (lintanio,
949 3924 1047 3985 rrirtrrs
1063 3920 1162 4004 dipno
1178 3940 1299 3982 suoimo

142 4008 297 4112 ll'lttstore,
320 4052 391 4114 spes
407 4050 470 4113 pro
487 4031 642 4114 perioolis
659 4031 879 4113 proemiorum.
915 4029 994 4092 Mire
1011 4027 1130 4110 proelio
1157 4026 1296 4089 Cornelii
1311 4054 1336 4092 ιτ

142 4130 315 4216 tlnlmtur,
340 4138 457 4218 quibus
481 4136 679 4213 interfuerit3
707 4158 767 4201 neo
791 4136 906 4218 proelia
929 4138 1057 4199 tanturn
1082 4152 1296 4196 enumerave-

143 4232 178 4292 ltl
193 4235 294 4322 Cicero,
319 4263 358 4308 ac
381 4263 422 4308 ne
445 4245 593 4325 proximo
617 4243 749 4326 quidem
773 4245 843 4309 loeo
866 4243 1067 4316 nominarat;
1092 4239 1295 4303 interiectum

145 4338 179 4397 lll
206 4350 291 4414 enim:
330 4372 399 4414 cum
440 4351 586 4434 Pompeio
626 4351 669 4413 nd
709 4357 880 4412 ostreatum
919 4349 990 4411 belli
1029 4356 1149 4430 tempus
1185 4345 1297 4428 faisse.

147 4470 283 4500 xx*
292 4495 363 4501 .—

165 4558 228 4627 Ι101.
242 4594 270 4633 ex
287 4582 309 4635 Δ
327 4582 431 4651 profert
449 4598 504 4635 esse
518 4598 718 4648 possessurum.

1031 4664 1080 4718 27*
