2948 5206
674 227 739 293 243

204 423 246 489 39.
293 422 470 488 Castrum
500 421 643 488 Noram
673 423 706 489 in
736 422 855 489 Piceno
886 423 972 489 91999
1000 425 1115 491 eadem
1138 430 1297 511 tempora,

288 529 453 594 maritima
476 532 594 596 civium
618 530 731 616 (supra
754 551 787 614 p.
811 529 876 595 265
899 527 991 613 not).

201 636 244 703 40.
289 635 474 701 AEaeruia
503 637 537 702 in
564 637 697 703 Samnio
727 657 812 703 anno
841 641 915 720 post
941 638 1087 703 Firmum
1109 637 1202 722 (Vell.
1226 641 1297 707 9911.

287 742 354 806 Liv.
379 743 456 825 epit.
482 740 546 825 16),
572 744 697 822 Latina,
722 747 807 809 inter
832 745 883 809 18.

200 851 242 914 41.
287 848 464 913 AEsuium
492 851 525 915 in
554 851 646 916 Latio
675 849 769 916 annis
797 850 840 915 22
869 856 944 934 9991
969 852 1151 918 1199991991
1179 851 1297 937 (Veli),

286 956 424 1021 19919999
447 956 564 1021 civium
588 955 702 1039 (supra
724 977 757 1039 p.
781 957 846 1023 264
868 957 960 1040 not).

199 1063 240 1128 42.
284 1062 434 1126 Alsium
467 1065 501 1128 in
535 1063 665 1128 Etruria
699 1064 813 1130 eodem
849 1085 945 1143 anno,
981 1065 1145 1130 maritima
1179 1066 1296 1132 civium

284 1158 453 1253 (supra'p.
477 1167 567 1251 265).

198 1275 240 1353 43.
286 1274 465 1360 Frapeaoe
482 1276 611 1342 duobus
632 1279 725 1342 annis
742 1281 817 1360 9991
833 1278 969 1357 Alsium,
994 1278 1158 1344 maritima
1175 1279 1293 1344 civium

282 1381 396 1466 (supra
420 1404 452 1466 p.
476 1380 565 1466 265).

196 1488 237 1553 44.
282 1488 550 1553 Brundusium
572 1491 606 1555 in
630 1509 707 1572 agro
725 1490 904 1557 Sallentino
923 1511 1010 1557 anuo
1029 1494 1104 1574 9991
1120 1491 1293 1574 Fregenas,

282 1596 450 1678 Torquato
467 1596 723 1679 Sempronioque
742 1616 834 1674 coss,
859 1596 893 1662 id
909 1602 959 1663 991
975 1593 1085 1679 2441),
1109 1596 1202 1681 (Veli.
1222 1599 1294 1664 9911.

280 1704 349 1768 biv.
373 1704 450 1786 9911.
476 1703 541 1786 10),
566 1705 691 1783 Latina,
716 1705 801 1769 19199
826 1704 878 1769 18.
1327 1741 1329 1746 -

194 1808 235 1873 45.
280 1808 491 1893 Spoletium
532 1809 565 1874 in
607 1810 745 1875 Umbria
785 1809 924 1876 triennio
963 1815 1039 1894 post
1072 1812 1291 1877 Brundusium
1305 1835 1346 1877 999

279 1915 373 1998 (11911.
405 1917 475 1982 9911.
507 1917 574 1981 Liu⁸
607 1936 658 2000 99.
690 1916 762 1998 20),
802 1918 933 1996 Latina,
973 1918 1057 1983 inter
1093 1919 1133 1983 18
1174 1916 1288 2001 (supra

278 2044 310 2106 p.
335 2019 425 2103 268).

202 2126 230 2210 †)
279 2128 496 2193 Valentiam
519 2130 650 2194 biennio
673 2134 747 2212 post
770 2130 944 2196 deductam
968 2130 1080 2195 scribit
1095 2130 1186 2210 Veli,
1209 2149 1288 2196 nus-

275 2257 376 2319 quam
410 2236 488 2301 alibi
521 2236 734 2313 nominatam,
770 2256 811 2301 ne
845 2236 879 2300 in
908 2236 985 2302 balli
1017 2237 1148 2319 quidem
1175 2237 1289 2303 Punici

274 2343 420 2409 historia.
466 2341 547 2420 Quae
569 2342 598 2406 si
620 2341 687 2406 ulla
709 2341 771 2407 fuit
794 2344 922 2408 diversa
945 2363 966 2408 a
988 2343 1113 2409 Vibone
1137 2342 1214 2427 (vid.
1237 2344 1288 2409 in·

274 2447 338 2531 fra)
372 2468 433 2513 999
461 2468 501 2513 ex
529 2448 717 2514 confusione
745 2453 817 2514 orta
846 2453 910 2528 est,
945 2451 1077 2532 ignobili
1106 2451 1226 2533 oppido
1254 2452 1289 2515 in

274 2556 426 2621 Calabria
449 2555 602 2638 imposita
625 2559 658 2620 et
681 2576 759 2620 mox
782 2556 914 2621 sublata
937 2564 997 2622 991.

165 2707 169 2720 .
224 2713 230 2725 ,
275 2662 457 2727 Cremona
481 2670 513 2726 91
537 2663 927 2727 PloaeutiainGallia
950 2663 993 2727 ad
1016 2663 1144 2728 Padum
1167 2684 1198 2728 a.
1222 2664 1287 2728 218

273 2769 421 2836 Cornelio
445 2775 478 2834 91
501 2770 692 2851 Sempronio
717 2789 797 2834 9999.
822 2768 953 2852 (119999.
978 2770 1021 2834 ad
1038 2770 1102 2835 Cia.
1126 2772 1160 2834 in
1175 2771 1285 2836 Pison.

272 2878 351 2954 init,
375 2877 488 2960 Polyb.
513 2876 563 2953 111,
588 2876 640 2953 40,
666 2876 696 2952 3,
721 2876 789 2939 Liv.
814 2877 889 2958 9911.
914 2870 1016 2959 20)1),
1046 2879 1180 2954 Latinae,
1209 2877 1285 2943 Pla·

271 2984 377 3049 centia
400 2985 539 3048 Asconio
562 2988 656 3059 teste,
691 2986 829 3064 utraque
857 2984 1017 3048 1919918.
1064 2984 1172 3061 Quum
1201 2983 1278 3048 Gal·

270 3092 376 3156 lorum
406 3090 642 3156 incursionibus
675 3091 795 3153 attritae
826 3095 935 3154 999991
963 3089 1043 3171 (Lim
1068 3089 1193 3168 XXVII,
1231 3091 1283 3167 11,

269 3198 383 3274 XXXI,
411 3199 461 3275 10,
486 3196 551 3278 21),
577 3197 692 3261 9190
714 3216 771 3260 sex
791 3197 891 3260 millia
914 3197 1111 3261 familiarum
1135 3199 1285 3262 atrium·

268 3306 344 3370 viris
369 3325 407 3370 99
431 3304 572 3368 deducta
596 3309 671 3368 9991
695 3303 777 3385 (Liv.
802 3303 957 3380 XXXVII,
981 3302 1049 3386 46).

132 3469 354 3492 κ.

143 3592 226 3662 Ι111199
243 3607 419 3676 regrediendo
442 3624 490 3675 999
509 3623 638 3660 numeros
656 3605 778 3658 Firmum
802 3611 829 3658 91
847 3605 972 3658 Castrum
996 3605 1103 3659 Novum
1127 3606 1277 3660 9919999999

171 3693 313 3759 9119210,
341 3697 436 3759 idest,
465 3701 528 3749 9919
548 3695 703 3749 Ariminum
727 3701 753 3749 el
772 3695 961 3748 Beneventum
985 3710 1131 3762 ponemus;
1159 3699 1281 3762 apparet,

168 3788 207 3836 991
223 3785 271 3838 has
289 3784 409 3838 99199199
428 3801 483 3838 999
502 3789 574 3837 99919
593 3784 732 3836 9991199199
752 3800 810 3836 9999
829 3801 845 3836 9
864 3783 965 3837 Velleio
984 3789 1031 3836 aul
1051 3799 1179 3836 numeros
1199 3782 1278 3836 valde

165 3874 334 3938 perturbatos.
381 3871 512 3940 [Zonaras
536 3873 596 3925 Vlll
623 3871 720 3940 9380
744 3873 803 3925 Ρ99.
833 3873 908 3925 brevi
940 3877 1001 3940 post
1032 3872 1168 3939 Pyrrhum
1201 3870 1281 3924 119119

163 3967 324 4016 summotum
342 3964 478 4016 coloniam
497 3962 684 4015 Brundusium
704 3962 816 4015 missam
836 3959 939 4027 tradit]

127 4041 210 4113 ’11119
229 4068 284 4105 999
302 4053 437 4121 prioribus
457 4068 533 4115 coss,
558 4051 688 4104 deductas
707 4050 798 4102 media
817 4055 919 4113 astate,
943 4049 1111 4102 Placentiam
1129 4049 1197 4117 prid.
1217 4048 1281 4101 Kal.

157 4138 212 4193 199.
230 4141 336 4194 ostendi
355 4140 383 4194 in
402 4141 472 4208 App.
492 4140 549 4192 crit.
569 4139 636 4207 disp.
657 4139 690 4192 de
710 4140 808 4191 119999.
827 4157 852 4206 p.
872 4137 907 4190 ’20
926 4144 952 4191 91
971 4137 1013 4190 21.
1042 4137 1120 4204 Quod
1140 4136 1279 4190 Asconius

154 4228 295 4282 tradidisse
318 4235 438 4297 putatur,
466 4230 536 4281 hanc
560 4228 694 4281 coloniam
718 4228 973 4296 quinquagesimam
996 4227 1104 4280 tertiam
1128 4226 1273 4280 deductam

151 4333 218 4382 9999,
236 4319 265 4371 19
284 4334 339 4386 quo
357 4318 479 4385 Heynius
498 4317 588 4371 etalii
608 4318 719 4380 haerent,
740 4317 767 4369 in
787 4333 819 4370 99
838 4316 905 4369 911111
924 4317 1075 4369 adiumenti
1094 4322 1141 4369 991
1160 4315 1279 4383 impedi-

149 4406 236 4460 menti
256 4407 413 4474 (9999119919
431 4406 550 4475 positum
570 4407 670 4467 credet,
699 4407 747 4474 qui
771 4407 880 4459 Asconii
904 4411 1008 4458 textum
1029 4421 1061 4457 ex
1080 4421 1136 4458 una
1154 4403 1279 4473 99199199

146 4495 269 4550 editione
287 4496 490 4564 corruptissima
509 4496 627 4563 pendere
647 4495 727 4548 norit.

1014 4581 1061 4634 16*
