2956 5190
641 297 709 363 374

71 495 136 560 nisi
159 494 247 578 quod
269 494 425 560 omittunt
446 493 495 559 dc.
541 493 665 559 Deinde
693 493 767 571 ista,
802 512 903 576 quam
931 492 1106 570 inducunt,
1141 493 1258 561 interro
1311 532 1313 541 ·

73 601 161 684 gatio
183 600 388 683 ineptissima
411 605 477 678 est;
500 600 718 685 interrogatur
741 600 827 666 enim
844 600 886 665 de
903 619 953 678 eo,
977 598 1070 682 quod
1086 603 1161 665 erat
1174 620 1260 684 nuper

74 707 255 773 definitum.
301 707 370 772 Nec
401 708 523 790 ignoro,
558 708 621 774 boc
652 708 809 774 Orellium
838 711 1033 789 ceterosque
1063 705 1158 788 (nam
1180 708 1261 774 etiem

73 813 220 880 Matthiae
243 813 391 879 similiter
414 811 515 894 errat)
538 819 713 898 negaturos
736 815 956 896 dicturosque,
980 831 1071 878 nunc
1087 812 1194 878 altero
1207 814 1263 880 lou

74 920 275 1003 interrogari,
299 921 434 1003 quinam
457 920 606 987 homines
631 942 737 1005 quove
760 923 835 986 vitae
858 938 978 1003 genere
1001 924 1036 985 et
1059 920 1135 986 loeo
1152 919 1214 985 sint
1229 922 1264 986 illi

74 1027 259 1110 optimates,
283 1027 399 1092 sedin
421 1047 461 1092 eo
484 1047 682 1110 magnopere
706 1027 871 1093 falluntur.
916 1027 1003 1092 Nam
1027 1026 1169 1105 dentis,
1197 1047 1264 1109 qnos

75 1118 302 1216 descripserat,
326 1133 549 1216 optimatibus,
574 1136 629 1219 qui
650 1135 686 1197 iu
707 1154 742 1197 rc
759 1134 891 1218 publica
908 1132 1124 1198 emendaretur
1146 1141 1176 1198 et
1191 1136 1223 1197 iu
1236 1155 1265 1198 a

75 1261 107 1305 sc
129 1240 327 1305 exculentius
347 1239 507 1325 gerebant,
542 1242 644 1323 quaeri
672 1241 735 1306 isto
763 1241 861 1306 modo
884 1260 950 1306 non
972 1243 1117 1323 poterat,
1153 1260 1212 1305 nec
1231 1241 1266 1306 111

76 1351 180 1424 erant,
204 1347 375 1411 utstatim
400 1346 526 1424 dicitur,
554 1347 763 1430 municipales
784 1349 954 1433 musique
976 1347 1130 1430 Bormani,
1166 1349 1267 1432 uepuii

74 1460 225 1538 gerentes,
249 1452 389 1517 libertini
412 1453 555 1539 leuique.
592 1453 717 1519 Deinde
740 1454 784 1519 illi
808 1455 1053 1537 interrogationi
1076 1455 1267 1538 responden·

77 1561 156 1626 dum
180 1562 251 1624 erat
274 1559 402 1626 Latine:
438 1562 547 1644 optimi
581 1562 704 1646 quique.
749 1561 836 1626 Nihil
869 1576 947 1626 vero
979 1581 1178 1644 responsum
1208 1581 1268 1627 esse

22 1685 64 1727 iss
76 1686 184 1751 posse,
219 1666 361 1731 ostendit
391 1667 596 1749 apertissime
627 1668 712 1734 illud
737 1668 789 1732 Dc
811 1669 992 1732 numerosi
1027 1669 1159 1753 pueris,
1193 1667 1269 1750 quod

76 1774 217 1840 refertur
249 1773 434 1839 necessario
469 1774 513 1838 ad
540 1775 687 1857 proxime
716 1775 956 1858 praecedentem
979 1774 1269 1857 interrogationem,

78 1884 255 1963 antequam
279 1880 525 1962 respondeatur,
550 1882 676 1947 definiri
700 1883 826 1959 iubens,
851 1902 915 1964 quo
932 1900 1031 1946 sensu
1050 1882 1269 1963 interrogetur.

77 1989 258 2066 Postremo,
293 1991 330 2052 ut
359 1987 425 2051 iam
455 1988 641 2070 significavi,
677 1991 710 2053 in
733 1990 788 2054 illa
810 1989 907 2053 huius
930 1987 992 2054 loci
1015 1988 1181 2070 scriptura
1203 2007 1271 2052 oon·

78 2094 259 2160 tunduntur
286 2095 435 2160 homines
463 2095 607 2160 maxime
635 2097 764 2174 diversi,
799 2096 974 2178 optimates
1008 2114 1078 2159 rem
1115 2094 1272 2177 publicam

79 2202 345 2267 administrantes
369 2206 401 2267 et
424 2202 456 2280 ii,
486 2203 542 2284 qui
565 2203 733 2267 voluntate
756 2203 929 2284 optimates
952 2201 1017 2266 sint
1039 2202 1192 2266 homines
1215 2202 1273 2283 pri·

80 2309 156 2386 vati,
180 2328 246 2373 uno
269 2310 380 2385 verbo,
405 2309 517 2391 optimi
542 2311 673 2392 quique.
708 2308 884 2373 Videamus
908 2327 995 2372 nunc
1011 2307 1163 2373 codicum
1179 2308 1273 2389 serip-

80 2419 155 2480 tura
183 2435 282 2497 quam
311 2415 353 2480 sit
383 2435 449 2481 non
481 2415 586 2481 solum
618 2420 718 2493 recta,
753 2416 813 2480 sed
843 2415 1036 2481 necessaria.
1084 2414 1273 2479 Tenendum

81 2526 140 2598 est,
165 2521 336 2603 dupliciter
359 2523 492 2588 omnino
516 2522 618 2606 accipi
641 2523 847 2605 optimatium
870 2540 1001 2598 nomen,
1025 2519 1068 2584 de
1085 2521 1136 2598 iis,
1160 2522 1216 2602 qui
1231 2521 1272 2584 rei

80 2628 219 2710 publicae
243 2632 331 2693 certo
355 2629 497 2710 quodam
521 2631 619 2694 modo
643 2631 786 2712 praesint,
811 2632 844 2692 et
867 2628 908 2691 de
932 2628 980 2703 iis,
1005 2628 1062 2708 qni
1079 2628 1200 2709 privati
1217 2627 1270 2691 bas

80 2738 190 2817 partes
214 2740 393 2816 sequantur
417 2736 542 2818 illisque
566 2756 601 2800 se
625 2736 815 2818 adiungunt,
839 2754 912 2817 quae
936 2752 1055 2816 genera
1079 2737 1196 2815 postea
1219 2736 1272 2797 ite·

80 2862 153 2907 rum
177 2842 408 2925 significantur.
454 2841 584 2926 (Omucs
606 2843 769 2926 optimates
799 2849 871 2905 suat
899 2844 960 2905 cet.
992 2841 1034 2904 de
1062 2841 1112 2905 his
1143 2843 1272 2923 posteri·

81 2949 143 3013 bns
167 2948 293 3028 dicitur,
328 2954 399 3014 tum
428 2950 469 3014 de
498 2949 623 3014 alteris:
659 2947 786 3012 Horum
808 2948 863 3033 qui
885 2948 1039 3011 uoluntati
1063 2983 1103 2993 -
1128 2950 1270 3027 seruiunt,

81 3055 261 3138 defensores
284 3057 481 3140 optumatium
510 3057 663 3140 ipsique
691 3057 893 3138 optimates
920 3056 1153 3137 pravissimi
1175 3075 1273 3119 reustu-

82 3160 221 3243 rautur.)
267 3162 336 3227 lam
365 3163 487 3241 Cicero,
523 3182 624 3245 quum
659 3163 832 3243 optimates
867 3162 913 3225 rei
948 3161 1088 3242 publicae
1117 3161 1269 3244 principes

81 3268 253 3334 definisset
276 3289 332 3334 eos
356 3289 438 3347 esse,
468 3271 523 3354 pul
545 3289 604 3333 sua
628 3269 760 3332 cmisilla
783 3269 920 3351 optimo
943 3269 1078 3351 cuique
1096 3268 1271 3352 probarent,

82 3374 249 3439 oriebatur
272 3375 456 3440 necessario
479 3376 535 3440 illa
556 3375 781 3458 interrogatio:
820 3375 896 3455 Quis
925 3396 996 3460 erpo
1020 3382 1064 3438 est
1086 3377 1155 3458 istc,
1179 3377 1229 3439 cui
1247 3394 1273 3438 se

77 3481 226 3567 molera,
255 3484 390 3565 optimus
413 3483 564 3568 quisquc?
596 3483 683 3547 Tum
711 3483 786 3547 huic
809 3481 1052 3563 interrogationi
1076 3481 1124 3546 sic
1147 3502 1272 3566 respon·

82 3589 187 3666 detur,
212 3593 249 3653 ut
272 3609 386 3654 omnes
409 3591 553 3654 omnium
579 3590 730 3655 ordinum
754 3590 831 3654 boni
848 3590 933 3653 cives
951 3589 1272 3671 comprehendantur.

81 3695 127 3760 At
149 3696 203 3760 vix
226 3696 378 3761 Latinum
411 3697 505 3762 illud:
540 3699 611 3783 puis
640 3699 696 3761 istc
718 3698 852 3780 optimus
883 3696 1035 3781 quisque?
1067 3695 1153 3761 Huic
1186 3715 1272 3778 argu·

82 3807 194 3867 mento
216 3806 288 3868 tum
312 3805 502 3887 responderi
524 3805 653 3888 poterit,
678 3824 789 3885 quum,
818 3803 896 3884 quid
919 3803 1190 3885 reprehendatur,
1225 3821 1273 3867 ex·

82 3911 226 3991 positum
249 3909 357 3989 fuerit,
392 3915 450 3975 aut
477 3911 533 3994 qui
560 3911 693 3976 omnino
721 3907 814 3974 aliter
843 3910 905 3974 dici
928 3911 1079 3993 potuerit,
1115 3908 1273 3992 quamde

83 4034 182 4080 sensu
212 4017 388 4082 collectivae
415 4018 499 4083 illius
529 4017 756 4101 appellationis
785 4018 1049 4099 interrogaretur.
1095 4016 1206 4081 Unum
1233 4017 1275 4080 est

83 4142 149 4187 non
173 4125 328 4189 mendose
360 4125 570 4210 descriptum,
605 4126 664 4190 sed
699 4124 741 4189 ab
777 4124 847 4206 ipso
875 4123 1029 4188 Cicerone
1061 4124 1275 4197 commissum,

84 4229 172 4309 quod
207 4230 362 4313 ambigua
397 4232 452 4297 illa
480 4252 559 4298 voce
588 4231 794 4315 optimatium
823 4231 868 4294 sic
897 4235 947 4294 est
974 4250 1063 4306 usus,
1099 4234 1145 4306 ut,
1182 4248 1276 4311 quum

84 4335 182 4399 etiam
208 4335 278 4400 illos
302 4338 442 4419 optimos
466 4340 552 4405 cives
580 4340 754 4422 optimates
783 4337 963 4420 appellaret
992 4355 1053 4400 nec
1083 4355 1203 4418 genera
1232 4334 1277 4398 di·

84 4440 271 4524 stingueret,
296 4442 550 4525 disputationem
573 4448 708 4530 paulum
732 4444 905 4526 impediret
928 4448 960 4508 et
977 4443 1178 4508 obscuraret.
1219 4441 1277 4506 Re

84 4550 151 4612 stat
174 4547 348 4615 difficultas
371 4550 404 4630 in
428 4571 468 4617 ea
495 4556 667 4633 sententia,
703 4571 802 4636 quam
833 4551 932 4634 paulo
960 4554 1036 4633 post
1063 4549 1206 4632 positam
1233 4547 1276 4612 sic
