2956 5190
597 316 602 323 -
701 269 766 334 439

226 466 262 532 C.
286 467 338 544 20,
362 466 416 544 47,
441 465 497 530 ubi
519 485 606 530 nunc
629 465 760 547 legitur:
789 467 930 530 attento
954 463 1034 528 bella
1057 466 1188 549 lepissct,
1212 472 1332 550 quarata

130 576 229 660 pessit
252 581 280 637 ct
302 572 444 655 confecit,
478 573 506 636 st
529 579 572 636 tot
594 572 770 637 consulibus
792 574 964 654 meruisset,
1000 573 1117 656 quotics
1139 573 1204 656 ipsc
1227 573 1332 636 corceat

130 680 257 763 suisset,
282 681 351 744 iure
375 680 545 744 offendunt
567 679 707 744 editores
731 681 764 742 in
787 680 849 743 hac
872 678 1103 760 inaequalitate,
1130 680 1234 762 pessit,
1262 699 1331 742 con·

129 785 220 869 fecit,
248 786 371 869 fuisset.
418 785 481 864 Qui
513 789 623 849 autem
655 786 861 850 librariorum
891 805 1016 849 morem
1047 785 1147 863 novit,
1182 784 1333 849 dubitare

131 912 201 959 non
224 896 343 976 potest,
379 893 466 974 quin,
503 912 576 974 quae
599 892 748 956 Abramii
771 893 832 956 tuit
863 891 1057 967 coniectura,
1094 893 1136 956 ab
1165 892 1225 957 illis
1255 912 1332 957 con·

132 1000 297 1064 iunctivus
332 998 495 1079 protectus
530 998 581 1076 sit,
617 1019 683 1063 non
717 998 910 1063 indicativus
946 997 1016 1080 (cir.
1045 1018 1144 1080 supra
1172 998 1215 1062 ad
1239 1018 1265 1062 c.
1294 998 1333 1062 14

100 1126 166 1188 ·p.
191 1104 259 1187 34).
311 1104 463 1187 Syntaxis
494 1105 682 1187 postulabat
713 1106 953 1170 coniunctivum
984 1105 1016 1168 in
1047 1104 1216 1169 reddenda
1239 1105 1331 1169 Marii

131 1213 299 1287 oratione;
335 1211 392 1275 sed
415 1213 560 1293 peritura
584 1215 653 1276 erat
678 1211 977 1296 contrariarelatio
1001 1213 1047 1274 rei
1070 1211 1155 1276 fictae
1179 1215 1212 1274 et
1235 1230 1331 1288 verae,

133 1338 211 1401 quae
243 1321 339 1394 esset,
354 1370 356 1375 .
374 1319 401 1382 si
432 1320 502 1400 ipse
533 1319 653 1383 Marius
677 1319 878 1399 loqueretur:
913 1320 941 1382 st
964 1325 1055 1382 tanto
1079 1317 1158 1381 betto
1181 1317 1332 1400 tepisscm,

132 1432 258 1511 quarata
278 1426 371 1509 pessi.
417 1425 531 1506 ltaque
555 1428 591 1489 ut
618 1425 690 1489 haec
717 1428 912 1502 servaretur,
949 1425 1070 1502 Cicero,
1105 1428 1264 1505 tanquam
1293 1422 1332 1487 e'x

132 1552 198 1597 sua
220 1551 369 1615 persona,
394 1529 585 1596 indicativus
609 1532 718 1612 posuit
741 1531 840 1595 etiam
863 1531 896 1595 in
920 1531 1052 1613 obliqua
1070 1531 1226 1595 oratione.
1261 1529 1333 1594 Hoc

133 1658 274 1721 parvum
298 1642 362 1714 est;
386 1637 465 1701 illud
488 1637 603 1714 maiuS,
629 1638 717 1719 quod
732 1657 865 1720 gravem
882 1637 1161 1719 perturbationem
1177 1636 1333 1700 orationis

132 1744 358 1810 Ciceronianae
389 1745 423 1808 in
451 1744 513 1808 hoc
549 1744 655 1825 capite
690 1743 846 1808 accidisse
881 1745 913 1808 in
948 1743 1002 1808 illo
1037 1744 1157 1820 codice,
1194 1763 1233 1807 ex
1268 1762 1333 1824 quo

133 1853 238 1916 nostri
272 1833 345 1916 orti*
367 1854 453 1926 sunt,
489 1851 597 1915 doceri
632 1854 750 1932 potest.
801 1851 885 1914 Nam
915 1848 998 1930 §46
1035 1849 1146 1915 Cicero
1181 1848 1257 1913 dicit
1293 1849 1334 1912 dc

133 1957 254 2022 Mario:
296 1957 332 2022 Is
370 1959 470 2042 iqitur
510 1957 556 2020 M.
593 1958 735 2021 Arcm'um
771 1957 928 2040 Appium,
965 1956 1176 2038 fortissimam
1218 1957 1333 2037 aarum,

134 2061 289 2146 [mmma]
318 2065 432 2128 cirtam
449 2064 634 2148 preditum,
670 2064 793 2127 ciottctc
821 2063 959 2146 donavit,
994 2083 1089 2148 peccam
1119 2062 1334 2125 Camertinum

132 2170 241 2252 foedus
263 2173 495 2235 sanctissimum
520 2178 610 2256 atquc
634 2171 845 2255 aequissimum
869 2170 961 2232 sciret
982 2189 1054 2232 cese.
1089 2168 1175 2232 Nihil
1198 2171 1333 2250 praeter·

133 2296 185 2341 ea.
233 2276 295 2354 Qui
325 2277 363 2341 fit
389 2277 496 2359 igitur,
526 2281 563 2341 ut
591 2278 712 2342 Marius
736 2277 769 2341 in
793 2276 980 2341 defensione
1003 2275 1079 2339 ficta
1102 2274 1148 2338 sic
1171 2274 1332 2356 loquatur,
1347 2295 1374 2335 n

133 2387 294 2464 tanquam
318 2403 384 2448 non
407 2403 509 2447 unum
532 2383 632 2448 istum
655 2386 688 2448 in
713 2383 876 2448 civitatem
907 2382 1074 2464 receperit,
1092 2381 1169 2466 ,sed
1197 2380 1333 2445 multos:

135 2511 157 2553 o
184 2509 217 2554 sc
252 2510 289 2552 ecc
328 2491 580 2554 continentissimo
616 2499 707 2576 atquc
742 2492 935 2554 ocnicdscc'mo
968 2489 1093 2552 civitate
1124 2488 1334 2570 fortissimum

134 2616 371 2682 quemquamne
394 2597 567 2660 delectu-m?
598 2598 646 2661 Ac
670 2617 736 2667 non
759 2597 864 2661 solum
890 2616 929 2660 ex
952 2615 1018 2660 una
1043 2596 1183 2673 civitate,
1212 2594 1270 2659 sed
1294 2614 1334 2659 ex

134 2701 281 2767 duabus:
306 2724 403 2789 neque
426 2703 645 2787 Ipccoictotium
667 2725 764 2789 neque
783 2704 975 2768 Camertium
997 2701 1117 2784 foedcrc
1140 2722 1203 2767 case
1226 2722 1333 2786 eccep-

134 2816 213 2872 tmn.
259 2808 371 2890 ltaque
396 2810 590 2875 Garatonius
623 2811 801 2876 alterautra
831 2810 959 2874 civitate
988 2808 1127 2873 libenter
1157 2810 1333 2873 caritumm

134 2934 171 2979 se
203 2915 258 2993 ait,
293 2916 355 2979 nisi
387 2916 471 2981 torte
502 2918 640 2982 duarum
677 2918 843 2982 civitatum
874 2917 971 2981 tuerit
993 2917 1120 2980 Annius
1143 2915 1211 2992 ille;
1246 2914 1334 2997 quod

135 3040 216 3086 sane
240 3022 339 3104 paulo
363 3023 507 3104 apertius
531 3023 664 3088 dixisset
688 3024 809 3088 Cicero.
847 3024 1015 3106 Sequitur:
1040 3043 1115 3087 ccccm
1139 3023 1208 3107 qccte
1228 3041 1334 3084 corum
1395 3086 1398 3092 .

134 3132 198 3192 cet.
245 3128 284 3192 Et
309 3129 352 3192 ab
375 3130 426 3193 his
449 3131 663 3212 seiunguntur
687 3131 718 3207 ii,
743 3150 823 3211 quos
848 3130 968 3195 Marius
993 3150 1032 3194 ex
1056 3130 1188 3194 coloniis
1212 3129 1333 3193 Latinis

137 3235 295 3300 beneficio
319 3236 567 3318 legis'Apuleiae
592 3238 677 3301 cives
701 3238 832 3301 fecerat.
868 3237 954 3314 Quid
977 3238 1073 3318 igitur
1096 3237 1158 3300 sibi
1176 3236 1245 3299 vult
1264 3237 1333 3299 haec

135 3342 278 3424 plurium
310 3345 576 3408 commemoratio
605 3347 637 3407 et
664 3344 891 3425 Iguvinatium,
927 3341 1027 3425 quum
1063 3362 1164 3407 unum
1200 3343 1334 3407 Camer-

136 3450 244 3514 tinum
268 3450 358 3514 initio
381 3450 577 3514 nominarit?
605 3450 764 3513 Nimirum
789 3449 834 3513 ibi
849 3449 961 3514 Cicero
978 3468 1043 3514 non
1059 3449 1100 3513 de
1116 3469 1181 3512 uno
1198 3449 1333 3525 dixerat,

136 3556 196 3620 sed
221 3555 262 3620 de
285 3556 448 3637 pluribus;
472 3555 531 3620 sed
553 3557 749 3638 reliquorum
775 3556 1041 3621 commemoratio
1064 3557 1097 3619 in
1121 3555 1334 3620 describendo

136 3663 258 3727 omissa
282 3667 341 3727 est.
388 3664 435 3727 Ea
458 3667 495 3727 ut
523 3664 626 3745 qualis
656 3663 753 3727 fuerit
787 3664 993 3746 intelligatur,
1024 3662 1248 3745 attingendum
1273 3665 1332 3738 est,

136 3769 224 3850 quod
258 3769 374 3852 legitur
409 3790 436 3834 c.
461 3771 517 3847 22,
553 3771 606 3834 50.
669 3771 717 3835 lbi
751 3774 825 3853 post
860 3770 919 3834 Cn.
953 3768 1100 3851 Pompeii
1135 3771 1332 3833 mentionem

135 3877 351 3944 subiiciuntur
374 3878 445 3941 haec
468 3877 586 3941 verba:
622 3877 721 3962 qnid?
753 3877 890 3941 cobortes
913 3876 996 3940 dnae
1019 3877 1183 3940 universas
1205 3876 1334 3939 ‘Carnor-

135 3984 239 4046 tium?
260 4003 333 4065 quae
357 3984 384 4048 si
408 3983 450 4048 ad
474 3984 666 4066 Pompeium
690 3985 900 4066 pertinerent,
925 3984 1042 4048 saltem
1058 3983 1215 4065 scriptum
1232 3984 1333 4046 esset:

136 4089 237 4174 quid?
258 4089 342 4153 idem
366 4125 419 4154 -.
455 4089 520 4154 Sed
543 4111 594 4155 res
619 4093 708 4154 certa
732 4093 782 4154 est
806 4090 926 4173 duplici
948 4089 1113 4154 Plutarchi
1138 4088 1332 4165 testimoni0,

136 4195 169 4258 in
203 4195 305 4260 Mario
341 4215 368 4260 c.
393 4197 435 4261 28
470 4187 502 4261 et
535 4198 570 4261 in
606 4197 837 4279 apophthegm.
873 4216 939 4279 reg.
964 4200 997 4261 et
1019 4197 1168 4277 imperat.
1198 4194 1245 4278 [p.
1269 4196 1335 4259 245

137 4301 261 4385 Didot.]
297 4304 330 4366 et
360 4309 521 4385 praeterea
556 4303 695 4369 Valerii.
713 4304 846 4369 Maximi
879 4302 928 4385 (V,
961 4304 991 4382 2,
1025 4301 1069 4384 8).
1126 4302 1218 4367 Marii
1248 4302 1334 4366 enim

136 4407 198 4473 hoc
221 4408 344 4474 tactum
368 4414 448 4474 erat.
495 4411 563 4475 lam
587 4429 647 4475 nec
671 4411 733 4475 isto
755 4411 790 4476 id
818 4411 888 4476 loco
917 4409 1165 4476 commemorari
1194 4429 1214 4473 a
1243 4409 1334 4474 Cice·

135 4534 215 4580 rone
239 4518 377 4598 poterat,
402 4515 459 4580 ubi
483 4515 523 4580 de
546 4517 649 4581 Mario
671 4517 752 4582 nihil
775 4517 861 4595 dicit,
886 4517 954 4594 sed,
979 4536 1080 4599 quum
1095 4516 1233 4581 Marium
1250 4516 1334 4581 mul·
