2956 5190
703 328 768 393 515

131 523 241 608 medat,
265 525 320 608 qai
342 524 465 587 rrultatm
489 525 599 588 vitium
623 524 723 587 uitare
746 525 810 587 nisi
833 524 951 588 iudicio
968 525 1035 608 ipao
1051 528 1190 586 notatum
1203 529 1340 606 putant,

133 630 170 694 in
195 628 313 712 quibus
337 626 388 711 (ut
411 629 472 695 hoc
495 631 636 713 primum
661 628 854 712 transigam)
882 650 942 713 pro
965 629 1062 692 nimis
1084 629 1214 694 istorum
1240 649 1257 693 e
1285 649 1339 694 co·

134 735 246 801 dicum
282 735 480 818 optimorum
514 736 657 818 vestigiis
687 734 809 819 (Haun.
838 739 871 801 et
900 735 1020 801 Victor.
1048 733 1233 820 mystorum)
1263 739 1296 800 et
1322 756 1339 800 e

135 842 210 907 cod.
235 836 288 907 8⁰¹¹
302 842 440 908 Victoris
463 843 552 925 apud
575 843 749 907 Gruterum
774 843 983 907 scribendum
999 846 1058 920 est,
1083 846 1120 907 ut
1135 843 1239 921 lunta,
1264 843 1337 907 Vic-
1353 861 1393 901 ur

136 948 251 1025 torius,
275 948 361 1013 Rob.
386 948 573 1031 Stephanus
598 949 777 1026 ediderant,
813 951 1025 1026 metatorum,
1061 949 1191 1014 sublato
1215 949 1339 1014 comico

135 1054 193 1119 illo
216 1056 313 1118 nimia
329 1055 430 1138 pudet
453 1075 513 1138 pro
538 1074 586 1133 e0,
622 1055 709 1137 quod
739 1060 789 1120 est
817 1055 909 1120 valde
932 1055 1052 1140 pudet:
1089 1055 1154 1120 Sed
1178 1055 1240 1120 hoc
1262 1075 1339 1138 par·

135 1180 233 1237 vum;
258 1161 375 1225 deinde
399 1164 509 1226 autem
533 1164 644 1240 vitare,
668 1162 756 1244 quod
779 1161 929 1227 Davisius
951 1164 1030 1227 satis
1046 1182 1148 1245 prave
1165 1161 1340 1227 defendere

138 1271 277 1333 conatus
301 1271 360 1345 est,
397 1273 587 1352 comparata
619 1269 858 1334 constructione
888 1269 990 1348 verbi,
1027 1269 1114 1350 quod
1147 1273 1196 1332 est
1224 1290 1339 1347 censeo,

138 1374 231 1457 apud
255 1374 428 1439 Horatium
453 1381 485 1440 et
508 1375 669 1441 inferioris
693 1377 799 1441 aetatis
823 1375 996 1458 scriptores
1020 1373 1089 1458 (qui
1107 1396 1212 1440 carseo
1233 1375 1342 1458 faeere

138 1485 178 1547 ut
201 1481 289 1546 iudeo
312 1480 447 1563 dicunt),
472 1481 745 1565 Wyttenbachius
768 1484 802 1548 in
824 1482 989 1546 uitandum
1014 1481 1174 1560 mutabat,
1205 1482 1341 1547 Goeren-

138 1589 220 1668 zius,
255 1589 509 1654 assentientibus
533 1589 648 1654 Beiero
672 1593 704 1654 et
727 1587 857 1667 Orellio,
894 1589 991 1655 delet.
1037 1589 1142 1654 Nemo
1166 1589 1340 1672 quicquam

139 1696 223 1760 dixit
246 1696 287 1760 de
310 1695 503 1778 pronomine
527 1698 603 1780 ipsa
628 1696 715 1777 quod
740 1696 945 1760 incommode
970 1699 1003 1760 et
1020 1715 1174 1778 perverse
1193 1697 1341 1779 ponitur;

140 1802 298 1885 quaeritur
321 1802 417 1881 enim,
455 1807 564 1868 utrum
597 1804 707 1866 citium
739 1805 841 1886 ips-um
873 1821 932 1885 per
962 1822 997 1866 se
1020 1801 1210 1884 fugiendum
1234 1803 1275 1866 sit
1299 1822 1342 1867 an

140 1912 233 1973 metu
256 1908 364 1973 iudicii
388 1908 467 1991 (non
489 1908 604 1972 iudicii
626 1911 735 1994 ipsius,
765 1911 923 1991 tanquam
948 1908 1036 1972 aliud
1059 1909 1102 1972 sit
1126 1907 1341 1989 adiunctum).

140 2016 208 2081 Sed
241 2016 367 2080 codices
399 2015 682 2081 considerantibus
713 2017 785 2081 aliae
819 2019 852 2080 et
875 2017 1015 2080 maiores
1038 2014 1186 2079 oriuntur
1210 2015 1342 2080 dubita·

139 2123 257 2187 tiones.
302 2122 386 2187 Nam
420 2124 453 2186 in
486 2123 595 2187 codice
623 2122 733 2187 Haun.
758 2127 823 2188 est:
859 2144 916 2208 que
951 2120 1022 2205 (sic)
1057 2121 1157 2184 aduam
1192 2120 1340 2185 iuditium

140 2230 243 2293 vitare
266 2231 330 2293 nisi
351 2230 426 2293 vitio
450 2231 517 2314 ipso
540 2237 692 2294 mutatum
712 2237 839 2314 putant.
877 2230 995 2312 Atque,
1019 2227 1108 2309 quod
1131 2247 1228 2293 nemo
1252 2247 1342 2292 com·

140 2336 377 2400 memoratione
402 2335 535 2419 dignum
559 2337 696 2418 putavit,
726 2336 813 2401 hunc
842 2337 989 2401 ordinem
1013 2338 1045 2399 et
1068 2335 1128 2399 hos
1152 2354 1247 2399 casus
1272 2355 1341 2399 ver·

141 2442 260 2506 borum
294 2428 448 2506 iudiciuin
483 2479 525 2486 —
561 2444 643 2520 vitto,
680 2462 793 2509 omnes
828 2448 885 2508 aut
919 2443 1013 2525 longe
1039 2441 1179 2523 plurimi
1215 2441 1341 2507 codices

140 2547 339 2626 habuerunt,
365 2553 452 2614 certe
476 2570 588 2614 omnes
612 2549 743 2627 Davisii,
768 2550 823 2632 qui
847 2551 916 2645 ipso
940 2550 1008 2613 eius
1034 2547 1079 2612 rei
1103 2548 1195 2612 testis
1219 2550 1278 2627 est,
1310 2552 1344 2614 et

141 2653 232 2736 apud
254 2654 418 2720 Moserum
442 2661 563 2739 praeter
585 2657 808 2722 Victorianum
838 2656 936 2720 etiam
965 2654 1076 2732 infimi,
1110 2653 1342 2719 Creuzerianus

142 2765 176 2824 et
199 2760 532 2843 Wyttenbachianus;
568 2763 609 2827 de
632 2765 759 2844 quarto,
795 2763 992 2838 Monacensi,
1022 2765 1159 2826 tacetur.
1207 2761 1342 2826 Goeren-

141 2867 221 2945 zius,
256 2872 293 2942 ut
327 2869 419 2947 solet,
455 2872 543 2934 tacet
577 2870 617 2934 de
652 2868 701 2946 iis,
736 2867 855 2950 quibus
891 2869 937 2932 uti
968 2867 1113 2932 nescivit.
1124 2864 1150 2949 ¹)
1196 2869 1285 2934 Idem
1310 2870 1343 2934 in

142 2977 290 3038 veterum
315 2974 474 3040 editorum
499 2976 588 3040 libris
612 2976 721 3055 fuisse,
746 2976 939 3058 perspicitur
963 2995 1003 3039 ex
1026 2974 1075 3052 iis,
1100 2995 1173 3057 quae
1198 2976 1343 3041 Moserus
1358 2991 1398 3032 1⁴⁵

144 3080 185 3144 de
208 3079 392 3146 Cratandro
424 3086 456 3147 et
479 3082 643 3165 Hervagio
672 3082 851 3147 annotavit.
898 3080 983 3163 (Ipse
1015 3086 1051 3146 ut
1082 3083 1115 3146 in
1146 3083 1209 3146 hac
1240 3083 1343 3164 scrip·

91 3182 113 3254 “,
142 3189 230 3253 tione
265 3194 392 3253 veteres
427 3189 586 3254 editiones
622 3208 866 3270 compararem,
907 3208 967 3252 nec
1006 3190 1162 3270 temporis
1197 3188 1342 3254 brevitas

143 3296 289 3377 permisit
325 3316 384 3360 nec
420 3295 567 3360 utilitatis
602 3296 677 3360 inde
711 3299 917 3377 proventurae
953 3315 1027 3377 spes
1056 3292 1227 3378 incitavit.)
1273 3296 1342 3359 Iam

171 3522 193 3590 ¹)
211 3525 343 3580 Orellium
363 3527 414 3580 hoc
434 3532 461 3580 et
479 3526 587 3581 infinita
604 3526 704 3580 similia
727 3526 755 3580 in
778 3526 886 3579 selecta
912 3525 1050 3579 varietatis
1075 3525 1253 3579 annotatione
1276 3541 1343 3594 prae-

215 3615 370 3680 termisisse,
399 3632 454 3668 non
483 3622 539 3669 tam
567 3632 691 3669 seorsum
719 3615 889 3684 reprebendo
914 3631 996 3682 quarn
1022 3614 1135 3682 intelligi
1159 3614 1229 3679 volo,
1259 3630 1343 3682 quam

214 3705 316 3759 nullius
335 3705 461 3759 utilitatis
480 3706 515 3758 sit
534 3710 623 3759 tolum
643 3705 707 3758 illud
728 3704 891 3772 excerpendi
913 3720 1007 3771 genus,
1036 3719 1090 3770 quo
1116 3703 1247 3767 celeriter,
1276 3704 1343 3757 dum

214 3793 314 3847 librum
334 3794 454 3863 aliquem
474 3795 636 3848 festinanter
654 3794 881 3862 recognoscimus,
901 3791 1012 3860 defungi
1032 3808 1186 3860 possumus.
1224 3792 1292 3859 Quae
1309 3792 1344 3846 sit

214 3883 287 3936 enim
306 3883 493 3937 memorabilis
513 3883 654 3952 scriptura,
674 3888 734 3936 tum
753 3884 865 3935 demum
884 3880 998 3948 intelligi
1017 3886 1116 3948 potest,
1136 3897 1223 3949 quum
1242 3886 1269 3934 et
1285 3881 1343 3934 uni·

215 3972 285 4025 versi
304 3978 453 4041 apparatus
472 3972 557 4025 critici
576 3977 675 4025 natura
694 3977 835 4041 perspecta
860 3975 901 4024 est
925 3975 952 4023 et
977 3969 1003 4022 in
1029 3969 1143 4037 singulis
1167 3970 1232 4023 locis
1251 3970 1344 4023 omnia

215 4067 355 4115 momenta
379 4061 514 4130 exquisita
540 4061 582 4115 vel
606 4061 696 4129 potius
720 4061 773 4114 iam
799 4061 899 4114 veritas
925 4060 1044 4113 iuventa.
1087 4060 1225 4112 Damnum
1249 4063 1344 4113 autem

214 4150 266 4203 ista
285 4151 395 4205 selectio
415 4151 498 4204 habet
517 4167 572 4204 non
590 4149 659 4214 leve,
688 4151 760 4218 quod
785 4150 911 4203 homines
935 4165 968 4202 ea
986 4148 1127 4202 confidunt
1148 4148 1295 4215 omniaque
1315 4147 1344 4201 in

215 4241 274 4291 tuto
293 4238 381 4307 posita
400 4245 506 4308 putant,
526 4239 573 4293 ubi
593 4239 660 4292 nihil
679 4238 846 4307 adscriptum
866 4244 914 4292 est.
949 4238 1009 4291 Uno
1028 4237 1111 4291 modo
1130 4242 1203 4291 recte
1222 4235 1280 4290 lieri
1300 4236 1344 4290 de·

214 4325 301 4380 lectus
329 4333 418 4395 potest
446 4328 473 4381 in
504 4327 642 4382 varietatis
669 4328 855 4391 annotatione,
883 4332 913 4380 ut
938 4332 985 4380 aut
1011 4326 1136 4379 codicum
1160 4330 1297 4379 certorum
1317 4330 1344 4378 et

214 4417 391 4484 probatorum
411 4423 458 4471 aut
477 4417 621 4486 diligenter
639 4417 800 4470 collatorum
825 4416 966 4485 scripturae
989 4414 1193 4484 perscribantur
1217 4420 1265 4467 aut
1290 4413 1345 4467 edi·

213 4505 329 4571 tionum,
354 4505 566 4575 comparationis
591 4522 681 4560 causa.
723 4506 820 4559 Cetera
842 4505 932 4573 specie
957 4505 1057 4558 ludunt
1081 4503 1197 4556 lectores
1221 4501 1346 4556 criticam

214 4594 390 4650 omnimodo
410 4595 540 4649 adhibere
559 4596 690 4660 volentes,
710 4595 774 4664 quid
794 4595 829 4648 sit
848 4593 948 4657 critica,
969 4592 1130 4647 nescientes.

1080 4681 1131 4734 330
