2948 5206
620 1629 722 1723 VIII.

173 1795 333 1893 Deiure
361 1803 408 1891 et
436 1799 698 1911 condicione
727 1800 1016 1894 coloniarum
1042 1801 1204 1920 populi

314 1941 510 2033 Romani
538 1944 730 2059 questio
759 1943 990 2035 historica.
1001 1941 1026 2044 ¹)

185 2225 269 2347 Solet
301 2282 429 2347 laudari
463 2286 496 2346 et
530 2282 745 2347 admIratione
778 2283 875 2364 digna
903 2282 1017 2346 haberi
1046 2282 1270 2347 Romanorum
1285 2302 1326 2342 eos

131 2389 236 2462 uuum
257 2390 409 2454 universa
431 2409 466 2453 re
489 2388 620 2470 publica
643 2390 869 2453 constituenda
892 2392 963 2453 tum
987 2390 1021 2453 in
1043 2388 1178 2470 singulis
1202 2389 1271 2453 eius

132 2493 228 2568 paribus
248 2495 434 2560 ordInandis
457 2495 631 2578 prudentia
653 2495 847 2578 cohibetque
865 2496 1048 2560 dissensum
1065 2496 1272 2577 aliquatenus

132 2593 237 2666 inmensa
269 2603 424 2684 potentiae
458 2622 623 2683 opumque
659 2603 760 2666 moles
794 2603 836 2666 ab
869 2603 923 2666 illo
952 2602 1073 2684 populo
1097 2605 1272 2666 exstructa.

132 2698 209 2784 Sinis
222 2711 327 2772 tamen
345 2711 378 2773 in
396 2712 488 2773 tauta
504 2708 707 2771 laudantium
726 2709 932 2772 multitudine
950 2729 1000 2785 ea,
1026 2728 1099 2789 quae
1115 2708 1271 2773 laudandi

132 2841 340 2858 ἱᾖ..-

147 2928 161 2993 ¹l
172 2931 240 3000 [Edita
261 2956 284 2992 a.
305 2937 373 2990 1832
397 2937 525 3006 bipartito
549 2937 576 2989 in
600 2937 751 2990 indicendis
776 2939 846 3006 regis
874 2937 1059 3006 augustissimi
1087 2936 1221 2990 nataliciis
1245 2943 1272 2990 et

174 3027 299 3081 nutatione
322 3027 497 3095 magistratus
521 3027 676 3079 academici.
715 3028 744 3079 In
769 3028 820 3079 hac
843 3027 961 3080 editione
984 3026 1117 3079 nonnulla
1140 3026 1273 3093 explicavi

174 3115 235 3179 paulo
252 3117 367 3179 uberius,
396 3121 426 3168 ut
450 3115 483 3168 de
508 3115 643 3183 isopolitia
666 3116 713 3168 illa
731 3115 916 3169 Niebuhriane
939 3121 966 3169 et
990 3116 1023 3168 de
1042 3115 1163 3182 Dionysii
1182 3115 1273 3168 incon·

174 3205 258 3267 stantia,
285 3204 440 3257 testimonia
468 3208 495 3255 et
523 3202 696 3257 firmamenta
722 3203 834 3257 mirifice
859 3220 921 3256 cum
946 3203 986 3267 iis,
1015 3220 1076 3271 quae
1094 3204 1272 3272 disputarem,

174 3293 344 3345 consentientia
363 3292 464 3356 addidi,
483 3291 589 3344 minuta
608 3293 734 3360 quadam
754 3293 870 3350 correxi;
890 3293 1006 3345 aliorum
1022 3292 1164 3362 opiniones
1179 3298 1274 3361 postea

173 3379 276 3443 prolatas,
302 3381 487 3449 superioribus
512 3379 622 3445 similes,
646 3381 770 3449 colligere
795 3388 821 3433 et
845 3382 909 3434 data
931 3397 1014 3448 opera
1038 3381 1162 3436 refellere
1181 3399 1272 3450 super·-

174 3467 226 3529 sedi,
240 3470 301 3522 nihil
320 3470 453 3522 hahentes
471 3469 535 3521 nori
555 3471 716 3537 argumenti.
754 3470 842 3533 Velut,
863 3476 893 3523 ut
911 3486 966 3523 uno
986 3471 1111 3538 exemplo
1130 3472 1272 3538 defungar,

172 3570 242 3621 quum
258 3563 334 3627 caput
353 3557 511 3626 questionis
534 3558 569 3611 sit
593 3559 627 3611 de
651 3558 708 3612 iure
734 3559 900 3619 colonorum,
930 3559 957 3612 F.
978 3558 1082 3612 Walter
1101 3557 1272 3623 (Geschichte

173 3642 212 3695 des
230 3648 372 3700 romischen
396 3648 506 3700 Rechts.
531 3648 617 3701 Bonn.
643 3647 718 3700 1834.
739 3649 749 3700 Ι
774 3666 799 3716 p.
821 3648 864 3713 7⁶2)
893 3648 964 3701 cives
991 3648 1018 3700 in
1038 3647 1157 3700 colonius
1176 3646 1273 3699 missos

172 3733 278 3802 suffragio
296 3742 322 3788 et
341 3737 547 3805 participatione
567 3737 604 3789 rei
625 3738 740 3806 publicae
761 3738 892 3789 Romana
912 3736 1134 3789 administrandae
1153 3736 1273 3788 caruisse

173 3821 260 3881 scnhit;
285 3825 330 3877 sed
356 3824 513 3887 testimonii,
541 3826 613 3893 quod
637 3826 665 3878 in
689 3826 785 3879 ceteris
810 3826 891 3878 rebus
911 3825 1053 3893 diligenter
1078 3823 1215 3891 adscribit,
1244 3825 1272 3876 in

173 3908 215 3960 hac
230 3911 273 3965 hoc
289 3914 372 3981 ponit,
392 3916 461 3966 idem
479 3917 592 3967 sensisse
608 3916 757 3982 Sipontum,
779 3916 979 3982 Spanhcmium,
999 3915 1190 3980 Bettefomum,
1211 3914 1273 3965 Nie-

173 3997 284 4053 buhrium.
325 4003 443 4056 Omnino
467 4003 508 4056 vir
531 4003 626 4056 doctus
651 4005 731 4057 nimis
755 4020 846 4071 presse
871 4003 1050 4055 Niebuhrium
1074 4007 1183 4056 secutus
1208 4018 1273 4055 vera

174 4085 266 4142 inventa
281 4093 313 4144 ah
332 4093 441 4145 incertis
464 4092 638 4160 opinionibus
662 4109 716 4144 non
742 4092 881 4150 discrevit;
910 4093 944 4145 de
968 4090 1068 4144 aerariis
1092 4106 1210 4158 quoque,
1239 4091 1273 4143 de

173 4174 286 4243 inpolita
303 4187 328 4233 et
347 4181 494 4250 municipio
513 4181 696 4233 Niebuhriana
715 4181 809 4233 omnia
827 4180 942 4248 repetiit.
982 4176 1069 4244 1834]
1107 4176 1272 4243 [Walterum

171 4271 251 4331 putea
266 4270 425 4324 sententiam
438 4276 558 4323 mutasse
572 4270 615 4322 vix
630 4286 698 4337 opus
711 4275 752 4322 est
765 4269 861 4322 dicere.
890 4269 928 4321 Ne
942 4285 1014 4321 nunc
1027 4265 1138 4334 quidem
1156 4266 1271 4319 eliorum

171 4357 299 4410 sententias
317 4359 345 4411 in
364 4375 419 4412 una
444 4360 565 4412 alterave
588 4375 617 4411 re
640 4375 656 4411 a
680 4374 748 4421 mea,
777 4358 854 4410 cuius
878 4373 1016 4409 summam
1039 4360 1199 4422 sequuntur,
1228 4356 1272 4407 de-

170 4441 291 4498 flectentes
308 4447 430 4515 colligam
453 4454 501 4501 aut
520 4464 676 4515 persequar,
696 4463 783 4514 quum
803 4444 952 4514 praesertim
972 4445 1101 4509 inopere
1124 4443 1158 4496 de
1178 4458 1207 4494 re
1224 4459 1272 4510 pu·

168 4530 229 4583 hiie'a
245 4532 364 4589 Romana
382 4542 466 4590 totam
485 4554 544 4590 rem
563 4532 837 4603 comprehenderim]
942 4578 946 4591 .
