2948 5206
666 337 730 401 145

143 555 191 600 non
208 535 353 617 attingam,
389 533 451 597 etsi
480 537 561 598 sunt
591 532 643 597 hic
674 532 748 610 illic,
784 551 858 614 quae
890 531 967 596 addi
997 532 1049 596 vel
1081 552 1155 615 quae
1184 534 1300 617 corrigi

140 640 240 724 possint.
269 640 362 704 Velut
385 660 446 722 pro
468 640 566 704 Rosc.
591 639 622 715 6,
648 640 688 702 17
714 641 802 703 recte
826 638 927 703 edidit
951 659 991 703 ex
1015 638 1181 705 codicibus
1205 661 1299 723 paene
1356 708 1359 714 ,

138 746 265 811 omnibus:
296 749 352 830 qui
381 754 454 810 arete
482 746 565 809 hooc
582 765 728 830 pugnam
751 747 813 809 tiro
838 752 923 826 esset,
955 745 1038 830 quod
1060 748 1169 828 mom,
1200 747 1299 829 focile

137 856 213 938 poem
237 855 420 938 mugiet-rum
447 853 561 917 scelere
590 850 789 937 arrdacioque
824 854 995 935 superavit,
1030 872 1090 934 pro
1125 873 1174 929 eo,
1212 854 1301 936 quod

135 961 207 1044 ungo
224 961 323 1025 editur
346 979 407 1024 nec
437 960 470 1024 in
498 960 563 1025 ullo
592 964 642 1024 est
671 959 796 1024 codice:
832 960 895 1022 tiro
924 966 1000 1022 essct
1027 960 1169 1041 scientia,
1203 960 1301 1042 facile

133 1075 179 1132 cel.
213 1068 272 1132 Nec
293 1071 409 1132 tamen
431 1066 493 1132 hoc
517 1066 597 1130 satis
621 1066 777 1148 coarguit,
813 1064 893 1130 illud
917 1052 1169 1131 commendavit.
1215 1067 1300 1132 Nam

133 1174 260 1240 etomnis
281 1173 345 1238 tiro
368 1172 505 1237 scientia
528 1169 603 1254 (boc
626 1180 687 1248 est,
723 1176 793 1237 arte
823 1177 856 1236 et
886 1171 1130 1254 exercitatione)
1153 1174 1216 1239 tiro
1240 1178 1300 1251 est,

133 1285 158 1345 ct
175 1281 274 1345 eadem
296 1280 369 1362 ipsa
393 1299 428 1344 re
451 1279 590 1345 Roscius
613 1279 761 1361 Magnus
796 1299 862 1361 qua
890 1279 952 1344 tiro
976 1284 1072 1357 esset,
1108 1279 1301 1363 magistrum

132 1388 220 1453 vicisse
240 1387 301 1452 dici
326 1385 480 1455 debebat.
516 1405 582 1450 non
606 1386 691 1463 aliis3
726 1385 995 1468 suspiciosissimo
1018 1388 1129 1450 autem
1154 1391 1186 1450 et
1209 1406 1301 1451 acer·

132 1491 235 1558 bissime
268 1493 388 1558 dicitur
421 1493 504 1579 quod
537 1495 651 1568 sciam
686 1492 845 1575 significat
880 1492 965 1556 enim
1002 1496 1126 1569 orator,
1163 1493 1302 1558 fortasse

131 1598 209 1664 intere
227 1601 260 1665 in
282 1599 351 1664 vita
373 1600 483 1682 Magni
512 1599 636 1664 scelera
667 1603 744 1664 ante
777 1600 962 1677 commissa,
997 1598 1057 1664 sed
1088 1599 1149 1664 sibi
1180 1601 1301 1683 ignota.

132 1705 227 1771 Deinde
248 1706 337 1789 quod
360 1707 487 1772 codices
511 1710 642 1771 secutus
666 1727 761 1790 quern
784 1710 859 1788 post
889 1708 944 1790 qul
974 1707 1091 1782 omisit,
1127 1711 1217 1772 recta
1243 1727 1303 1790 per

132 1833 159 1876 se
177 1822 216 1878 est
234 1814 407 1891 sententia,
442 1812 502 1878 sed
531 1833 605 1877 cum
636 1812 813 1894 superiore,
850 1832 991 1894 quacum
1016 1815 1200 1878 necessario
1224 1833 1302 1879 con·
1318 1836 1357 1877 ns

132 1920 198 2002 iungi
222 1921 329 1994 debet,
365 1939 431 1985 non
461 1920 614 1985 cohaeret.
661 1919 784 2001 ltaque,
820 1920 880 1984 nisi
912 1941 1005 2004 quum
1036 1939 1145 1985 errore
1165 1920 1301 1999 excidit,

133 2027 289 2093 addendum
313 2030 374 2104 est,
398 2031 435 2091 ut
458 2026 590 2101 conieci,
614 2030 740 2107 etpost
763 2027 901 2090 contulit.

198 2134 254 2200 Pro
276 2135 374 2199 Rosc.
398 2134 509 2198 Amer.
534 2134 565 2208 8,
590 2133 630 2196 21
656 2132 833 2197 edebatur:
859 2133 939 2197 Hcec
962 2132 1043 2197 bono
1065 2135 1207 2218 sexagies
1230 2133 1305 2198 Hs

134 2250 249 2306 memus
270 2240 392 2306 duobus
414 2239 553 2303 suillibus
575 2260 748 2302 nummum.
783 2238 849 2303 Sed
873 2240 926 2304 illa
949 2241 1091 2325 sesopies
1110 2240 1183 2304 H·S
1197 2260 1304 2323 neque

136 2345 197 2411 ntus
215 2348 340 2413 Gruteri
363 2347 466 2412 codex
489 2365 595 2428 neque
618 2345 812 2411 Oxoniensis
841 2347 942 2411 habet
971 2345 1026 2429 (de
1049 2345 1110 2411 Ox.
1135 2348 1303 2424 rsilctur3

137 2453 179 2516 sed
194 2456 265 2537 eius
298 2434 394 2519 nulla
423 2473 562 2535 usquam
598 2454 730 2518 omissio
766 2455 916 2518 annotari
951 2453 1046 2528 solet,
1088 2472 1129 2517 ne
1164 2455 1304 2520 maiores

140 2560 236 2638 quidem
258 2561 322 2625 illae
349 2560 485 2635 lacunae,
522 2580 603 2642 quas
632 2561 693 2642 ipsi
724 2559 864 2625 editores
893 2561 1073 2641 permultas
1102 2561 1201 2625 luisse
1225 2562 1304 2626 scri-

140 2661 213 2747 bunt),
243 2688 303 2732 nec
334 2671 411 2731 sunt
443 2667 476 2730 in
504 2667 700 2731 editionibus
730 2667 905 2731 veteribus.
941 2670 977 2729 ut
1000 2671 1149 2748 apertum
1175 2668 1225 2744 sit,
1261 2668 1303 2732 ab

142 2770 229 2838 editore
251 2775 359 2857 aliquo
384 2772 427 2837 ad
450 2794 477 2838 c.
502 2775 532 2843 2,
564 2774 584 2837 6
613 2775 805 2855 respiciente
835 2773 943 2837 efficta
972 2792 1045 2836 esse
1069 2793 1108 2837 en
1132 2794 1181 2851 eo,
1216 2775 1304 2857 quod

142 2875 339 2958 iucodicibus¹
352 2880 484 2962 legitur:
520 2887 665 2944 emuntur·
692 2882 903 2943 sestertiorum
935 2879 1055 2943 dicolos
1078 2883 1155 2945 cet:
1191 2900 1304 2945 verum
1345 2913 1347 2917 ¹

143 2980 163 3045 id
178 2986 487 3070 interpretamentum
512 2991 561 3050 est
585 2987 672 3050 vocis
696 3007 869 3050 truncemus.
909 2986 986 3062 Nec,
1011 2987 1098 3068 quod
1122 2995 1220 3070 caput
1244 2993 1303 3066 est,

144 3087 224 3158 dicitur
243 3094 296 3158 illo
320 3092 419 3157 modo
444 3094 574 3168 Latine3
602 3113 679 3157 nam
704 3095 863 3176 genitivus
887 3093 988 3156 decies
1010 3096 1153 3165 sestertii,
1183 3096 1216 3158 in
1240 3116 1304 3177 quo

143 3197 230 3264 num
251 3205 301 3265 est
325 3199 534 3278 adiectivum,
559 3200 765 3281 substantivo
788 3202 832 3264 ita
858 3201 989 3282 adiungi
1013 3202 1135 3282 nequit.
1145 3196 1170 3281 ¹)

89 3372 91 3383 ,
202 3306 374 3372 [neodem
406 3309 554 3372 oratione
578 3326 604 3370 c.
632 3306 682 3380 13,
719 3307 760 3370 38
793 3309 944 3389 exiguam
976 3307 1204 3373 auctoritatem
1236 3309 1305 3373 edi-

144 3407 209 3475 liuu's
238 3415 384 3497 repetitae
420 3413 644 3477 Lambinianae
681 3413 730 3477 vel
772 3416 880 3495 potius
920 3414 1139 3479 coniecturam
1174 3419 1305 3479 secutus

146 3518 261 3584 nendum
284 3520 382 3585 nimis
405 3519 565 3585 incuriose
590 3521 846 3601 praetermissum
860 3522 981 3585 notavi.
1017 3519 1185 3584 Edebatur
1202 3522 1304 3586 enim:

146 3610 267 3690 luse’ee
290 3627 463 3690 audaciam
486 3627 679 3711 singularem
705 3627 864 3690 ostermere
887 3624 1042 3708 (oportet)
1061 3634 1089 3689 el
1105 3648 1205 3690 risores
1220 3627 1306 3708 feros

147 3724 332 3818 inmunemque
355 3741 506 3796 eruturum
526 3741 554 3796 et
570 3735 666 3795 ‘sito-m
686 3735 771 3796 *vittis
787 3733 979 3818 flagitiisque
995 3732 1137 3796 ominibus
1155 3733 1305 3814 deditoris,

149 3835 289 3924 riderique
311 3841 419 3902 sennia
445 3840 488 3902 ad
506 3842 678 3923 penelopen
699 3840 874 3924 profligato
906 3848 997 3925 atque
1015 3840 1169 3922 perdito?
1201 3840 1305 3906 Nemo

150 3936 249 4022 morat,
270 3946 439 4029 particulae
463 3946 624 4027 colligenti
648 3954 680 4010 et
703 3947 906 4012 concludenti
931 3947 1064 4032 desitque
1086 3946 1305 4028 copulativam

152 4059 277 4130 nunquam
311 4054 465 4136 praemitti
501 4052 590 4135 apud
625 4054 833 4135 antiquiores.
881 4054 1047 4118 Librarius
1081 4058 1131 4117 ter
1165 4055 1307 4136 positam

96 4216 99 4221 .
153 4158 347 4228 serberiam
371 4159 442 4224 loco
466 4158 601 4223 addidit.
648 4160 683 4223 ln
713 4159 858 4223 eiusdem
888 4160 1055 4241 particulas
1085 4160 1217 4244 desipere
1246 4182 1307 4226 usu

154 4254 237 4325 tdiosa
261 4271 326 4330 erat
357 4266 561 4331 librariorum
596 4266 693 4348 culpa
723 4268 828 4330 oratio
858 4269 891 4331 in
915 4267 985 4331 Cat.
1010 4266 1060 4342 ΙΙΙ,
1097 4267 1126 4342 Ι,
1165 4268 1215 4345 17,
1251 4269 1305 4332 ubi

156 4370 526 4438 supradictamrem
555 4393 572 4436 e
603 4372 784 4450 codicibuS,
821 4377 851 4437 et
884 4393 943 4455 pro
975 4375 1041 4454 Lig.
1066 4374 1096 4449 b,
1135 4374 1189 4438 12:
1226 4374 1309 4438 Novi

157 4497 373 4524 X—

180 4584 197 4651 ¹i
210 4593 372 4658 Steinmetzins
390 4605 424 4657 de
443 4604 582 4658 codicibus
600 4609 628 4657 et
646 4605 702 4657 suis
722 4610 749 4657 et
768 4604 883 4658 aliorum
903 4608 982 4656 tacet.

1061 4691 1095 4745 10
