2956 5190
751 282 794 347 62

170 479 232 546 sub
255 498 395 562 persona
417 479 561 543 Africani
585 476 732 559 proferri,
757 481 794 542 ut
816 496 878 554 res,
903 497 977 560 quae
1000 478 1054 542 hic
1076 498 1096 543 a
1114 479 1277 544 nonnullis
1291 482 1346 544 teu·

169 588 232 651 tari
255 585 391 664 dicatur,
415 585 514 667 paulo
537 588 612 666 post
635 583 723 649 iacta
745 603 817 648 esse
840 585 949 666 putari
971 584 1102 662 debeat,
1127 585 1160 649 id
1185 588 1245 663 est,
1267 579 1345 667 pallo

130 719 156 757 n
170 696 244 775 post
278 694 313 757 C.
348 692 577 775 Sempronium
618 695 651 755 et
689 691 743 755 Μ’.
772 690 949 782 Aquillium
990 709 1073 756 coss.
1108 688 1153 773 (a.
1182 711 1217 757 u.
1245 711 1272 756 c.
1297 692 1344 757 615

155 798 286 880 15η),
322 802 355 863 et
383 799 451 862 eius
480 797 669 862 mutationis
692 798 843 861 instantis
866 816 999 861 sensum
1023 799 1055 861 et
1077 798 1341 879 reprehensionem

171 925 190 970 a
214 904 368 970 Cicerone
391 905 545 970 Africano
568 905 726 968 tributam
751 923 833 967 esse.
1057 954 1060 958 .

259 1011 324 1076 Sed
348 1012 423 1089 iarn,
448 1011 536 1094 quod
559 1031 579 1075 a
603 1010 757 1075 Cicerone
780 1009 843 1074 dici
865 1009 1016 1089 vidimus,
1040 1010 1074 1074 id
1098 1011 1195 1093 quale
1213 1012 1263 1089 sit,
1284 1031 1340 1076 oon·

171 1118 361 1183 sideremus.
406 1118 455 1182 Ac
478 1118 620 1199 primum
643 1120 836 1199 supererant
859 1119 966 1194 antea,
995 1121 1032 1181 ut
1055 1136 1156 1199 supra
1177 1118 1339 1200 signiticari

150 1226 306 1307 ¹vestigia
333 1225 484 1307 quaedam
512 1224 608 1288 huius
637 1225 790 1300 instituti;
825 1227 1122 1289 commemorantur
1157 1225 1244 1288 enim
1275 1222 1340 1306 apud

171 1332 296 1396 Livium
320 1332 414 1413 pauci
438 1330 572 1412 quidam
596 1331 750 1395 senatorii
780 1330 901 1396 ordinis
929 1331 1078 1394 homines
1108 1349 1229 1412 equum
1258 1328 1341 1412 publi·

172 1458 245 1502 curn
268 1438 439 1514 habentes
474 1437 516 1501 M.
541 1437 651 1501 Livius
674 1436 837 1511 Salinator
866 1439 898 1500 et
921 1437 956 1500 C.
981 1435 1134 1501 Claudius
1158 1438 1254 1515 Nero,
1286 1456 1342 1501 cen·

171 1564 272 1621 sores,
307 1545 390 1608 alter
418 1543 461 1608 ab
490 1544 592 1608 altero
622 1562 744 1624 equum
766 1543 908 1607 vendere
931 1543 1010 1607 iussi
1033 1541 1077 1625 (a.
1101 1563 1133 1608 u.
1159 1563 1186 1607 5.
1210 1541 1294 1624 550),
1321 1544 1345 1605 et

172 1653 206 1716 L.
230 1650 338 1734 Scipio
366 1651 546 1727 Asiaticus,
582 1651 633 1714 cui
661 1653 736 1732 post
764 1650 969 1714 consulatum
1000 1669 1103 1731 equus
1132 1670 1152 1714 5
1176 1650 1219 1714 M.
1244 1650 1346 1715 Catom

172 1761 205 1822 et
227 1759 262 1823 L.
287 1757 401 1822 Flacco
425 1757 613 1822 censoribus
637 1756 811 1838 ademptus
835 1759 885 1820 est
908 1754 951 1837 (a.
975 1754 1070 1836 510);
1099 1775 1139 1820 ex
1163 1757 1280 1838 quibus
1303 1774 1350 1819 er·

106 1941 110 1947 ,
172 1866 297 1947 emplis,
322 1883 423 1947 quum
447 1864 623 1945 singularia
647 1866 766 1939 essent,
790 1863 938 1927 homines
961 1862 1048 1927 docti
1071 1881 1106 1926 se
1129 1883 1196 1927 nou
1214 1861 1352 1944 expedie-

171 1972 266 2048 bant;
301 1971 464 2036 Manutius
488 1975 610 2047 tamen,
641 1970 829 2046 Grucehius,
858 1969 1006 2033 Dukerus
1030 1969 1215 2051 suspicione
1238 1973 1351 2051 partem

172 2078 315 2161 aliquam
350 2078 495 2142 veritatis
530 2078 716 2160 attIgerunt.
726 2072 752 2157 1)
802 2076 915 2157 Neque
950 2076 1090 2139 multum
1124 2076 1253 2154 absum,
1288 2077 1354 2158 quin

172 2186 279 2266 ipsum
309 2184 434 2248 Livium
465 2203 582 2266 parum
617 2183 660 2247 ad
695 2185 839 2247 veterem
873 2202 998 2247 morem
1029 2182 1207 2247 attendisse
1242 2185 1355 2265 putem,

173 2290 260 2372 quod
283 2290 399 2354 ambos
420 2289 504 2372 forte
533 2309 684 2353 censores
713 2308 833 2370 equum
862 2289 1027 2371 publicum
1057 2288 1212 2354 habuisse
1241 2290 1357 2362 scribit;

171 2397 251 2462 nihil
274 2400 385 2461 tamen
409 2395 547 2460 affirmo.
594 2381 740 2460 ValerIus
770 2395 901 2478 quidem
924 2396 1095 2474 Maximus,
1132 2397 1186 2478 qui
1215 2414 1359 2461 censores

166 2511 299 2587 propter
322 2504 424 2566 oetota'c
447 2501 543 2565 robur
566 2521 687 2583 equum
715 2503 870 2566 habuisse
893 2507 1015 2580 narrat,
1050 2503 1096 2566 rei
1125 2521 1242 2587 parum
1271 2502 1360 2567 intel·

172 2609 274 2685 lectoe,
299 2628 397 2690 quarn
422 2629 442 2672 a
465 2609 554 2673 Livio
579 2609 730 2690 sumpsit,
753 2628 886 2673 causam
904 2609 1107 2690 excogitavit,
1132 2608 1250 2673 falsam
1268 2612 1361 2685 certe,

172 2718 199 2781 si
223 2717 348 2781 Liuium
372 2715 588 2780 Salinatorem
612 2715 796 2797 quindecim
820 2718 895 2797 post
921 2717 1063 2797 primum
1087 2715 1293 2780 consulatum
1322 2714 1363 2797 (a.

173 2821 251 2904 535)
275 2823 368 2888 annis
392 2823 554 2905 stipendia
579 2823 742 2905 equestria
766 2821 932 2887 factitasse
956 2823 1092 2904 putavit.
1139 2820 1187 2884 De
1211 2821 1247 2886 C.
1266 2821 1364 2886 Grac·

173 2929 225 2994 chi
248 2932 281 2993 et
304 2928 361 2994 Gn.
385 2930 532 3012 Pompeii
556 2929 706 3011 exemplo
729 2931 844 3010 postea
867 2922 1020 3008 dicam.²)

261 3036 371 3118 Ipsum
395 3040 506 3101 autem
530 3037 713 3101 institutum
738 3055 837 3116 quam
868 3035 1027 3099 rationem
1055 3033 1217 3113 habuerit,
1253 3036 1366 3104 vident

173 3142 251 3206 dum
275 3145 335 3207 est.
381 3141 489 3220 Quum
513 3144 599 3206 enim
629 3161 729 3206 censu
757 3141 800 3205 ad
828 3140 951 3205 militiae
978 3161 1099 3223 genera
1127 3141 1214 3207 cives
1244 3141 1367 3207 descri-

173 3249 337 3323 berentur,
370 3252 403 3313 et
425 3248 468 3313 ad
490 3249 562 3313 haec
585 3249 740 3331 suffragia
764 3249 966 3313 comitiorum
990 3248 1292 3327 accomodarentur,
1322 3250 1368 3314 ita

173 3357 219 3431 ut,
243 3356 298 3437 qui
322 3375 362 3419 ex
379 3376 508 3422 summo
526 3356 625 3421 censu
642 3355 684 3420 ad
702 3355 851 3418 militiam
868 3358 1052 3436 equestrem
1071 3354 1188 3419 delecti
1206 3360 1239 3420 et
1256 3357 1367 3438 scripti

133 3456 329 3542 55555513),
365 3482 425 3528 sua
452 3463 614 3528 haberent
640 3462 795 3543 suffragia
823 3461 946 3542 optima
974 3462 1177 3538 condicione,
1213 3463 1367 3544 primum,

201 3744 224 3812 'i
241 3746 299 3800 Liv.
319 3745 412 3809 XXIX,
430 3745 465 3798 37
484 3746 554 3812 (coll.
573 3745 720 3799 11511151.
739 3744 773 3808 ll,
792 3744 817 3808 o,
842 3741 869 3810 6)
891 3748 919 3798 et
938 3743 1055 3808 XXXIX,
1080 3743 1123 3808 ll,
1142 3750 1171 3798 et
1189 3745 1224 3798 ad
1247 3745 1369 3814 priorem

244 3835 334 3888 locum
353 3834 445 3888 Duker
463 3838 491 3887 et
509 3850 577 3901 quos
596 3833 618 3887 is
637 3834 738 3888 laudat.

202 3920 224 3989 ²)
242 3921 418 3990 [Senatorum
446 3921 587 3990 antiquam
615 3939 678 3976 eum
705 3921 800 3976 ordine
828 3923 946 3990 equestri
974 3923 1194 3977 coniunctionem
1222 3922 1369 3992 significari

244 4013 328 4066 etiam
347 4011 429 4065 vestis
448 4011 648 4077 communione,
673 4028 734 4079 quae
752 4012 780 4064 in
800 4012 921 4066 tumultu
940 4016 967 4066 et
986 4012 1061 4066 luctu
1080 4012 1189 4081 publico
1208 4013 1368 4081 apparebat,

245 4103 392 4156 admouere
418 4100 552 4175 debebam
575 4100 718 4169 adscriptis
749 4100 843 4154 Dionis
867 4100 951 4154 Cassii
980 4100 1143 4155 testimoniis
1166 4100 1310 4165 XXXVIII,
1335 4101 1368 4153 14

245 4197 272 4244 et
291 4191 344 4253 XL,
363 4190 406 4253 46,
425 4189 524 4258 quibus
543 4189 669 4257 quaedam
688 4189 827 4243 Fabricius
845 4186 941 4255 addit]

203 4274 224 4345 ³)
243 4280 304 4332 Scio
322 4278 511 4342 Niebuhrium,
538 4277 566 4330 in
591 4277 685 4346 primis
708 4278 845 4345 equitibus
869 4295 903 4333 ex
928 4279 1007 4348 plebe
1030 4279 1180 4334 scribendis
1204 4295 1303 4333 census
1326 4297 1367 4334 ra·

245 4367 347 4421 tionem
366 4366 489 4421 habitam
508 4382 568 4420 esse
586 4367 789 4431 concedentem,
817 4368 917 4422 horum
941 4376 1064 4437 posteros
1082 4369 1178 4438 primis
1197 4367 1367 4437 temporibus

245 4455 408 4510 hereditario
426 4456 485 4510 iure
503 4472 567 4510 eum
586 4455 677 4509 locum
696 4455 815 4510 tenuisse
834 4456 872 4510 ita
891 4458 1063 4523 contendere,
1081 4462 1113 4512 ut
1130 4457 1213 4512 aliam
1232 4457 1367 4511 rationem

245 4544 406 4612 cogitatione
425 4544 618 4614 comprehendi
637 4560 717 4613 posse
740 4551 828 4614 neget.
865 4546 917 4600 Sed
940 4546 993 4600 hoc
1017 4547 1085 4600 mihi
1108 4544 1169 4613 (etsi
1193 4545 1303 4600 difficile
1326 4550 1368 4599 est
