2948 5206
664 307 730 373 393

138 502 208 567 siita
232 506 287 592 est,
307 507 470 585 corrupta
494 507 571 567 sunt
600 503 701 568 verba
735 524 798 566 eros
821 503 913 567 client
935 506 985 582 sit,
1021 505 1165 588 latetque
1188 506 1296 571 adiec-

138 608 435 692 intempestativus,
471 609 561 674 cuius
593 613 740 673 extrema
773 609 881 675 littera
911 633 927 674 s
955 631 1055 693 quum
1085 612 1127 677 ob
1157 613 1296 679 eandem

81 762 83 773 .
138 719 290 797 sequentem
314 716 433 780 extrita
457 723 544 780 esset
566 715 759 797 initiumque
783 715 932 780 vocabuli
959 725 1157 800 corruptum,
1181 723 1296 784 natum

81 838 83 901 ξ
138 827 170 885 esl
193 821 260 886 illud
293 842 356 885 noer
391 822 491 886 aliud.
538 822 733 887 Rectissime
767 822 864 904 igitur
896 823 1055 888 hactenus
1089 825 1295 890 Schuetzius:

81 936 83 941 '
137 927 267 1011 petilius
288 930 346 1007 eeu
380 929 439 994 sed
462 929 588 1011 longius
612 928 749 994 discedit
771 930 814 993 ab
838 930 982 1011 antiquae
1005 931 1174 1014 scriptura>
1198 934 1296 998 vesti·

81 1052 89 1135 ἱι
137 1034 184 1115 uiis,
201 1055 298 1119 neque
320 1035 455 1120 mobile
477 1036 557 1100 illud
581 1055 652 1101 esse
675 1039 751 1118 apte
768 1034 831 1100 dici
846 1037 985 1101 videtur.
1020 1037 1130 1103 Potuit
1146 1038 1268 1103 ΝΛΜ
1270 1039 1299 1105 U

81 1142 88 1175 '·'
137 1142 189 1205 oriri
205 1142 337 1208 fortasse
360 1162 401 1207 ex
424 1141 519 1206 MAI
522 1142 558 1221 U,
583 1142 617 1207 id
640 1146 690 1207 est
712 1144 827 1207 maius.
863 1143 939 1221 Sed,
963 1147 1038 1209 utut
1060 1145 1121 1209 hoc
1145 1150 1204 1223 est,
1229 1146 1295 1211 for·

137 1266 198 1312 narn
216 1253 299 1314 certe
320 1248 477 1314 orationis
501 1253 534 1313 et
557 1249 753 1314 sententiam
777 1253 936 1314 tenemus.
946 1245 972 1331 ¹)

197 1354 225 1419 C.
245 1356 287 1421 68
311 1359 458 1421 extremo
480 1355 701 1438 recipiendum
724 1374 799 1448 esse
822 1356 951 1419 videtur
974 1375 1014 1419 ex
1038 1357 1202 1422 codicibus
1220 1359 1295 1423 Par.

137 1458 288 1526 sumne
312 1464 402 1526 cuius
425 1482 552 1545 corpore
575 1462 716 1527 ambusto
738 1465 836 1526 vitam
860 1464 927 1526 etus
949 1470 977 1527 et
999 1464 1145 1527 uirtutem
1169 1466 1296 1529 immor·

136 1564 213 1631 uene
231 1570 381 1653 excepisse
403 1569 541 1647 dicatur,
577 1573 613 1634 ut
635 1570 677 1633 sit
700 1568 782 1633 iere:
818 1571 931 1654 quippe
960 1590 1056 1654 quum
1078 1590 1206 1655 corpore
1229 1573 1296 1636 eius

137 1670 240 1738 lutuno
261 1680 321 1740 cet.
368 1675 453 1740 Nam
488 1676 686 1757 reliquorum
720 1676 891 1741 meliorum
927 1675 1075 1740 codicum
1109 1677 1295 1744 testimonio

136 1774 307 1846 dedicativum
331 1782 473 1859 delendi,
497 1802 615 1864 parum
640 1782 793 1846 credibile
817 1786 876 1846 est.
912 1781 1041 1863 Opponi
1064 1785 1194 1866 poterit,
1218 1804 1295 1866 pro-

136 1885 230 1951 nomine
251 1890 318 1953 sius
341 1887 430 1971 (post
451 1886 554 1970 cuius)
577 1888 704 1953 adiecto
732 1890 927 1953 sententiam
956 1890 1061 1971 magis
1085 1910 1105 1954 a
1128 1891 1295 1973 superiore

135 1993 200 2067 quad
224 1993 353 2060 dissolvi
382 2000 415 2060 et
443 2015 502 2077 per
536 2015 571 2059 se
606 1996 668 2060 dici
703 1996 815 2060 videri.
862 1995 927 2059 Sed
950 1995 1012 2060 isto
1036 1996 1134 2060 modo
1157 1997 1293 2062 demon·
1308 2014 1348 2054 ⁵0⁷
1425 1997 1430 2004 “

135 2096 269 2165 murum
303 2105 378 2184 post
414 2088 587 2167 relativum
626 2090 659 2165 in
699 2103 762 2166 bac
802 2102 1037 2166 sententiarum
1076 2102 1295 2184 implicatione

134 2205 219 2285 sepius
240 2208 397 2273 abundat.

195 2312 298 2391 (1.69,
325 2315 390 2379 145
413 2314 578 2379 scribitur:
609 2333 663 2397 epo
679 2315 794 2397 perlae
817 2315 896 2395 oris,
925 2314 1016 2396 focis,
1046 2314 1098 2379 dis
1115 2315 1295 2399 penatibus,

129 2410 267 2484 'diaeonus
289 2443 311 2486 a
333 2423 422 2502 meis,
446 2422 538 2484 carui
555 2422 679 2504 patria,
703 2441 808 2505 quone,
836 2428 871 2484 eet
894 2421 1047 2484 levissime
1070 2421 1186 2502 dicam,
1215 2429 1296 2486 certe

133 2524 236 2589 tanum
257 2535 318 2592 cet.
365 2527 573 2592 Manifestum
598 2530 708 2591 autem
733 2524 888 2590 mendum
917 2531 968 2591 est
995 2526 1029 2591 in
1057 2527 1111 2592 illo
1140 2535 1295 2604 texeram

133 2641 185 2695 nau
201 2637 234 2697 ut
257 2635 445 2710 concedam,
481 2641 581 2718 tepere
603 2655 670 2696 rem
688 2632 850 2716 publica-ue
874 2635 1025 2697 Latinum
1050 2654 1131 2712 esse,
1167 2637 1208 2700 de
1231 2655 1296 2718 quo

133 2733 199 2801 rude
217 2736 373 2824 dubito²)‚
409 2746 521 2806 tamen
550 2741 613 2804 hoc
644 2759 708 2804 non
741 2741 894 2805 lenissime
926 2741 1051 2815 dicitur,
1087 2743 1224 2820 sedita,
1260 2748 1297 2807 ut

81 2858 88 2913 .·
132 2838 186 2906 lilii
203 2848 299 2927 possit
323 2847 583 2929 magnificentius
613 2847 673 2924 vel,
709 2847 736 2911 si
766 2848 870 2923 malis,
907 2849 1081 2913 iactantius
1110 2848 1183 2912 dici.
1229 2849 1297 2913 Nec

81 2944 84 3059 l
132 2946 225 3017 edices
247 2974 321 3019 eam
346 2955 541 3035 scripturam
564 2954 704 3028 habent;
727 2973 804 3018 nam
830 2955 863 3017 in
886 2955 982 3018 Bern.
1006 2957 1114 3036 priore
1139 2962 1188 3019 est
1211 2963 1295 3019 certa

81 3086 83 3139 l
134 3048 274 3124 detexeram
309 3060 356 3144 (in
392 3062 495 3126 altero
529 3067 614 3124 certa
644 3059 829 3140 denternm),
864 3062 898 3124 in
928 3060 1102 3125 Parisiensi
1126 3062 1296 3125 certadeie·

81 3142 84 3233 l
133 3161 246 3231 lanam
290 3168 486 3232 Emendatio
510 3167 609 3231 dubia
634 3171 697 3242 est;
728 3166 921 3232 occurrebat
944 3167 1129 3246 ‹lileecrane
1154 3168 1296 3251 vestigiis

81 3244 84 3361 f
133 3265 242 3337 ancum
265 3275 469 3356 proximum3
505 3274 564 3339 sed
593 3273 689 3337 nimis
718 3292 812 3354 paene
841 3274 912 3337 leve
936 3273 1074 3351 videtur,
1111 3278 1144 3338 et
1165 3275 1296 3356 requiro

132 3373 243 3458 sertum,
267 3400 332 3463 quo
356 3381 451 3469 actio,
475 3400 541 3445 non
564 3379 693 3444 animus
717 3379 925 3462 significetur.

191 3484 338 3553 Extrema
362 3487 502 3569 denique
526 3487 681 3564 oratione,
717 3484 735 3566 θ
762 3487 836 3565 146,
871 3487 1051 3551 tollendum
1084 3490 1134 3550 est
1157 3506 1295 3568 parvum

132 3590 260 3672 undum,
294 3594 355 3660 sed
383 3593 471 3676 quod
500 3597 603 3658 totam
633 3596 821 3675 corrumpat
849 3594 1055 3657 sententiam.
1102 3593 1186 3656 Dicit
1209 3594 1295 3656 enim

132 3682 219 3775 licem,
250 3705 286 3765 ut
314 3720 400 3765 nunc
428 3701 560 3782 quidem
589 3700 754 3764 scribitur:
791 3700 858 3784 Epo
887 3721 958 3763 vero
981 3722 1033 3764 uos
1061 3700 1101 3762 iu
1124 3701 1208 3763 omes-i
1229 3699 1296 3781 for-

133 3794 193 3881 iltss,
211 3827 394 3892 quocunque
417 3809 477 3870 erit
499 3807 615 3887 oblata,
639 3808 835 3889 complectar,
860 3828 915 3870 nec
937 3828 985 3870 me
1004 3808 1043 3871 ab
1062 3809 1112 3888 iis,
1137 3827 1212 3891 quos
1228 3827 1293 3869 meo

133 3908 220 3973 llllliae
238 3912 416 3977 sordidatos
445 3912 566 3995 videtis,
604 3934 742 3998 essequam
775 3914 844 3977 sella
871 3914 1008 3995 fortuna
1039 3914 1171 3977 divellet.
1218 3912 1297 3977 Mire

133 4068 355 4098 &—

153 4195 167 4261 ¹l
180 4202 307 4271 [Debuerat
333 4220 361 4269 et
384 4232 401 4268 a
424 4232 469 4269 me
492 4215 577 4268 stab
600 4215 660 4268 aliis
685 4214 770 4267 teneri
796 4215 931 4268 Schuelsii
951 4215 1106 4269 emendatio
1125 4214 1242 4281 simplex
1268 4222 1296 4270 et

182 4304 245 4354 lecta

155 4298 260 4454 'ilperd
276 4393 393 4461 aliquem
411 4391 517 4456 dicitur,
536 4392 634 4447 deinde
653 4392 714 4462 (pro
734 4393 827 4446 Plano.
847 4391 918 4460 init.)
937 4402 1022 4461 tepere
1040 4394 1153 4445 sulutem
1171 4399 1195 4443 et
1212 4393 1295 4443 sitam

185 4473 290 4567 ξῑῑίωὲως
318 4481 456 4535 abstracta
478 4479 522 4545 (ut
544 4487 638 4535 nostro
657 4498 733 4535 more
751 4480 864 4550 loquar)
891 4481 965 4535 notio
984 4481 1023 4534 rei
1042 4480 1158 4548 publicae
1177 4479 1205 4532 in
1224 4479 1295 4532 hanc

185 4567 307 4634 naman
326 4571 371 4624 rix
390 4570 491 4624 includi
511 4576 613 4639 potest.
