2956 5190
625 255 690 319 359

149 447 185 513 C.
202 448 255 527 22,
279 446 324 513 50
345 449 446 514 miror
468 449 616 514 relictum
639 449 682 513 ab
700 448 820 514 Orellio
841 447 1142 513 manifestissimum
1160 448 1254 513 addi·

54 557 258 620 tamentum:
293 556 465 639 exemplum
500 556 549 620 rei
566 555 703 639 publice
731 555 947 638 defendendo,
982 555 1070 636 quod
1104 554 1254 636 languide

55 661 209 727 adhaeret
236 664 269 725 et
299 662 478 726 orationem
510 661 630 737 tardat,
665 661 793 742 illepide
825 661 989 744 duplicata
1020 660 1253 743 appellatione3

53 768 156 833 nimis
179 773 340 851 praeterea
361 772 460 832 tenue
483 766 707 850 defenderem
730 787 807 832 nam
824 767 1038 832 defendendae
1054 766 1100 831 rei
1115 767 1254 849 publicae

54 894 79 939 a
103 875 215 939 multis
238 874 423 955 exemplum
446 874 533 938 sumi
555 876 693 955 poterat,
725 874 966 951 conservandae,
995 878 1032 938 ut
1055 873 1073 955 9
1096 875 1139 939 49
1163 875 1254 952 dixit,

54 982 101 1045 ab
127 1000 176 1058 eo,
206 980 261 1063 qui
283 980 345 1046 sibi
368 981 425 1045 uni
448 984 650 1045 conservatae
673 980 895 1046 testimonium
918 981 1032 1046 datum
1056 981 1257 1063 gloriabatur

54 1086 105 1169 (in
130 1087 201 1152 Cat.
224 1087 275 1164 IV,
310 1087 360 1163 10,
394 1086 438 1151 20
460 1090 493 1150 et
516 1086 617 1167 alibi).
664 1087 705 1151 Et
734 1087 888 1152 omittunt
918 1072 973 1152 illa
1004 1088 1105 1152 verba
1128 1088 1255 1153 codices

55 1194 175 1271 Paris,
199 1194 305 1270 Bern„
329 1198 485 1275 quattuor
507 1193 719 1258 Oxonienses.
754 1193 852 1276 Origo
875 1199 986 1260 autem
1005 1194 1199 1276 perspicitur
1216 1215 1256 1259 ex

55 1299 120 1365 Ox.
146 1300 186 1377 Τ,
208 1301 242 1365 in
265 1320 329 1384 quo
352 1300 528 1365 omittitur:
563 1301 737 1384 exemplum
756 1299 834 1383 fidei
851 1302 996 1386 publice,
1025 1301 1096 1366 istis
1111 1301 1162 1365 ad
1186 1320 1256 1366 sar·

57 1406 213 1471 ciendum
248 1406 412 1471 defectum
447 1401 678 1486 substitutis¹)
739 1407 842 1473 Paulo
876 1412 950 1490 post
981 1428 1008 1472 c.
1033 1407 1090 1485 23,
1123 1406 1166 1471 52
1197 1427 1257 1489 pro

56 1512 234 1598 Nunquam
268 1514 364 1590 enim,
401 1513 488 1595 quod
523 1515 711 1595 corruptum
736 1518 800 1592 est,
836 1514 1040 1596 aptissimum
1075 1520 1162 1578 certe
1197 1513 1258 1578 erit

56 1619 234 1706 Nunquam
257 1620 399 1704 denique.
445 1619 563 1683 Paucis
587 1619 696 1684 verbis
719 1624 795 1684 ante
824 1621 939 1685 melior
967 1627 1017 1684 est
1040 1620 1158 1685 codicis
1181 1620 1256 1684 Par.

56 1726 142 1791 ordo
164 1732 256 1791 stium
279 1734 431 1791 terrorem
455 1724 528 1808 (pro
550 1733 702 1790 terrorem
724 1725 840 1808 suum).

149 1833 185 1897 ln
208 1854 236 1897 c.
260 1834 313 1910 24,
343 1834 387 1899 54
410 1834 453 1898 ad
476 1833 614 1914 vestigia
637 1832 783 1897 codicum
809 1853 874 1898 non
896 1832 1165 1914 interpolatorum
1190 1832 1257 1897 lor·
1270 1848 1311 1887 ⁴⁶⁴

56 1945 150 2005 tasse
173 1940 271 2021 paulo
294 1943 428 2023 propius
452 1939 656 2018 accedemus
686 1939 712 2003 si
736 1939 933 2004 scribemus:
962 1940 1045 2002 inter
1072 1959 1176 2002 meum
1204 1960 1258 2002 ee-

56 2047 140 2110 rtum
180 2054 209 2111 et
241 2046 406 2130 predam,
447 2050 483 2110 ut
522 2048 639 2110 coitum
680 2046 895 2128 depravatum
935 2048 977 2111 sit
1015 2045 1049 2109 in
1088 2053 1117 2109 et
1155 2066 1257 2110 suurn.

55 2152 210 2221 Alterum
233 2173 414 2235 pronomen
436 2158 546 2235 potest
568 2153 700 2228 abesse;
732 2172 809 2217 nam
833 2153 932 2217 etiam
960 2152 1118 2217 Ciceronis
1140 2152 1258 2235 meede

55 2262 148 2324 recte
171 2259 298 2335 dicitur,
326 2260 359 2324 id
383 2265 442 2336 est,
478 2260 519 2324 de
543 2259 697 2324 Cicerone
725 2264 833 2343 capta.
864 2259 986 2325 <Dubia
1009 2263 1121 2323 tamen
1145 2278 1257 2323 emen·

57 2365 150 2430 datio
174 2370 234 2431 est

148 2473 184 2537 ln
208 2473 278 2538 loco
302 2473 456 2539 lacunoso
480 2493 507 2537 c.
532 2473 584 2549 25,
615 2473 658 2537 55
686 2474 828 2556 primum
853 2492 871 2536 e
894 2472 1004 2536 codice
1027 2471 1202 2536 Parisiensi
1225 2476 1258 2537 et

56 2578 157 2643 Bern.
181 2579 406 2660 reponendum
428 2583 531 2644 estet
553 2581 611 2642 uni
633 2579 771 2643 helluoni
793 2598 852 2661 pro
868 2586 903 2641 ut
921 2579 980 2641 uni
994 2577 1132 2642 helluoni
1139 2603 1147 2654 ;
1171 2582 1258 2643 recte

56 2687 107 2750 ita
128 2685 191 2750 hoc
214 2685 371 2768 adiungit,
402 2689 561 2768 tanquam
589 2685 624 2750 id
646 2686 755 2767 ipsum
779 2684 910 2750 Clodius
933 2684 965 2748 in
989 2685 1059 2766 lege
1083 2684 1257 2767 scripserit.

56 2792 193 2857 Lacuna
221 2811 286 2857 uno
315 2792 427 2857 addito
455 2791 617 2857 vocabulo
652 2791 774 2874 expleri
807 2810 873 2855 non
907 2794 1030 2872 potest3
1064 2810 1258 2873 quocunque

56 2898 146 2963 enim
170 2899 241 2964 loco
265 2900 421 2981 posueris,
446 2899 526 2962 ordo
548 2898 730 2963 verborum
748 2896 927 2973 laborabit;
951 2896 1089 2961 velutin
1106 2897 1258 2979 Naugerii

56 3008 92 3069 et
115 3004 298 3087 vulgarium
321 3005 469 3069 codicum
492 3006 653 3086 scriptura
671 3012 811 3088 potestas
831 3003 929 3086 fieret,
953 3004 1041 3086 quod
1064 3004 1107 3068 ad
1130 3008 1258 3069 utrum-

57 3130 124 3193 que
148 3112 333 3176 membrum
357 3111 508 3193 pertinet
543 3111 629 3176 male
659 3112 752 3176 alteri
781 3109 889 3174 medio
911 3110 1079 3185 inseritur;
1114 3110 1259 3177 debebat

56 3222 117 3283 aut
140 3219 225 3283 inter
247 3222 422 3300 utrumque
446 3220 523 3300 poni
539 3215 629 3300 (post
645 3217 854 3292 deliberandi,
879 3216 939 3280 etsi
957 3219 1027 3280 tum
1045 3217 1141 3281 nimis
1159 3218 1258 3282 breve

59 3325 201 3390 alterum
226 3323 326 3407 esset)
349 3328 407 3389 aut
430 3327 576 3389 extremo
600 3324 680 3388 loco.

150 3431 185 3497 C.
210 3431 263 3507 27,
292 3431 334 3497 58
364 3431 550 3496 necessario
573 3430 740 3512 duplicata
761 3430 869 3495 littera
893 3429 1100 3493 scribendum
1129 3448 1201 3493 esse
1231 3436 1259 3493 et

57 3559 80 3602 a
103 3536 144 3601 L.
170 3537 313 3619 Lucullo,
348 3558 468 3602 summo
503 3538 571 3600 ciro
606 3544 698 3621 atque
731 3539 920 3621 imperatore
954 3535 1027 3617 (pro
1055 3558 1077 3599 a
1100 3534 1257 3616 breuno),

57 3643 250 3726 intelligent,
285 3646 340 3726 qui
368 3644 580 3709 attenderunt
607 3644 651 3708 ad
678 3663 773 3708 usum
798 3643 936 3708 oratoris
959 3642 993 3706 in
1015 3641 1175 3724 ponendis
1199 3661 1258 3706 no·

57 3749 202 3815 minibus
226 3770 338 3815 eorum
362 3750 542 3826 hominurn,
567 3770 649 3832 quos
673 3754 771 3814 antea
793 3751 827 3814 in
851 3751 967 3815 eadem
984 3750 1130 3814 oratione
1148 3749 1259 3813 locove
1304 3784 1307 3789 ·

87 3960 109 4029 ¹)
127 3962 214 4017 Paulo
233 3968 298 4018 ante
317 3963 385 4019 nihil
404 3962 503 4017 melius
525 3964 632 4032 reperio
651 3961 815 4032 Pantagathi
839 3961 1008 4016 coniectura:
1037 3969 1061 4014 et
1083 3962 1120 4015 ad
1145 3962 1187 4014 ret
1204 3977 1259 4027 pu·

130 4052 206 4105 blieoe
221 4054 326 4119 satum
355 4056 396 4106 est
419 4057 513 4105 tamen
532 4068 588 4106 non
613 4051 713 4106 usitate
732 4052 836 4105 dictum
855 4055 883 4105 et
901 4052 936 4105 de
953 4049 1038 4103 Mario
1057 4048 1139 4102 nimis
1158 4049 1259 4102 durum

130 4139 253 4198 videtum
281 4156 373 4208 neque
397 4140 471 4194 enim
495 4145 586 4208 potest
609 4139 751 4210 explicari:
783 4140 995 4209 „qualiscunque
1019 4138 1131 4191 tandem
1150 4136 1259 4191 futurus

130 4235 202 4282 esset
230 4246 323 4283 rerum
351 4234 481 4290 eventus.
514 4230 608 4283 rivere
635 4228 781 4283 decrevit“.
828 4227 870 4294 (ld
903 4232 987 4282 esset:
1021 4230 1057 4281 od
1088 4244 1190 4281 omnem
1219 4230 1261 4279 rer·

125 4318 245 4385 publico
269 4316 430 4385 fortunam.)
468 4319 528 4372 Est:
559 4318 608 4384 „ad
636 4317 785 4387 perniciem
813 4317 852 4371 rei
880 4315 1023 4386 publicar‘.
1059 4315 1113 4369 Sed
1141 4315 1193 4368 hoc
1221 4315 1260 4367 ni·

130 4421 226 4460 mrum.
