2956 5190
553 252 681 364 '545

233 495 333 577 Finge
356 497 468 558 tamen
491 493 616 575 gladios
639 494 714 558 inde
738 497 837 575 atque
866 495 941 558 hinc
969 494 1096 577 pulpita
1123 491 1249 579 poni;¹)

235 600 321 678 Quid
343 601 469 665 satius?
504 600 642 665 Mortem
671 602 718 664 sic
741 602 915 683 quisquam
946 602 1121 680 exhorruit,
1151 606 1187 667 ut
1209 602 1252 667 sit

235 708 409 789 Zelotypus
433 706 618 789 Thymeles,
643 707 764 789 stupidi
788 698 912 790 collega
934 708 1100 773 Corinthi?

235 814 303 878 Res
326 813 415 877 haud
438 814 522 877 mira
545 817 656 878 tamen
680 813 860 880 citharoedo
883 815 1028 897 principe
1051 816 1170 880 mimus

236 920 371 985 Nobilis.
418 919 499 983 Haec
521 920 607 984 ultra
631 920 710 1002 quid
733 920 794 985 erit
816 922 877 986 nisi
901 920 1017 985 ludus?
1053 921 1093 985 Et
1116 920 1179 986 illio

236 1026 385 1091 Dedecus
409 1027 499 1091 urbis
522 1026 626 1091 habes
650 1030 711 1091 cet.

51 1204 167 1271 Prima
190 1204 291 1268 verba
315 1202 479 1285 accipiunt
502 1202 543 1267 de
566 1204 730 1269 nobilibus
753 1225 789 1270 se
805 1205 849 1269 ad
864 1203 1090 1286 gladiatoriam
1109 1225 1254 1288 pugnam

51 1311 313 1377 auctorantibus.
359 1311 472 1391 Itaque
497 1310 623 1389 merito,
653 1312 709 1393 qui
731 1311 831 1394 paulo
854 1311 1028 1376 attentiore
1051 1312 1160 1376 animo
1184 1313 1255 1376 haec

54 1417 184 1501 legunt,
219 1417 392 1493 mirantur,
428 1417 515 1481 unde
548 1417 619 1480 haec
650 1416 759 1482 subito
790 1418 1003 1482 interiiciatur
1033 1418 1254 1501 interrogatio,

56 1544 161 1607 quum
185 1523 226 1588 de
249 1523 485 1606 gladiatoribus
509 1525 641 1588 omnino
659 1523 738 1587 nihil
756 1526 854 1605 poeta
871 1522 997 1589 dixerit.
1022 1525 1081 1588 sed
1098 1524 1139 1589 de
1156 1544 1256 1589 scena

54 1635 198 1696 tantum.
233 1631 273 1694 Et
295 1630 380 1694 redit
402 1630 445 1694 ad
468 1648 601 1693 scenam
624 1648 721 1694 versu
747 1629 809 1693 196
834 1627 925 1712 (nam
948 1631 1004 1711 qui
1027 1630 1060 1694 in
1083 1630 1137 1696 illo
1158 1649 1256 1695 versu

56 1737 101 1803 de
134 1737 368 1820 gladiatoribus
403 1755 532 1819 quoque
564 1736 797 1818 cogitaverunt,
832 1738 1034 1817 quantopere
1069 1742 1187 1811 errent,
1224 1740 1257 1800 et

56 1848 152 1928 patet
174 1848 206 1909 et
229 1863 305 1908 mox
329 1841 533 1925 exponetur),
563 1861 603 1907 ac
625 1845 740 1924 postea
763 1842 896 1906 demum
920 1843 1045 1924 quaerit,
1082 1842 1159 1925 quid
1182 1846 1257 1925 post

55 1950 131 2015 baec
154 1953 254 2014 restet
282 1953 315 2013 et
345 1950 488 2032 supersit
517 1949 736 2030 turpitudinis,
772 1949 833 2013 nisi
864 1952 901 2013 ut
931 1947 1126 2030 gladiatores
1158 1949 1257 2013 etiam

56 2057 155 2130 fiant;
190 2077 267 2121 narn
294 2058 379 2120 banc
412 2074 484 2119 esse
513 2074 626 2119 versus
653 2055 714 2120 199
738 2057 945 2132 sententiam,
980 2056 1176 2138 paulopost
1200 2055 1258 2119 de·

58 2164 204 2241 tendam,
239 2163 267 2228 si
301 2142 489 2227 defensione
519 2181 602 2243 opus
630 2157 725 2243 est.²)
769 2161 884 2245 Itaque
911 2166 1004 2227 tanta
1031 2162 1102 2226 haec
1129 2168 1258 2244 pertur-

58 2270 152 2336 batio
175 2270 302 2334 ridetur
325 2288 407 2345 esse,
431 2272 469 2332 ut
491 2269 595 2332 maior
618 2268 707 2332 nulla
731 2288 802 2333 esse
818 2270 936 2351 possit;
960 2288 1058 2350 quarn
1080 2267 1136 2350 qui
1150 2271 1258 2350 poetae
1273 2285 1313 2327 ras

59 2377 124 2460 ipsi
147 2378 296 2458 imputat,
329 2374 539 2451 Schmidtius,
574 2394 704 2439 versum
731 2375 804 2450 199,
839 2394 879 2439 ex
903 2394 968 2457 quo
991 2378 1129 2457 apparet
1152 2377 1259 2456 poetae

60 2483 298 2549 sententiarum
340 2482 420 2546 ordo
464 2485 496 2545 ct
538 2482 735 2563 progressio,
779 2500 986 2564 conumpere
1027 2485 1159 2546 coactus
1200 2485 1259 2544 est.

60 2591 183 2655 Verum
215 2589 306 2653 salva
337 2607 389 2652 res
422 2590 480 2651 est.
532 2587 615 2651 Nam
645 2587 766 2669 funcra
796 2587 928 2651 eandm
960 2588 1002 2651 ad
1033 2587 1259 2670 gladiatoriam

62 2717 206 2780 pugnam
230 2715 271 2761 ne
294 2699 429 2777 propter
452 2694 558 2776 ipsam
581 2695 712 2775 quidem
737 2694 907 2759 locutionis
930 2695 995 2757 vim
1020 2693 1182 2776 pertinere
1200 2713 1260 2774 po·

60 2807 142 2880 test,
165 2823 241 2867 nam
265 2821 326 2866 neo
348 2800 500 2865 omnibus
524 2799 757 2882 gladiatoribus
781 2805 871 2865 certa
894 2820 981 2865 mors
1005 2803 1086 2875 erat,
1110 2818 1181 2876 nec,
1206 2799 1261 2880 qui

62 2911 160 2975 morti
184 2929 220 2973 se
243 2908 415 2990 spondent,
439 2913 568 2970 mortem
591 2909 746 2983 vendunt,
770 2906 829 2972 sed
848 2909 954 2970 vitam.
989 2907 1137 2988 Apparet
1154 2905 1260 2987 igitur,

95 3225 117 3294 ¹)
134 3228 219 3282 Recte
237 3228 276 3281 sic
293 3227 443 3296 Rupertius
461 3242 511 3295 pro
525 3242 603 3293 ponc.
627 3225 701 3292 quod
725 3225 801 3278 nullo
820 3225 902 3278 modo
926 3223 994 3290 (rem
1015 3224 1104 3292 ipsam
1123 3229 1150 3277 et
1169 3240 1264 3277 veram

80 3311 82 3315 ’
136 3315 304 3386 significans)
331 3316 477 3384 respondet
500 3312 578 3367 alteri
599 3315 677 3380 finge.
714 3313 802 3367 Immo
826 3312 901 3367 iubet
924 3319 1005 3382 poeta
1023 3312 1097 3381 tingi,
1125 3313 1160 3365 ab
1179 3313 1265 3366 altera

136 3412 215 3476 parte
232 3405 339 3475 gladios
357 3403 473 3467 ostendi,
493 3403 528 3456 ab
547 3401 633 3454 altera
652 3400 766 3470 pulpita

95 3491 117 3560 ²)
135 3495 285 3564 Rupertius
304 3493 333 3547 in
351 3509 385 3547 co
403 3507 514 3562 quoque
532 3490 662 3554 herebat,
690 3490 763 3558 quod
787 3489 815 3543 in
833 3490 993 3560 gladiatorio
1012 3506 1127 3544 munere
1146 3505 1265 3543 comme·

137 3589 291 3638 moraretur
308 3588 417 3652 praetor,
442 3597 529 3650 quum
548 3578 677 3633 Claudius
695 3583 825 3648 praetores
843 3579 1006 3647 gladiatores
1031 3579 1096 3633 dare
1120 3579 1265 3634 vetuisset:

138 3673 230 3741 itaque
249 3688 336 3740 quum
355 3671 389 3725 de
407 3668 603 3739 gladiatoribus
621 3683 677 3720 non
696 3667 842 3732 dubitaret,
870 3684 979 3722 versum
999 3668 1059 3733 194,
1078 3669 1106 3722 in
1125 3684 1179 3736 quo
1199 3684 1265 3736 prae-

139 3762 205 3815 toris
231 3761 336 3814 mentio
363 3760 449 3823 tieret,
477 3757 635 3812 damnabat.
676 3756 735 3809 Hoc
762 3756 796 3810 de
824 3756 985 3825 praetoribus
1008 3757 1142 3812 Weberus
1170 3772 1266 3809 verum

139 3867 198 3904 asse
216 3855 307 3919 negat,
326 3866 377 3903 nec
395 3854 489 3902 tamen
509 3846 587 3900 valde
606 3845 691 3914 perite
704 3845 833 3913 disputat.
861 3846 929 3901 Nam
949 3847 1000 3900 Dio
1011 3846 1064 3909 Iu,
1084 3845 1101 3898 5
1119 3862 1186 3898 sane
1204 3844 1265 3898 sine

139 3939 298 4008 exceptione
317 3937 383 3991 dicit
401 3932 462 3994 rode
479 3931 590 4002 ἀγῶνας
613 3929 675 3991 τούς
692 3929 863 4004 ὁπλομάχους
885 3942 1015 4005 praetores
1040 3935 1129 3988 facere
1154 3933 1267 3996 retium

140 4029 214 4096 quod
232 4034 327 4082 antem
346 4025 486 4080 Fabricius
504 4025 538 4078 de
557 4025 654 4078 ceteris
673 4024 744 4078 ludis
762 4024 914 4094 adscripsit,
938 4023 1039 4078 oblitus
1057 4028 1117 4077 arat
1137 4023 1177 4076 vir
1196 4039 1268 4091 egre

140 4117 208 4186 gius,
236 4117 263 4171 in
288 4118 321 4170 iis
344 4116 424 4178 ludis,
452 4131 529 4183 qnos,
557 4112 623 4167 olim
647 4112 739 4166 libera
758 4113 796 4166 rei
815 4114 932 4183 publica)
949 4119 1073 4182 tempore
1091 4112 1127 4165 ab
1145 4111 1269 4164 aedilibus

142 4206 235 4269 iactos,
263 4212 359 4275 postea
383 4210 512 4274 praetores
535 4203 616 4257 edere
640 4208 847 4267 consueverant,
875 4203 965 4256 nullos
988 4202 1072 4255 fuisse
1096 4201 1269 4270 gladiatores,

141 4297 262 4350 scenicos
281 4301 308 4349 et
333 4295 469 4348 circenses
492 4308 589 4346 ornnes
613 4293 705 4346 tuisse.
743 4292 875 4346 Weberus
894 4292 1003 4360 quidem
1023 4290 1151 4344 ludorum
1170 4304 1271 4358 genera

141 4402 253 4454 prorsus
276 4401 332 4438 non
357 4382 507 4451 distinguit,
535 4381 582 4450 qui
606 4385 798 4450 argumentum
823 4380 906 4433 ducat
930 4398 963 4434 er
987 4381 1043 4433 Sat.
1062 4379 1107 4439 xl,
1132 4377 1184 4429 193
1201 4395 1270 4447 sqq,

143 4473 189 4526 ubi
208 4473 386 4542 Megalenses,
405 4472 453 4541 qui
471 4471 607 4525 circenses
626 4475 712 4533 erant,
731 4470 917 4532 nominantur,
936 4469 969 4524 de
988 4468 1183 4539 gladiatoribus
1201 4466 1271 4521 nihil

144 4562 253 4617 dicitur.

1022 4644 1059 4698 35
