2948 5206
705 307 767 372 727

137 498 251 582 [morio
274 500 469 580 Graecorum,
500 501 563 566 hoc
585 503 635 566 est
658 500 788 584 Graeci],
824 504 860 566 ut
887 503 1003 583 postea
1030 500 1191 565 dixerunt.
1236 499 1335 583 Apud

135 605 311 689 scriptores
326 606 474 673 Ciceroni
496 607 638 690 equales
660 609 759 672 moris
781 628 844 672 6336
866 606 998 672 omnino
1013 625 1079 671 non
1094 606 1228 689 reperiri
1243 609 1334 689 puto.

225 709 422 794 166676
457 711 551 777 Illud
573 715 656 777 enim
676 721 779 799 potest
800 713 866 777 diei
892 710 994 775 iudici
1022 734 1078 776 -ε
1115 710 1252 793 „Iudico
1278 712 1336 778 1366

132 818 259 901 focium
289 840 353 884 6336
376 826 432 884 666
453 840 616 905 nunquam
640 840 703 885 6336
723 819 846 902 factum
868 819 916 882 666
938 819 1124 902 6696666666·
1150 817 1241 882 crede
1262 818 1337 883 huic

132 927 226 1007 66366,ο
247 925 308 990 lios
322 924 489 1010 comproba
503 924 670 1007 tatutco“;
692 925 749 991 666
770 947 833 990 non
849 931 967 1010 potest:
993 924 1074 1006 ,066
1094 923 1181 1006 filius
1200 932 1337 1009 opnotus

132 1032 186 1110 sit,
211 1032 279 1096 cius
301 1038 517 1096 6636666666
539 1053 603 1096 non
627 1052 690 1097 6336
712 1039 851 1116 ruptum,
875 1030 1003 1112 iudom
1026 1030 1108 1116 quod
1132 1030 1247 1094 mulier
1268 1031 1343 1095 3666

132 1145 237 1202 666666
260 1145 386 1203 6666666
402 1140 599 1223 promiserit,
621 1136 760 1202 delent.
806 1137 879 1203 Duo
901 1137 980 1202 vitia
1002 1138 1075 1202 haec
1097 1138 1201 1202 oratio
1223 1137 1335 1214 habet,

133 1263 211 1326 quae
233 1243 372 1326 figuram
389 1244 458 1309 eius
479 1248 679 1327 perueniunt,
703 1264 816 1322 unum,
840 1243 928 1325 quod
951 1243 985 1308 in
1003 1244 1120 1325 priore,
1144 1261 1218 1325 quae
1240 1242 1334 1326 fingi-

134 1358 200 1429 tur,
235 1350 350 1416 iudicis
380 1352 629 1434 compellatione
656 1350 792 1433 singulae
813 1353 925 1432 partes
947 1368 1024 1414 suos
1046 1349 1171 1413 habent
1192 1349 1334 1432 impera·

133 1457 231 1536 linos,
254 1456 289 1522 in
311 1458 415 1524 altera
437 1479 498 1542 pro
520 1458 651 1525 duobus
673 1475 759 1522 unus
783 1458 843 1533 est,
867 1455 1018 1533 alierum,
1042 1455 1131 1538 quod
1153 1456 1334 1539 isimpera·

132 1564 222 1628 tirus
245 1564 340 1645 quasi
362 1565 543 1631 occultetur
567 1568 600 1630 et
621 1563 844 1647 supprimitur,
872 1561 1025 1645 languide
1048 1562 1213 1627 subiectus
1235 1563 1335 1646 priori

134 1670 394 1753 compellationis
417 1671 519 1754 perti3
548 1669 694 1735 debebat
716 1673 827 1735 autem
851 1669 960 1734 extolli
982 1669 1073 1734 initio
1095 1669 1219 1751 positus
1243 1670 1336 1735 utin

131 1777 244 1860 priore
272 1777 530 1859 compellatione.
581 1776 663 1840 Vide
694 1795 791 1854 nunc,
826 1794 925 1857 quam
956 1776 1139 1857 opportune
1169 1794 1335 1858 quamque

134 1883 264 1966 egregie
287 1884 460 1949 subveniat
484 1883 586 1949 codex
609 1881 873 1965 Tegernseensis,
908 1882 1006 1946 modo
1038 1883 1072 1946 in
1094 1900 1161 1946 una
1192 1881 1334 1947 litterula

134 1989 207 2054 haec
239 1989 309 2054 eius
340 1990 512 2055 adiuvetur
541 1990 717 2071 scriptura:
747 1995 848 2073 potest
877 2009 909 2053 36
937 1995 970 2052 ot
997 2008 1046 2069 66,
1080 1988 1132 2050 cui
1156 1985 1244 2069 filius
1272 1990 1333 2052 cet.

135 2093 228 2178 (nam
251 2095 286 2160 in
309 2097 425 2162 celeris
448 2096 624 2175 codicibus,
653 2098 688 2161 in
715 2096 834 2179 quibus
858 2099 908 2160 est
924 2102 1026 2178 potest
1049 2115 1112 2158 6336
1133 2095 1185 2157 cui
1205 2092 1244 2175 f.‚
1274 2094 1334 2159 ob·

134 2203 262 2267 scurius
297 2202 452 2267 indicium
486 2204 554 2267 veri
589 2207 648 2280 est,
683 2202 838 2267 indicium
872 2199 1012 2282 tamem:
1047 2201 1103 2265 666
1132 2220 1195 2264 non
1216 2208 1334 2284 potest:

134 2307 287 2391 Statue,
322 2310 374 2373 cui
394 2308 481 2391 fitius
505 2316 642 2393 aquatam
663 2311 715 2391 366,
749 2309 817 2373 cius
843 2314 1060 2372 testamentum
1086 2328 1151 2372 666
1173 2327 1237 2372 6336
1258 2329 1334 2392 rup-

134 2422 222 2497 tum;
244 2415 395 2499 iudica,
418 2416 500 2503 quod
522 2417 637 2480 mulier
658 2436 684 2480 3.
707 2422 729 2479 6.
755 2435 785 2478 6.
807 2415 998 2498 prmniserit,
1027 2413 1144 2478 deberi.
1190 2415 1231 2478 Et
1252 2415 1334 2479 duos

134 2522 348 2604 imperatiros
370 2524 458 2588 nacti
481 2543 595 2587 sumus
620 2525 652 2587 et
674 2521 772 2585 rectis
796 2519 875 2586 locis
897 2522 1032 2605 positos.

225 2629 296 2693 Ibd.
320 2627 339 2710 5
364 2630 405 2694 73
428 2630 638 2695 scribendum
667 2632 731 2694 est:
765 2628 849 2708 Quid
877 2625 950 2710 (pro
978 2624 1073 2713 quod)
1103 2627 1185 2690 enim
1214 2633 1257 2690 636
1284 2627 1335 2692 ius

135 2734 250 2799 cioik?
279 2735 369 2815 Quod
391 2756 488 2820 neque
503 2735 621 2818 inflecti
644 2769 684 2780 -
703 2736 814 2820 663366.
850 2732 944 2817 (Quae
960 2753 1013 2799 res
1029 2738 1093 2798 -t
1116 2752 1167 2811 ea,
1191 2752 1264 2815 quae
1282 2767 1333 2797 -.

135 2840 246 2919 Vides,
269 2841 513 2906 substantivum
537 2839 682 2924 requiri.)

225 2947 296 3012 Ibd.
314 2946 333 3029 ἕ
351 2948 393 3012 78
411 2947 507 3011 scribi
531 2951 675 3029 oportet:
698 2969 861 3034 nunquam
885 2947 952 3011 cius
968 2946 1185 3010 auctoritatem
1201 2947 1335 3010 nimirem

136 3054 252 3136 666666,
288 3055 397 3118 cuius
425 3052 633 3137 prudentiam
669 3087 709 3098 -·
740 3074 775 3137 p.
799 3054 840 3118 R.
877 3087 917 3096 -
948 3052 1164 3136 perspexerit·
1197 3053 1262 3136 qui
1293 3086 1333 3096 -

136 3181 300 3246 nunquam
328 3161 565 3239 reianzere·
593 3161 657 3243 qui
679 3192 722 3206 ·—
739 3158 978 3244 proebucrit,·
1006 3159 1071 3242 qui
1092 3159 1139 3221 ita
1161 3159 1262 3222 663663
1284 3159 1335 3222 sit

137 3266 212 3349 (pro
227 3264 284 3349 636)
300 3274 329 3331 66
345 3267 442 3332 bonus
456 3269 507 3330 oir
523 3301 563 3310 —
571 3289 586 3346 ;
609 3267 717 3329 cuius
731 3271 854 3328 6666666
869 3266 920 3329 sit
936 3263 1008 3347 (pro
1024 3260 1081 3346 636)
1104 3266 1265 3347 inperviam
1282 3298 1334 3328 -.

137 3374 288 3456 Apparet
309 3372 343 3436 in
371 3373 526 3439 orationis
556 3374 663 3438 torma
692 3373 808 3437 celeris
840 3390 880 3435 ex
911 3370 1060 3454 partibus
1091 3370 1335 3452 dlligentissime

138 3481 321 3563 composita
352 3485 386 3545 et
415 3483 546 3545 servata
578 3480 678 3544 etiam
707 3478 799 3542 verbi
829 3478 964 3544 modurn
988 3477 1129 3542 eundem
1151 3477 1335 3543 necessario

137 3587 318 3653 tenendum
341 3586 456 3664 fuisse;
479 3586 535 3669 qui
558 3605 660 3669 quum
683 3585 716 3649 in
733 3584 848 3649 ceteris
870 3585 978 3661 verbis
1001 3590 1051 3650 ter
1073 3588 1222 3649 servatus
1237 3590 1334 3661 esset,

137 3694 290 3765 librarius
312 3693 346 3758 in
369 3692 506 3759 extremi
528 3691 620 3757 verbi
643 3691 748 3758 forma
768 3691 812 3758 ad
826 3692 1021 3757 mutandum
1037 3693 1221 3774 opportuna
1237 3690 1334 3754 aber·

137 3801 239 3877 ravit3
272 3820 351 3866 nam
383 3803 419 3864 66
449 3798 640 3889 saepissime
659 3817 700 3863 ex
730 3806 774 3863 636
805 3796 859 3881 (36)
890 3798 1013 3863 librarii
1034 3799 1076 3863 sit
1098 3798 1255 3875 iecerunt,
1288 3795 1335 3862 ita

138 3907 272 3971 minime
295 3926 371 3971 raro
394 3913 478 3970 6366
501 3906 552 3969 366.

227 4013 298 4077 lbd.
322 4012 436 4094 5103.
475 4012 512 4075 ln
534 4011 596 4077 hoc
620 4013 691 4078 loco
713 4011 862 4076 Baiterus
886 4016 919 4076 et
942 4030 961 4076 a
985 4011 1146 4075 sententia
1169 4009 1335 4074 aberravit

139 4124 172 4184 et
195 4140 215 4185 a
239 4120 385 4184 codicum
409 4120 561 4202 vestigiis,
586 4119 677 4183 cuius
700 4117 885 4183 coniectura
907 4117 958 4182 vel
980 4117 1043 4182 hoc
1059 4135 1124 4182 uno
1142 4118 1334 4198 argumento

140 4220 349 4303 convincitur,
374 4226 462 4308 quod
485 4225 519 4289 in
542 4225 680 4307 eleganti
703 4227 766 4289 hac
789 4228 822 4289 et
845 4230 961 4290 ornata
984 4223 1129 4290 clausula
1152 4223 1235 4289 exile
1253 4222 1335 4288 illud

140 4336 172 4397 et
195 4332 384 4415 languidum
407 4351 588 4414 pronomen
609 4330 646 4395 66
668 4331 865 4412 respondere
891 4331 1024 4396 iubetur
1051 4351 1091 4396 ex
1114 4330 1217 4395 altera
1239 4333 1334 4412 parte

139 4439 207 4504 his:
242 4459 337 4524 66666
359 4458 398 4501 66
425 4437 573 4502 dissolute
600 4459 667 4502 rem
688 4439 864 4523 relinquere
887 4437 1056 4503 uideretur.
1100 4436 1333 4503 Mommsenius

140 4544 310 4609 sententiae
340 4544 480 4608 formam
511 4543 592 4608 vidit
622 4564 661 4609 ac
691 4544 829 4610 fortasse
860 4539 959 4609 etiam
990 4544 1063 4626 ipsa
1092 4543 1204 4609 verba.
1248 4542 1334 4609 Fieri
