<?xml version="1.0" encoding="UTF-8"?>
<!DOCTYPE html PUBLIC "-//W3C//DTD XHTML 1.0 Transitional//EN"
    "http://www.w3.org/TR/xhtml1/DTD/xhtml1-transitional.dtd">
<html xmlns="http://www.w3.org/1999/xhtml" xml:lang="en" lang="en">
 <head>
  <title>
</title>
<meta http-equiv="Content-Type" content="text/html;charset=utf-8" />
  <meta name='ocr-system' content='tesseract 3.04.00' />
  <meta name='ocr-capabilities' content='ocr_page ocr_carea ocr_par ocr_line ocrx_word'/>
</head>
<body>
  <div class='ocr_page' id='page_1' title='image "./ionicolaimadvig02madvgoog_0209.png"; bbox 0 0 2956 5190; ppageno 0'>
   <div class='ocr_carea' id='block_1_1' title="bbox 688 251 869 316">
    <p class='ocr_par' dir='ltr' id='par_1_1' title="bbox 688 251 869 316">
     <span class='ocr_line' id='line_1_1' title="bbox 688 251 869 316; baseline 0.011 -2"><span class='ocrx_word' id='word_1_1' title='bbox 688 251 751 315; x_wconf 76' lang='grc'>186</span> <span class='ocrx_word' id='word_1_2' title='bbox 863 305 869 316; x_wconf 95' lang='grc'><strong>.</strong></span> 
     </span>
    </p>
   </div>
   <div class='ocr_carea' id='block_1_2' title="bbox 67 443 1314 2552">
    <p class='ocr_par' dir='ltr' id='par_1_2' title="bbox 68 443 1304 845">
     <span class='ocr_line' id='line_1_2' title="bbox 68 443 1301 527; baseline 0.001 -19"><span class='ocrx_word' id='word_1_3' title='bbox 68 459 109 499; x_wconf 73' lang='lat'>22⁹</span> <span class='ocrx_word' id='word_1_4' title='bbox 124 445 241 508; x_wconf 89' lang='lat' dir='ltr'>certius</span> <span class='ocrx_word' id='word_1_5' title='bbox 265 462 337 507; x_wconf 90' lang='lat' dir='ltr'>esse</span> <span class='ocrx_word' id='word_1_6' title='bbox 359 447 449 525; x_wconf 93' lang='lat' dir='ltr'>puto,</span> <span class='ocrx_word' id='word_1_7' title='bbox 485 464 583 526; x_wconf 89' lang='lat' dir='ltr'>quam</span> <span class='ocrx_word' id='word_1_8' title='bbox 613 443 699 509; x_wconf 82' lang='lat' dir='ltr'>cives</span> <span class='ocrx_word' id='word_1_9' title='bbox 722 445 889 510; x_wconf 85' lang='lat' dir='ltr'>Romanos</span> <span class='ocrx_word' id='word_1_10' title='bbox 919 444 953 509; x_wconf 93' lang='lat' dir='ltr'>in</span> <span class='ocrx_word' id='word_1_11' title='bbox 976 444 1124 510; x_wconf 89' lang='lat' dir='ltr'>colonias</span> <span class='ocrx_word' id='word_1_12' title='bbox 1146 444 1301 527; x_wconf 73' lang='lat' dir='ltr'>proiectos,</span> 
     </span>
     <span class='ocr_line' id='line_1_3' title="bbox 124 550 1303 634; baseline 0.002 -19"><span class='ocrx_word' id='word_1_13' title='bbox 124 571 196 632; x_wconf 85' lang='lat' dir='ltr'>quae</span> <span class='ocrx_word' id='word_1_14' title='bbox 221 550 339 615; x_wconf 90' lang='lat' dir='ltr'>civium</span> <span class='ocrx_word' id='word_1_15' title='bbox 363 553 480 627; x_wconf 88' lang='lat' dir='ltr'>essent,</span> <span class='ocrx_word' id='word_1_16' title='bbox 511 553 545 614; x_wconf 89' lang='lat' dir='ltr'>et</span> <span class='ocrx_word' id='word_1_17' title='bbox 567 551 745 634; x_wconf 91' lang='lat' dir='ltr'>antiquitus</span> <span class='ocrx_word' id='word_1_18' title='bbox 769 556 802 616; x_wconf 92' lang='lat' dir='ltr'>et</span> <span class='ocrx_word' id='word_1_19' title='bbox 824 560 939 634; x_wconf 89' lang='lat' dir='ltr'>postea</span> <span class='ocrx_word' id='word_1_20' title='bbox 961 552 1061 634; x_wconf 89' lang='lat' dir='ltr'>plena</span> <span class='ocrx_word' id='word_1_21' title='bbox 1083 552 1227 617; x_wconf 83' lang='lat' dir='ltr'>civitatis</span> <span class='ocrx_word' id='word_1_22' title='bbox 1247 554 1303 617; x_wconf 85' lang='lat' dir='ltr'>iura</span> 
     </span>
     <span class='ocr_line' id='line_1_4' title="bbox 122 655 1304 741; baseline 0.001 -19"><span class='ocrx_word' id='word_1_23' title='bbox 122 658 282 733; x_wconf 89' lang='lat' dir='ltr'>tenuisse;</span> <span class='ocrx_word' id='word_1_24' title='bbox 318 655 404 738; x_wconf 90' lang='lat' dir='ltr'>quod</span> <span class='ocrx_word' id='word_1_25' title='bbox 428 663 463 719; x_wconf 93' lang='lat' dir='ltr'>ut</span> <span class='ocrx_word' id='word_1_26' title='bbox 486 657 644 736; x_wconf 88' lang='lat' dir='ltr'>evincam,</span> <span class='ocrx_word' id='word_1_27' title='bbox 680 658 777 740; x_wconf 87' lang='lat' dir='ltr'>paulo</span> <span class='ocrx_word' id='word_1_28' title='bbox 806 665 855 723; x_wconf 93' lang='lat' dir='ltr'>est</span> <span class='ocrx_word' id='word_1_29' title='bbox 883 658 981 724; x_wconf 90' lang='lat' dir='ltr'>altius</span> <span class='ocrx_word' id='word_1_30' title='bbox 1003 678 1057 723; x_wconf 87' lang='lat' dir='ltr'>res</span> <span class='ocrx_word' id='word_1_31' title='bbox 1080 658 1261 741; x_wconf 89' lang='lat' dir='ltr'>repetenda</span> <span class='ocrx_word' id='word_1_32' title='bbox 1279 668 1304 723; x_wconf 87' lang='lat' dir='ltr'>et</span> 
     </span>
     <span class='ocr_line' id='line_1_5' title="bbox 123 762 693 845; baseline 0.002 -17"><span class='ocrx_word' id='word_1_33' title='bbox 123 765 221 829; x_wconf 91' lang='lat' dir='ltr'>simul</span> <span class='ocrx_word' id='word_1_34' title='bbox 244 763 308 828; x_wconf 88' lang='lat' dir='ltr'>alia</span> <span class='ocrx_word' id='word_1_35' title='bbox 331 762 483 845; x_wconf 86' lang='lat' dir='ltr'>quaedam</span> <span class='ocrx_word' id='word_1_36' title='bbox 507 763 693 844; x_wconf 86' lang='lat' dir='ltr'>aperienda.</span> 
     </span>
    </p>

    <p class='ocr_par' dir='ltr' id='par_1_3' title="bbox 122 869 1314 2445">
     <span class='ocr_line' id='line_1_6' title="bbox 211 869 1309 951; baseline 0.002 -17"><span class='ocrx_word' id='word_1_37' title='bbox 211 869 462 951; x_wconf 90' lang='lat' dir='ltr'>Antiquissimos</span> <span class='ocrx_word' id='word_1_38' title='bbox 486 870 653 935; x_wconf 86' lang='lat' dir='ltr'>Romanos</span> <span class='ocrx_word' id='word_1_39' title='bbox 677 871 845 936; x_wconf 81' lang='lat' dir='ltr'>facillimos</span> <span class='ocrx_word' id='word_1_40' title='bbox 876 870 975 935; x_wconf 84' lang='lat' dir='ltr'>fuisse</span> <span class='ocrx_word' id='word_1_41' title='bbox 1004 873 1039 934; x_wconf 93' lang='lat' dir='ltr'>in</span> <span class='ocrx_word' id='word_1_42' title='bbox 1069 872 1167 936; x_wconf 85' lang='lat' dir='ltr'>novis</span> <span class='ocrx_word' id='word_1_43' title='bbox 1198 872 1309 936; x_wconf 79' lang='lat' dir='ltr'>cisibm</span> 
     </span>
     <span class='ocr_line' id='line_1_7' title="bbox 123 975 1309 1061; baseline 0.001 -20"><span class='ocrx_word' id='word_1_44' title='bbox 123 977 247 1059; x_wconf 88' lang='lat' dir='ltr'>optimo</span> <span class='ocrx_word' id='word_1_45' title='bbox 269 977 339 1040; x_wconf 88' lang='lat' dir='ltr'>inre</span> <span class='ocrx_word' id='word_1_46' title='bbox 362 975 566 1058; x_wconf 89' lang='lat' dir='ltr'>recipiendis,</span> <span class='ocrx_word' id='word_1_47' title='bbox 601 976 743 1058; x_wconf 84' lang='lat' dir='ltr'>vulgaris</span> <span class='ocrx_word' id='word_1_48' title='bbox 774 981 823 1042; x_wconf 92' lang='lat' dir='ltr'>est</span> <span class='ocrx_word' id='word_1_49' title='bbox 855 978 963 1059; x_wconf 92' lang='lat' dir='ltr'>opinio</span> <span class='ocrx_word' id='word_1_50' title='bbox 994 977 1070 1041; x_wconf 91' lang='lat' dir='ltr'>inde</span> <span class='ocrx_word' id='word_1_51' title='bbox 1102 997 1125 1042; x_wconf 87' lang='lat' dir='ltr'>a</span> <span class='ocrx_word' id='word_1_52' title='bbox 1158 977 1309 1061; x_wconf 88' lang='lat' dir='ltr'>Dionysio,</span> 
     </span>
     <span class='ocr_line' id='line_1_8' title="bbox 123 1082 1311 1167; baseline 0.001 -19"><span class='ocrx_word' id='word_1_53' title='bbox 123 1086 178 1167; x_wconf 90' lang='lat' dir='ltr'>qui</span> <span class='ocrx_word' id='word_1_54' title='bbox 201 1103 270 1148; x_wconf 90' lang='lat' dir='ltr'>rem</span> <span class='ocrx_word' id='word_1_55' title='bbox 294 1082 389 1147; x_wconf 83' lang='lat' dir='ltr'>valde</span> <span class='ocrx_word' id='word_1_56' title='bbox 413 1085 587 1165; x_wconf 79' lang='lat' dir='ltr'>exaggerat</span> <span class='ocrx_word' id='word_1_57' title='bbox 609 1083 681 1147; x_wconf 88' lang='lat' dir='ltr'>libr.</span> <span class='ocrx_word' id='word_1_58' title='bbox 699 1083 737 1160; x_wconf 92' lang='grc' dir='ltr'>Π,</span> <span class='ocrx_word' id='word_1_59' title='bbox 763 1084 814 1161; x_wconf 83' lang='grc'>17,</span> <span class='ocrx_word' id='word_1_60' title='bbox 838 1103 950 1148; x_wconf 88' lang='lat' dir='ltr'>severe</span> <span class='ocrx_word' id='word_1_61' title='bbox 974 1086 1008 1148; x_wconf 88' lang='lat' dir='ltr'>et</span> <span class='ocrx_word' id='word_1_62' title='bbox 1030 1084 1113 1149; x_wconf 89' lang='lat' dir='ltr'>alios</span> <span class='ocrx_word' id='word_1_63' title='bbox 1136 1083 1311 1149; x_wconf 82' lang='lat' dir='ltr'>Graecosel</span> 
     </span>
     <span class='ocr_line' id='line_1_9' title="bbox 123 1189 1312 1273; baseline -0.001 -18"><span class='ocrx_word' id='word_1_64' title='bbox 123 1190 350 1266; x_wconf 81' lang='lat' dir='ltr'>Athenienses,</span> <span class='ocrx_word' id='word_1_65' title='bbox 376 1189 514 1253; x_wconf 88' lang='lat' dir='ltr'>civitatis</span> <span class='ocrx_word' id='word_1_66' title='bbox 537 1209 605 1253; x_wconf 84' lang='lat' dir='ltr'>suae</span> <span class='ocrx_word' id='word_1_67' title='bbox 623 1209 739 1270; x_wconf 88' lang='lat' dir='ltr'>parcos</span> <span class='ocrx_word' id='word_1_68' title='bbox 757 1189 936 1272; x_wconf 89' lang='lat' dir='ltr'>largitores,</span> <span class='ocrx_word' id='word_1_69' title='bbox 959 1189 1218 1273; x_wconf 89' lang='lat' dir='ltr'>reprebendens,</span> <span class='ocrx_word' id='word_1_70' title='bbox 1241 1208 1312 1273; x_wconf 87' lang='lat' dir='ltr'>quos</span> 
     </span>
     <span class='ocr_line' id='line_1_10' title="bbox 123 1295 1313 1378; baseline 0 -17"><span class='ocrx_word' id='word_1_71' title='bbox 123 1297 173 1361; x_wconf 90' lang='lat' dir='ltr'>sui</span> <span class='ocrx_word' id='word_1_72' title='bbox 197 1295 316 1361; x_wconf 90' lang='lat' dir='ltr'>oblitus</span> <span class='ocrx_word' id='word_1_73' title='bbox 340 1295 391 1372; x_wconf 91' lang='lat' dir='ltr'>III,</span> <span class='ocrx_word' id='word_1_74' title='bbox 429 1296 467 1359; x_wconf 94' lang='grc'>11</span> <span class='ocrx_word' id='word_1_75' title='bbox 499 1295 658 1361; x_wconf 88' lang='lat' dir='ltr'>Romanis</span> <span class='ocrx_word' id='word_1_76' title='bbox 681 1296 865 1378; x_wconf 83' lang='lat' dir='ltr'>exemplum</span> <span class='ocrx_word' id='word_1_77' title='bbox 894 1296 1076 1378; x_wconf 85' lang='lat' dir='ltr'>praebuisse</span> <span class='ocrx_word' id='word_1_78' title='bbox 1105 1296 1196 1361; x_wconf 93' lang='lat' dir='ltr'>dicit.</span> <span class='ocrx_word' id='word_1_79' title='bbox 1242 1296 1313 1361; x_wconf 82' lang='lat' dir='ltr'>Eam</span> 
     </span>
     <span class='ocr_line' id='line_1_11' title="bbox 124 1401 1312 1485; baseline -0.001 -17"><span class='ocrx_word' id='word_1_80' title='bbox 124 1402 309 1485; x_wconf 87' lang='lat' dir='ltr'>opinionem</span> <span class='ocrx_word' id='word_1_81' title='bbox 333 1402 465 1466; x_wconf 88' lang='lat' dir='ltr'>firmant</span> <span class='ocrx_word' id='word_1_82' title='bbox 487 1401 596 1466; x_wconf 87' lang='lat' dir='ltr'>verbis</span> <span class='ocrx_word' id='word_1_83' title='bbox 620 1402 784 1467; x_wconf 81' lang='lat' dir='ltr'>Ciceronis</span> <span class='ocrx_word' id='word_1_84' title='bbox 807 1403 840 1467; x_wconf 93' lang='lat' dir='ltr'>in</span> <span class='ocrx_word' id='word_1_85' title='bbox 863 1406 945 1467; x_wconf 83' lang='lat' dir='ltr'>orci.</span> <span class='ocrx_word' id='word_1_86' title='bbox 969 1423 1030 1485; x_wconf 93' lang='lat' dir='ltr'>pro</span> <span class='ocrx_word' id='word_1_87' title='bbox 1052 1403 1160 1468; x_wconf 85' lang='lat' dir='ltr'>Balbo</span> <span class='ocrx_word' id='word_1_88' title='bbox 1187 1404 1238 1480; x_wconf 86' lang='lat'>13,</span> <span class='ocrx_word' id='word_1_89' title='bbox 1267 1402 1312 1481; x_wconf 87' lang='grc'>31,</span> 
     </span>
     <span class='ocr_line' id='line_1_12' title="bbox 123 1509 1313 1593; baseline 0.001 -19"><span class='ocrx_word' id='word_1_90' title='bbox 123 1511 264 1575; x_wconf 88' lang='lat' dir='ltr'>oratorie</span> <span class='ocrx_word' id='word_1_91' title='bbox 286 1527 346 1573; x_wconf 93' lang='lat' dir='ltr'>nec</span> <span class='ocrx_word' id='word_1_92' title='bbox 370 1528 443 1573; x_wconf 91' lang='lat' dir='ltr'>cum</span> <span class='ocrx_word' id='word_1_93' title='bbox 467 1509 611 1572; x_wconf 86' lang='lat' dir='ltr'>historiae</span> <span class='ocrx_word' id='word_1_94' title='bbox 634 1528 713 1573; x_wconf 87' lang='lat' dir='ltr'>cura</span> <span class='ocrx_word' id='word_1_95' title='bbox 736 1510 839 1589; x_wconf 86' lang='lat' dir='ltr'>elatis,</span> <span class='ocrx_word' id='word_1_96' title='bbox 863 1514 897 1574; x_wconf 90' lang='lat' dir='ltr'>et</span> <span class='ocrx_word' id='word_1_97' title='bbox 919 1509 1147 1593; x_wconf 77' lang='lat' dir='ltr'>frequentibus</span> <span class='ocrx_word' id='word_1_98' title='bbox 1166 1509 1313 1592; x_wconf 83' lang='lat' dir='ltr'>exemplis</span> 
     </span>
     <span class='ocr_line' id='line_1_13' title="bbox 123 1615 1313 1700; baseline 0 -19"><span class='ocrx_word' id='word_1_99' title='bbox 123 1637 248 1693; x_wconf 90' lang='lat' dir='ltr'>eorum,</span> <span class='ocrx_word' id='word_1_100' title='bbox 283 1615 338 1698; x_wconf 85' lang='lat' dir='ltr'>qui</span> <span class='ocrx_word' id='word_1_101' title='bbox 366 1635 386 1679; x_wconf 85' lang='lat' dir='ltr'>a</span> <span class='ocrx_word' id='word_1_102' title='bbox 416 1615 546 1697; x_wconf 87' lang='lat' dir='ltr'>regibus</span> <span class='ocrx_word' id='word_1_103' title='bbox 569 1615 728 1680; x_wconf 88' lang='lat' dir='ltr'>Romanis</span> <span class='ocrx_word' id='word_1_104' title='bbox 751 1615 894 1699; x_wconf 90' lang='lat' dir='ltr'>undique</span> <span class='ocrx_word' id='word_1_105' title='bbox 924 1617 1076 1694; x_wconf 81' lang='lat' dir='ltr'>Romam,</span> <span class='ocrx_word' id='word_1_106' title='bbox 1112 1616 1244 1700; x_wconf 89' lang='lat' dir='ltr'>oppidis</span> <span class='ocrx_word' id='word_1_107' title='bbox 1264 1621 1313 1681; x_wconf 85' lang='lat' dir='ltr'>aut</span> 
     </span>
     <span class='ocr_line' id='line_1_14' title="bbox 124 1718 1313 1805; baseline 0 -18"><span class='ocrx_word' id='word_1_108' title='bbox 124 1723 249 1800; x_wconf 89' lang='lat' dir='ltr'>deletis,</span> <span class='ocrx_word' id='word_1_109' title='bbox 274 1724 311 1786; x_wconf 87' lang='lat' dir='ltr'>ut</span> <span class='ocrx_word' id='word_1_110' title='bbox 332 1721 462 1799; x_wconf 85' lang='lat' dir='ltr'>Albani,</span> <span class='ocrx_word' id='word_1_111' title='bbox 486 1721 726 1800; x_wconf 77' lang='lat' dir='ltr'>PolitorienseS,</span> <span class='ocrx_word' id='word_1_112' title='bbox 751 1723 971 1800; x_wconf 89' lang='lat' dir='ltr'>Tellenenses,</span> <span class='ocrx_word' id='word_1_113' title='bbox 996 1723 1195 1787; x_wconf 83' lang='lat' dir='ltr'>Ficanenses</span> <span class='ocrx_word' id='word_1_114' title='bbox 1206 1718 1242 1805; x_wconf 89' lang='lat'>¹),</span> <span class='ocrx_word' id='word_1_115' title='bbox 1264 1726 1313 1787; x_wconf 83' lang='lat' dir='ltr'>aut</span> 
     </span>
     <span class='ocr_line' id='line_1_15' title="bbox 123 1828 1313 1906; baseline 0.002 -13"><span class='ocrx_word' id='word_1_116' title='bbox 123 1832 156 1895; x_wconf 91' lang='lat' dir='ltr'>in</span> <span class='ocrx_word' id='word_1_117' title='bbox 179 1830 313 1894; x_wconf 87' lang='lat' dir='ltr'>coloniae</span> <span class='ocrx_word' id='word_1_118' title='bbox 337 1828 477 1893; x_wconf 88' lang='lat' dir='ltr'>formam</span> <span class='ocrx_word' id='word_1_119' title='bbox 501 1828 652 1906; x_wconf 86' lang='lat' dir='ltr'>redactis,</span> <span class='ocrx_word' id='word_1_120' title='bbox 676 1833 714 1893; x_wconf 91' lang='lat' dir='ltr'>ut</span> <span class='ocrx_word' id='word_1_121' title='bbox 737 1829 954 1906; x_wconf 78' lang='lat' dir='ltr'>CaeninenseS,</span> <span class='ocrx_word' id='word_1_122' title='bbox 978 1829 1210 1906; x_wconf 64' lang='lat' dir='ltr'>Antemnates</span> <span class='ocrx_word' id='word_1_123' title='bbox 1241 1830 1313 1895; x_wconf 86' lang='lat' dir='ltr'>Cru-</span> 
     </span>
     <span class='ocr_line' id='line_1_16' title="bbox 122 1928 1312 2016; baseline -0.003 -14"><span class='ocrx_word' id='word_1_124' title='bbox 122 1936 265 2014; x_wconf 88' lang='lat' dir='ltr'>stumini,</span> <span class='ocrx_word' id='word_1_125' title='bbox 296 1935 458 2001; x_wconf 85' lang='lat' dir='ltr'>Camerini</span> <span class='ocrx_word' id='word_1_126' title='bbox 466 1928 502 2016; x_wconf 80' lang='lat'>²),</span> <span class='ocrx_word' id='word_1_127' title='bbox 537 1935 679 1999; x_wconf 84' lang='lat' dir='ltr'>Romam</span> <span class='ocrx_word' id='word_1_128' title='bbox 703 1935 844 2000; x_wconf 88' lang='lat' dir='ltr'>traducti</span> <span class='ocrx_word' id='word_1_129' title='bbox 867 1940 900 2001; x_wconf 95' lang='lat' dir='ltr'>et</span> <span class='ocrx_word' id='word_1_130' title='bbox 923 1938 1008 2000; x_wconf 88' lang='lat' dir='ltr'>cives</span> <span class='ocrx_word' id='word_1_131' title='bbox 1032 1936 1111 2000; x_wconf 88' lang='lat' dir='ltr'>facti</span> <span class='ocrx_word' id='word_1_132' title='bbox 1134 1940 1312 2001; x_wconf 86' lang='lat' dir='ltr'>narrantur.</span> 
     </span>
     <span class='ocr_line' id='line_1_17' title="bbox 123 2041 1313 2125; baseline -0.002 -17"><span class='ocrx_word' id='word_1_133' title='bbox 123 2044 156 2108; x_wconf 89' lang='lat' dir='ltr'>Si</span> <span class='ocrx_word' id='word_1_134' title='bbox 181 2051 292 2108; x_wconf 86' lang='lat' dir='ltr'>tamen</span> <span class='ocrx_word' id='word_1_135' title='bbox 315 2041 501 2106; x_wconf 85' lang='lat' dir='ltr'>discesseris</span> <span class='ocrx_word' id='word_1_136' title='bbox 525 2041 567 2105; x_wconf 87' lang='lat' dir='ltr'>ab</span> <span class='ocrx_word' id='word_1_137' title='bbox 596 2041 651 2105; x_wconf 85' lang='lat' dir='ltr'>illa</span> <span class='ocrx_word' id='word_1_138' title='bbox 679 2042 829 2123; x_wconf 80' lang='lat' dir='ltr'>stirpium</span> <span class='ocrx_word' id='word_1_139' title='bbox 858 2042 1093 2120; x_wconf 87' lang='lat' dir='ltr'>coniunctione,</span> <span class='ocrx_word' id='word_1_140' title='bbox 1129 2062 1198 2107; x_wconf 92' lang='lat' dir='ltr'>non</span> <span class='ocrx_word' id='word_1_141' title='bbox 1228 2062 1313 2125; x_wconf 88' lang='lat' dir='ltr'>pere·</span> 
     </span>
     <span class='ocr_line' id='line_1_18' title="bbox 122 2149 1314 2233; baseline -0.001 -19"><span class='ocrx_word' id='word_1_142' title='bbox 122 2151 288 2233; x_wconf 90' lang='lat' dir='ltr'>grinorum</span> <span class='ocrx_word' id='word_1_143' title='bbox 313 2149 507 2230; x_wconf 80' lang='lat' dir='ltr'>receptione,</span> <span class='ocrx_word' id='word_1_144' title='bbox 532 2168 550 2211; x_wconf 90' lang='lat' dir='ltr'>e</span> <span class='ocrx_word' id='word_1_145' title='bbox 574 2168 640 2231; x_wconf 86' lang='lat' dir='ltr'>qua</span> <span class='ocrx_word' id='word_1_146' title='bbox 662 2152 742 2213; x_wconf 88' lang='lat' dir='ltr'>nata</span> <span class='ocrx_word' id='word_1_147' title='bbox 765 2153 816 2214; x_wconf 89' lang='lat' dir='ltr'>est</span> <span class='ocrx_word' id='word_1_148' title='bbox 838 2170 890 2215; x_wconf 88' lang='lat' dir='ltr'>res</span> <span class='ocrx_word' id='word_1_149' title='bbox 913 2151 1044 2232; x_wconf 89' lang='lat' dir='ltr'>publica</span> <span class='ocrx_word' id='word_1_150' title='bbox 1066 2149 1233 2227; x_wconf 90' lang='lat' dir='ltr'>Romana,</span> <span class='ocrx_word' id='word_1_151' title='bbox 1255 2168 1314 2213; x_wconf 92' lang='lat' dir='ltr'>non</span> 
     </span>
     <span class='ocr_line' id='line_1_19' title="bbox 122 2255 1313 2338; baseline 0 -18"><span class='ocrx_word' id='word_1_152' title='bbox 122 2256 227 2320; x_wconf 92' lang='lat' dir='ltr'>solum</span> <span class='ocrx_word' id='word_1_153' title='bbox 262 2274 321 2337; x_wconf 91' lang='lat' dir='ltr'>per</span> <span class='ocrx_word' id='word_1_154' title='bbox 354 2273 390 2318; x_wconf 89' lang='lat' dir='ltr'>se</span> <span class='ocrx_word' id='word_1_155' title='bbox 414 2255 533 2318; x_wconf 90' lang='lat' dir='ltr'>mirum</span> <span class='ocrx_word' id='word_1_156' title='bbox 562 2258 621 2334; x_wconf 89' lang='lat' dir='ltr'>est,</span> <span class='ocrx_word' id='word_1_157' title='bbox 656 2257 758 2321; x_wconf 83' lang='lat' dir='ltr'>victos</span> <span class='ocrx_word' id='word_1_158' title='bbox 793 2258 904 2322; x_wconf 92' lang='lat' dir='ltr'>hostes</span> <span class='ocrx_word' id='word_1_159' title='bbox 938 2260 972 2335; x_wconf 78' lang='lat' dir='ltr'>et</span> <span class='ocrx_word' id='word_1_160' title='bbox 1006 2275 1159 2338; x_wconf 88' lang='lat' dir='ltr'>agrorum</span> <span class='ocrx_word' id='word_1_161' title='bbox 1196 2256 1313 2321; x_wconf 83' lang='lat' dir='ltr'>iactma</span> 
     </span>
     <span class='ocr_line' id='line_1_20' title="bbox 122 2361 1313 2445; baseline 0 -19"><span class='ocrx_word' id='word_1_162' title='bbox 122 2362 382 2445; x_wconf 87' lang='lat' dir='ltr'>oppidorumque</span> <span class='ocrx_word' id='word_1_163' title='bbox 413 2361 507 2424; x_wconf 89' lang='lat' dir='ltr'>ruina</span> <span class='ocrx_word' id='word_1_164' title='bbox 531 2361 668 2427; x_wconf 87' lang='lat' dir='ltr'>afflictos</span> <span class='ocrx_word' id='word_1_165' title='bbox 696 2363 729 2426; x_wconf 91' lang='lat' dir='ltr'>in</span> <span class='ocrx_word' id='word_1_166' title='bbox 757 2365 946 2428; x_wconf 86' lang='lat' dir='ltr'>societatem</span> <span class='ocrx_word' id='word_1_167' title='bbox 976 2362 1247 2427; x_wconf 82' lang='lat' dir='ltr'>administrandae</span> <span class='ocrx_word' id='word_1_168' title='bbox 1274 2362 1313 2427; x_wconf 88' lang='lat' dir='ltr'>rei</span> 
     </span>
    </p>

    <p class='ocr_par' dir='ltr' id='par_1_4' title="bbox 67 2467 1314 2552">
     <span class='ocr_line' id='line_1_21' title="bbox 67 2467 1314 2552; baseline -0.001 -18"><span class='ocrx_word' id='word_1_169' title='bbox 67 2493 108 2534; x_wconf 80' lang='lat' dir='ltr'>aso</span> <span class='ocrx_word' id='word_1_170' title='bbox 121 2468 261 2551; x_wconf 83' lang='lat' dir='ltr'>publicae</span> <span class='ocrx_word' id='word_1_171' title='bbox 290 2468 333 2532; x_wconf 91' lang='lat' dir='ltr'>ab</span> <span class='ocrx_word' id='word_1_172' title='bbox 362 2467 400 2530; x_wconf 91' lang='lat' dir='ltr'>iis</span> <span class='ocrx_word' id='word_1_173' title='bbox 429 2467 614 2547; x_wconf 84' lang='lat' dir='ltr'>victoribus,</span> <span class='ocrx_word' id='word_1_174' title='bbox 652 2489 672 2533; x_wconf 92' lang='lat' dir='ltr'>a</span> <span class='ocrx_word' id='word_1_175' title='bbox 700 2471 817 2552; x_wconf 91' lang='lat' dir='ltr'>quibus</span> <span class='ocrx_word' id='word_1_176' title='bbox 852 2470 906 2534; x_wconf 87' lang='lat' dir='ltr'>alii</span> <span class='ocrx_word' id='word_1_177' title='bbox 940 2469 1002 2533; x_wconf 92' lang='lat' dir='ltr'>sub</span> <span class='ocrx_word' id='word_1_178' title='bbox 1038 2489 1159 2533; x_wconf 90' lang='lat' dir='ltr'>corona</span> <span class='ocrx_word' id='word_1_179' title='bbox 1196 2488 1314 2534; x_wconf 76' lang='lat' dir='ltr'>venun·</span> 
     </span>
    </p>
   </div>
   <div class='ocr_carea' id='block_1_3' title="bbox 121 2568 1314 3086">
    <p class='ocr_par' dir='ltr' id='par_1_5' title="bbox 121 2568 1314 3086">
     <span class='ocr_line' id='line_1_22' title="bbox 122 2568 1314 2655; baseline 0 -16"><span class='ocrx_word' id='word_1_180' title='bbox 122 2568 327 2655; x_wconf 82' lang='lat' dir='ltr'>darentur³),</span> <span class='ocrx_word' id='word_1_181' title='bbox 363 2574 504 2639; x_wconf 85' lang='lat' dir='ltr'>adscitos</span> <span class='ocrx_word' id='word_1_182' title='bbox 540 2595 621 2653; x_wconf 88' lang='lat' dir='ltr'>esse,</span> <span class='ocrx_word' id='word_1_183' title='bbox 656 2596 770 2641; x_wconf 80' lang='lat' dir='ltr'>rerum</span> <span class='ocrx_word' id='word_1_184' title='bbox 806 2581 952 2641; x_wconf 82' lang='lat' dir='ltr'>veterum</span> <span class='ocrx_word' id='word_1_185' title='bbox 988 2575 1156 2640; x_wconf 89' lang='lat' dir='ltr'>civitatum</span> <span class='ocrx_word' id='word_1_186' title='bbox 1192 2579 1314 2640; x_wconf 88' lang='lat' dir='ltr'>naturae</span> 
     </span>
     <span class='ocr_line' id='line_1_23' title="bbox 121 2681 1313 2765; baseline 0 -19"><span class='ocrx_word' id='word_1_187' title='bbox 121 2684 217 2764; x_wconf 91' lang='lat' dir='ltr'>plane</span> <span class='ocrx_word' id='word_1_188' title='bbox 241 2685 411 2763; x_wconf 80' lang='lat' dir='ltr'>repugnat.</span> <span class='ocrx_word' id='word_1_189' title='bbox 457 2681 529 2746; x_wconf 92' lang='lat' dir='ltr'>Non</span> <span class='ocrx_word' id='word_1_190' title='bbox 562 2685 648 2747; x_wconf 92' lang='lat' dir='ltr'>enim</span> <span class='ocrx_word' id='word_1_191' title='bbox 681 2683 713 2747; x_wconf 92' lang='lat' dir='ltr'>id</span> <span class='ocrx_word' id='word_1_192' title='bbox 744 2684 958 2765; x_wconf 86' lang='lat' dir='ltr'>spectandum</span> <span class='ocrx_word' id='word_1_193' title='bbox 990 2687 1049 2760; x_wconf 89' lang='lat' dir='ltr'>est,</span> <span class='ocrx_word' id='word_1_194' title='bbox 1085 2702 1198 2765; x_wconf 82' lang='lat' dir='ltr'>parvae</span> <span class='ocrx_word' id='word_1_195' title='bbox 1231 2683 1313 2747; x_wconf 90' lang='lat' dir='ltr'>initio</span> 
     </span>
     <span class='ocr_line' id='line_1_24' title="bbox 121 2788 1313 2872; baseline 0.006 -19"><span class='ocrx_word' id='word_1_196' title='bbox 121 2788 331 2872; x_wconf 70' lang='lat' dir='ltr'>reipublicae</span> <span class='ocrx_word' id='word_1_197' title='bbox 360 2789 523 2853; x_wconf 86' lang='lat' dir='ltr'>civitatem</span> <span class='ocrx_word' id='word_1_198' title='bbox 553 2790 679 2854; x_wconf 91' lang='lat' dir='ltr'>nullum</span> <span class='ocrx_word' id='word_1_199' title='bbox 710 2791 873 2872; x_wconf 88' lang='lat' dir='ltr'>singulare</span> <span class='ocrx_word' id='word_1_200' title='bbox 909 2789 1114 2855; x_wconf 88' lang='lat' dir='ltr'>commodum</span> <span class='ocrx_word' id='word_1_201' title='bbox 1151 2790 1313 2859; x_wconf 89' lang='lat' dir='ltr'>habuisse.</span> 
     </span>
     <span class='ocr_line' id='line_1_25' title="bbox 122 2895 1313 2979; baseline 0 -19"><span class='ocrx_word' id='word_1_202' title='bbox 122 2896 210 2978; x_wconf 90' lang='lat' dir='ltr'>quod</span> <span class='ocrx_word' id='word_1_203' title='bbox 233 2895 303 2959; x_wconf 89' lang='lat' dir='ltr'>aliis</span> <span class='ocrx_word' id='word_1_204' title='bbox 328 2895 465 2959; x_wconf 83' lang='lat' dir='ltr'>exclusis</span> <span class='ocrx_word' id='word_1_205' title='bbox 488 2897 686 2960; x_wconf 81' lang='lat' dir='ltr'>servandum</span> <span class='ocrx_word' id='word_1_206' title='bbox 710 2901 798 2961; x_wconf 89' lang='lat' dir='ltr'>esset</span> <span class='ocrx_word' id='word_1_207' title='bbox 828 2896 918 2979; x_wconf 88' lang='lat' dir='ltr'>(nam</span> <span class='ocrx_word' id='word_1_208' title='bbox 948 2901 1053 2962; x_wconf 93' lang='lat' dir='ltr'>totum</span> <span class='ocrx_word' id='word_1_209' title='bbox 1077 2898 1139 2961; x_wconf 92' lang='lat' dir='ltr'>hoc</span> <span class='ocrx_word' id='word_1_210' title='bbox 1163 2896 1205 2960; x_wconf 92' lang='lat' dir='ltr'>de</span> <span class='ocrx_word' id='word_1_211' title='bbox 1230 2915 1313 2961; x_wconf 93' lang='lat' dir='ltr'>com·</span> 
     </span>
     <span class='ocr_line' id='line_1_26' title="bbox 122 3001 1313 3086; baseline 0.003 -20"><span class='ocrx_word' id='word_1_212' title='bbox 122 3003 226 3068; x_wconf 93' lang='lat' dir='ltr'>modis</span> <span class='ocrx_word' id='word_1_213' title='bbox 252 3002 390 3066; x_wconf 86' lang='lat' dir='ltr'>civitatis</span> <span class='ocrx_word' id='word_1_214' title='bbox 413 3004 553 3084; x_wconf 89' lang='lat' dir='ltr'>pertinet</span> <span class='ocrx_word' id='word_1_215' title='bbox 578 3003 619 3067; x_wconf 88' lang='lat' dir='ltr'>ad</span> <span class='ocrx_word' id='word_1_216' title='bbox 648 3003 713 3067; x_wconf 88' lang='lat' dir='ltr'>alia</span> <span class='ocrx_word' id='word_1_217' title='bbox 737 3001 909 3086; x_wconf 86' lang='lat' dir='ltr'>tempora),</span> <span class='ocrx_word' id='word_1_218' title='bbox 945 3003 1002 3067; x_wconf 91' lang='lat' dir='ltr'>sed</span> <span class='ocrx_word' id='word_1_219' title='bbox 1032 3003 1313 3083; x_wconf 90' lang='lat' dir='ltr'>considerandum,</span> 
     </span>
    </p>
   </div>
   <div class='ocr_carea' id='block_1_4' title="bbox 146 3267 1318 4579">
    <p class='ocr_par' dir='ltr' id='par_1_6' title="bbox 190 3267 1318 4047">
     <span class='ocr_line' id='line_1_27' title="bbox 192 3267 1316 3331; baseline 0.002 -9"><span class='ocrx_word' id='word_1_220' title='bbox 192 3269 247 3322; x_wconf 90' lang='lat' dir='ltr'>lem</span> <span class='ocrx_word' id='word_1_221' title='bbox 271 3267 373 3322; x_wconf 81' lang='lat' dir='ltr'>civium</span> <span class='ocrx_word' id='word_1_222' title='bbox 396 3270 576 3323; x_wconf 89' lang='lat' dir='ltr'>deductorum</span> <span class='ocrx_word' id='word_1_223' title='bbox 596 3274 623 3322; x_wconf 88' lang='lat' dir='ltr'>et</span> <span class='ocrx_word' id='word_1_224' title='bbox 647 3269 797 3323; x_wconf 87' lang='lat' dir='ltr'>incolarum</span> <span class='ocrx_word' id='word_1_225' title='bbox 824 3270 999 3323; x_wconf 86' lang='lat' dir='ltr'>subactorum</span> <span class='ocrx_word' id='word_1_226' title='bbox 1028 3270 1217 3325; x_wconf 84' lang='lat' dir='ltr'>condicionem</span> <span class='ocrx_word' id='word_1_227' title='bbox 1247 3270 1316 3331; x_wconf 80' lang='lat' dir='ltr'>iacit,</span> 
     </span>
     <span class='ocr_line' id='line_1_28' title="bbox 192 3358 1316 3427; baseline 0.003 -17"><span class='ocrx_word' id='word_1_228' title='bbox 192 3375 260 3426; x_wconf 88' lang='lat' dir='ltr'>quos</span> <span class='ocrx_word' id='word_1_229' title='bbox 279 3363 360 3411; x_wconf 87' lang='lat' dir='ltr'>antea</span> <span class='ocrx_word' id='word_1_230' title='bbox 379 3358 437 3427; x_wconf 87' lang='lat' dir='ltr'>ipse</span> <span class='ocrx_word' id='word_1_231' title='bbox 456 3359 599 3426; x_wconf 88' lang='lat' dir='ltr'>diligenter</span> <span class='ocrx_word' id='word_1_232' title='bbox 617 3359 790 3423; x_wconf 83' lang='lat' dir='ltr'>discreverat,</span> <span class='ocrx_word' id='word_1_233' title='bbox 813 3358 928 3427; x_wconf 90' lang='lat' dir='ltr'>illosque</span> <span class='ocrx_word' id='word_1_234' title='bbox 947 3359 1068 3412; x_wconf 87' lang='lat' dir='ltr'>detrudit</span> <span class='ocrx_word' id='word_1_235' title='bbox 1085 3358 1114 3412; x_wconf 92' lang='lat' dir='ltr'>in</span> <span class='ocrx_word' id='word_1_236' title='bbox 1132 3376 1197 3413; x_wconf 90' lang='lat' dir='ltr'>eum</span> <span class='ocrx_word' id='word_1_237' title='bbox 1217 3360 1316 3423; x_wconf 89' lang='lat' dir='ltr'>locum,</span> 
     </span>
     <span class='ocr_line' id='line_1_29' title="bbox 193 3445 1313 3518; baseline 0.001 -20"><span class='ocrx_word' id='word_1_238' title='bbox 193 3463 247 3515; x_wconf 92' lang='lat' dir='ltr'>quo</span> <span class='ocrx_word' id='word_1_239' title='bbox 267 3446 317 3499; x_wconf 92' lang='lat' dir='ltr'>hos</span> <span class='ocrx_word' id='word_1_240' title='bbox 336 3446 419 3501; x_wconf 84' lang='lat' dir='ltr'>luisse</span> <span class='ocrx_word' id='word_1_241' title='bbox 438 3448 544 3501; x_wconf 86' lang='lat' dir='ltr'>dixerat</span> <span class='ocrx_word' id='word_1_242' title='bbox 562 3464 588 3515; x_wconf 92' lang='lat' dir='ltr'>p.</span> <span class='ocrx_word' id='word_1_243' title='bbox 609 3445 651 3510; x_wconf 74' lang='grc'><strong>511,</strong></span> <span class='ocrx_word' id='word_1_244' title='bbox 671 3447 758 3501; x_wconf 91' lang='lat' dir='ltr'>multo</span> <span class='ocrx_word' id='word_1_245' title='bbox 777 3447 880 3501; x_wconf 87' lang='lat' dir='ltr'>Latinis</span> <span class='ocrx_word' id='word_1_246' title='bbox 899 3447 1048 3501; x_wconf 82' lang='lat' dir='ltr'>inferiores.</span> <span class='ocrx_word' id='word_1_247' title='bbox 1076 3449 1110 3502; x_wconf 77' lang='lat' dir='ltr'>nt</span> <span class='ocrx_word' id='word_1_248' title='bbox 1128 3453 1224 3503; x_wconf 87' lang='lat' dir='ltr'>tamen</span> <span class='ocrx_word' id='word_1_249' title='bbox 1243 3467 1269 3518; x_wconf 91' lang='lat' dir='ltr'>p.</span> <span class='ocrx_word' id='word_1_250' title='bbox 1284 3448 1313 3501; x_wconf 88' lang='grc'>51</span> 
     </span>
     <span class='ocr_line' id='line_1_30' title="bbox 191 3534 1316 3606; baseline 0.004 -20"><span class='ocrx_word' id='word_1_251' title='bbox 191 3534 324 3604; x_wconf 91' lang='lat' dir='ltr'>populum</span> <span class='ocrx_word' id='word_1_252' title='bbox 344 3537 456 3589; x_wconf 78' lang='lat' dir='ltr'>coloniae</span> <span class='ocrx_word' id='word_1_253' title='bbox 475 3535 628 3590; x_wconf 87' lang='lat' dir='ltr'>constitisse</span> <span class='ocrx_word' id='word_1_254' title='bbox 647 3540 755 3588; x_wconf 89' lang='lat' dir='ltr'>tantum</span> <span class='ocrx_word' id='word_1_255' title='bbox 776 3552 808 3588; x_wconf 85' lang='lat' dir='ltr'>ex</span> <span class='ocrx_word' id='word_1_256' title='bbox 828 3536 930 3589; x_wconf 88' lang='lat' dir='ltr'>colonis</span> <span class='ocrx_word' id='word_1_257' title='bbox 949 3537 1073 3590; x_wconf 89' lang='lat' dir='ltr'>deductis</span> <span class='ocrx_word' id='word_1_258' title='bbox 1091 3535 1193 3601; x_wconf 87' lang='lat' dir='ltr'>scribit,</span> <span class='ocrx_word' id='word_1_259' title='bbox 1217 3538 1316 3606; x_wconf 84' lang='lat' dir='ltr'>quibus</span> 
     </span>
     <span class='ocr_line' id='line_1_31' title="bbox 191 3622 1317 3694; baseline 0.004 -19"><span class='ocrx_word' id='word_1_260' title='bbox 191 3641 217 3692; x_wconf 91' lang='lat' dir='ltr'>p.</span> <span class='ocrx_word' id='word_1_261' title='bbox 237 3622 273 3674; x_wconf 93' lang='grc'>55</span> <span class='ocrx_word' id='word_1_262' title='bbox 290 3623 399 3692; x_wconf 90' lang='lat' dir='ltr'>plebem</span> <span class='ocrx_word' id='word_1_263' title='bbox 418 3641 451 3677; x_wconf 87' lang='lat' dir='ltr'>ex</span> <span class='ocrx_word' id='word_1_264' title='bbox 476 3624 613 3677; x_wconf 85' lang='lat' dir='ltr'>veteribus</span> <span class='ocrx_word' id='word_1_265' title='bbox 636 3623 731 3677; x_wconf 86' lang='lat' dir='ltr'>incolis</span> <span class='ocrx_word' id='word_1_266' title='bbox 755 3624 838 3687; x_wconf 86' lang='lat' dir='ltr'>addit,</span> <span class='ocrx_word' id='word_1_267' title='bbox 862 3629 889 3677; x_wconf 93' lang='lat' dir='ltr'>et</span> <span class='ocrx_word' id='word_1_268' title='bbox 912 3642 938 3693; x_wconf 95' lang='lat' dir='ltr'>p.</span> <span class='ocrx_word' id='word_1_269' title='bbox 958 3624 992 3677; x_wconf 93' lang='grc'>52</span> <span class='ocrx_word' id='word_1_270' title='bbox 1016 3625 1076 3679; x_wconf 88' lang='grc' dir='ltr'><strong>111οε</strong></span> <span class='ocrx_word' id='word_1_271' title='bbox 1099 3625 1179 3694; x_wconf 87' lang='lat' dir='ltr'>longe</span> <span class='ocrx_word' id='word_1_272' title='bbox 1204 3627 1317 3681; x_wconf 84' lang='lat' dir='ltr'>meliore</span> 
     </span>
     <span class='ocr_line' id='line_1_32' title="bbox 191 3712 1317 3783; baseline 0.004 -18"><span class='ocrx_word' id='word_1_273' title='bbox 191 3712 350 3766; x_wconf 90' lang='lat' dir='ltr'>condicione</span> <span class='ocrx_word' id='word_1_274' title='bbox 369 3712 452 3766; x_wconf 80' lang='lat' dir='ltr'>fuisse</span> <span class='ocrx_word' id='word_1_275' title='bbox 470 3712 616 3781; x_wconf 85' lang='lat' dir='ltr'>significat;</span> <span class='ocrx_word' id='word_1_276' title='bbox 636 3712 663 3766; x_wconf 91' lang='lat' dir='ltr'>in</span> <span class='ocrx_word' id='word_1_277' title='bbox 683 3730 738 3781; x_wconf 88' lang='lat' dir='ltr'>qua</span> <span class='ocrx_word' id='word_1_278' title='bbox 756 3729 793 3777; x_wconf 88' lang='lat' dir='ltr'>re,</span> <span class='ocrx_word' id='word_1_279' title='bbox 812 3729 869 3767; x_wconf 88' lang='lat' dir='ltr'>non</span> <span class='ocrx_word' id='word_1_280' title='bbox 888 3713 968 3777; x_wconf 84' lang='lat' dir='ltr'>dixit;</span> <span class='ocrx_word' id='word_1_281' title='bbox 988 3730 1053 3767; x_wconf 92' lang='lat' dir='ltr'>nam</span> <span class='ocrx_word' id='word_1_282' title='bbox 1071 3714 1162 3783; x_wconf 86' lang='lat' dir='ltr'>legum</span> <span class='ocrx_word' id='word_1_283' title='bbox 1184 3714 1317 3769; x_wconf 88' lang='lat' dir='ltr'>lationem</span> 
     </span>
     <span class='ocr_line' id='line_1_33' title="bbox 191 3801 1317 3873; baseline 0.003 -18"><span class='ocrx_word' id='word_1_284' title='bbox 191 3818 357 3869; x_wconf 89' lang='lat' dir='ltr'>omnemque</span> <span class='ocrx_word' id='word_1_285' title='bbox 385 3801 539 3855; x_wconf 88' lang='lat' dir='ltr'>libertatem</span> <span class='ocrx_word' id='word_1_286' title='bbox 567 3802 609 3855; x_wconf 89' lang='lat' dir='ltr'>his</span> <span class='ocrx_word' id='word_1_287' title='bbox 637 3802 749 3856; x_wconf 87' lang='lat' dir='ltr'>coloniis</span> <span class='ocrx_word' id='word_1_288' title='bbox 777 3802 873 3856; x_wconf 83' lang='lat' dir='ltr'>adimit</span> <span class='ocrx_word' id='word_1_289' title='bbox 900 3820 926 3870; x_wconf 94' lang='lat' dir='ltr'>p.</span> <span class='ocrx_word' id='word_1_290' title='bbox 946 3802 988 3856; x_wconf 87' lang='grc'>69.</span> <span class='ocrx_word' id='word_1_291' title='bbox 1026 3803 1093 3870; x_wconf 76' lang='lat' dir='ltr'>Quae</span> <span class='ocrx_word' id='word_1_292' title='bbox 1116 3810 1213 3857; x_wconf 89' lang='lat' dir='ltr'>autem</span> <span class='ocrx_word' id='word_1_293' title='bbox 1238 3821 1265 3873; x_wconf 95' lang='lat' dir='ltr'>p.</span> <span class='ocrx_word' id='word_1_294' title='bbox 1283 3803 1317 3857; x_wconf 87' lang='grc'>53</span> 
     </span>
     <span class='ocr_line' id='line_1_34' title="bbox 190 3890 1318 3960; baseline 0.003 -16"><span class='ocrx_word' id='word_1_295' title='bbox 190 3891 290 3959; x_wconf 88' lang='lat' dir='ltr'>posuit,</span> <span class='ocrx_word' id='word_1_296' title='bbox 313 3890 426 3944; x_wconf 90' lang='lat' dir='ltr'>omnino</span> <span class='ocrx_word' id='word_1_297' title='bbox 450 3907 506 3943; x_wconf 93' lang='lat' dir='ltr'>non</span> <span class='ocrx_word' id='word_1_298' title='bbox 530 3891 663 3959; x_wconf 85' lang='lat' dir='ltr'>intellig0;</span> <span class='ocrx_word' id='word_1_299' title='bbox 693 3907 836 3960; x_wconf 87' lang='lat' dir='ltr'>nunquam</span> <span class='ocrx_word' id='word_1_300' title='bbox 854 3891 928 3944; x_wconf 91' lang='lat' dir='ltr'>enim</span> <span class='ocrx_word' id='word_1_301' title='bbox 947 3908 980 3945; x_wconf 82' lang='lat' dir='ltr'>cx</span> <span class='ocrx_word' id='word_1_302' title='bbox 999 3892 1106 3945; x_wconf 90' lang='lat' dir='ltr'>colonia</span> <span class='ocrx_word' id='word_1_303' title='bbox 1123 3892 1225 3946; x_wconf 80' lang='lat' dir='ltr'>civium</span> <span class='ocrx_word' id='word_1_304' title='bbox 1246 3893 1318 3947; x_wconf 84' lang='lat' dir='ltr'>iacta</span> 
     </span>
     <span class='ocr_line' id='line_1_35' title="bbox 191 3977 707 4047; baseline -0.002 -14"><span class='ocrx_word' id='word_1_305' title='bbox 191 3985 232 4033; x_wconf 89' lang='lat' dir='ltr'>est</span> <span class='ocrx_word' id='word_1_306' title='bbox 251 3979 361 4043; x_wconf 63' lang='lat' dir='ltr'>Latium</span> <span class='ocrx_word' id='word_1_307' title='bbox 380 3977 461 4047; x_wconf 90' lang='lat' dir='ltr'>plane</span> <span class='ocrx_word' id='word_1_308' title='bbox 481 3980 523 4032; x_wconf 84' lang='lat' dir='ltr'>hae</span> <span class='ocrx_word' id='word_1_309' title='bbox 542 3979 602 4032; x_wconf 70' lang='lat' dir='ltr'>aliae</span> <span class='ocrx_word' id='word_1_310' title='bbox 621 3984 707 4033; x_wconf 87' lang='lat' dir='ltr'>erant.</span> 
     </span>
    </p>

    <p class='ocr_par' dir='ltr' id='par_1_7' title="bbox 148 4064 486 4136">
     <span class='ocr_line' id='line_1_36' title="bbox 148 4064 486 4136; baseline -0.006 -14"><span class='ocrx_word' id='word_1_311' title='bbox 148 4064 171 4134; x_wconf 94' lang='lat'>¹)</span> <span class='ocrx_word' id='word_1_312' title='bbox 188 4069 299 4136; x_wconf 84' lang='lat' dir='ltr'>Dionys.</span> <span class='ocrx_word' id='word_1_313' title='bbox 318 4068 363 4132; x_wconf 90' lang='grc'><strong>111,</strong></span> <span class='ocrx_word' id='word_1_314' title='bbox 382 4066 425 4130; x_wconf 83' lang='grc'>37,</span> <span class='ocrx_word' id='word_1_315' title='bbox 444 4066 486 4120; x_wconf 89' lang='grc'>38.</span> 
     </span>
    </p>

    <p class='ocr_par' dir='ltr' id='par_1_8' title="bbox 148 4154 1317 4401">
     <span class='ocr_line' id='line_1_37' title="bbox 148 4154 1317 4228; baseline 0.003 -18"><span class='ocrx_word' id='word_1_316' title='bbox 148 4154 170 4223; x_wconf 88' lang='lat'>¹)</span> <span class='ocrx_word' id='word_1_317' title='bbox 188 4157 246 4211; x_wconf 85' lang='lat' dir='ltr'>Liv.</span> <span class='ocrx_word' id='word_1_318' title='bbox 265 4158 285 4221; x_wconf 90' lang='lat'>1,</span> <span class='ocrx_word' id='word_1_319' title='bbox 304 4155 347 4220; x_wconf 82' lang='lat'>28,</span> <span class='ocrx_word' id='word_1_320' title='bbox 366 4154 409 4220; x_wconf 87' lang='grc'>29,</span> <span class='ocrx_word' id='word_1_321' title='bbox 428 4155 471 4220; x_wconf 88' lang='grc'>33,</span> <span class='ocrx_word' id='word_1_322' title='bbox 492 4156 533 4224; x_wconf 88' lang='grc'>10,</span> <span class='ocrx_word' id='word_1_323' title='bbox 554 4155 600 4214; x_wconf 91' lang='grc'>11;</span> <span class='ocrx_word' id='word_1_324' title='bbox 625 4157 734 4226; x_wconf 87' lang='lat' dir='ltr'>Dionys.</span> <span class='ocrx_word' id='word_1_325' title='bbox 754 4157 786 4221; x_wconf 90' lang='lat'>11,</span> <span class='ocrx_word' id='word_1_326' title='bbox 809 4156 918 4222; x_wconf 81' lang='lat'>36,111‚</span> <span class='ocrx_word' id='word_1_327' title='bbox 939 4157 963 4221; x_wconf 94' lang='grc'>1,</span> <span class='ocrx_word' id='word_1_328' title='bbox 987 4156 1021 4209; x_wconf 87' lang='grc'>34</span> <span class='ocrx_word' id='word_1_329' title='bbox 1041 4164 1118 4224; x_wconf 74' lang='lat' dir='ltr'>extr,</span> <span class='ocrx_word' id='word_1_330' title='bbox 1137 4158 1178 4211; x_wconf 87' lang='grc'>51.</span> <span class='ocrx_word' id='word_1_331' title='bbox 1218 4159 1317 4228; x_wconf 91' lang='lat' dir='ltr'>Diony·</span> 
     </span>
     <span class='ocr_line' id='line_1_38' title="bbox 190 4242 1317 4315; baseline 0.001 -18"><span class='ocrx_word' id='word_1_332' title='bbox 190 4247 246 4299; x_wconf 89' lang='lat' dir='ltr'>sius</span> <span class='ocrx_word' id='word_1_333' title='bbox 266 4246 348 4299; x_wconf 84' lang='lat' dir='ltr'>eliam</span> <span class='ocrx_word' id='word_1_334' title='bbox 367 4244 450 4298; x_wconf 80' lang='lat' dir='ltr'>curiis</span> <span class='ocrx_word' id='word_1_335' title='bbox 468 4244 618 4313; x_wconf 86' lang='lat' dir='ltr'>adscriptos</span> <span class='ocrx_word' id='word_1_336' title='bbox 638 4246 727 4309; x_wconf 84' lang='lat' dir='ltr'>tradit,</span> <span class='ocrx_word' id='word_1_337' title='bbox 752 4246 784 4310; x_wconf 86' lang='lat' dir='ltr'>ll,</span> <span class='ocrx_word' id='word_1_338' title='bbox 809 4244 844 4297; x_wconf 84' lang='lat'>35</span> <span class='ocrx_word' id='word_1_339' title='bbox 868 4245 916 4311; x_wconf 73' lang='lat' dir='ltr'>(alc</span> <span class='ocrx_word' id='word_1_340' title='bbox 940 4243 1026 4313; x_wconf 63' lang='grc' dir='ltr'><strong><em>φυλάς</em></strong></span> <span class='ocrx_word' id='word_1_341' title='bbox 1044 4247 1088 4296; x_wconf 77' lang='grc' dir='ltr'>καὶ</span> <span class='ocrx_word' id='word_1_342' title='bbox 1108 4242 1228 4315; x_wconf 68' lang='grc' dir='ltr'>φράτρας</span> <span class='ocrx_word' id='word_1_343' title='bbox 1247 4252 1317 4298; x_wconf 67' lang='grc' dir='ltr'><strong><em>κατέ-</em></strong></span> 
     </span>
     <span class='ocr_line' id='line_1_39' title="bbox 190 4333 397 4401; baseline 0.019 -17"><span class='ocrx_word' id='word_1_344' title='bbox 190 4333 289 4401; x_wconf 64' lang='grc' dir='ltr'>γραφε)</span> <span class='ocrx_word' id='word_1_345' title='bbox 309 4339 336 4388; x_wconf 86' lang='lat' dir='ltr'>et</span> <span class='ocrx_word' id='word_1_346' title='bbox 354 4333 397 4388; x_wconf 83' lang='lat'>55.</span> 
     </span>
    </p>

    <p class='ocr_par' dir='ltr' id='par_1_9' title="bbox 146 4416 1318 4579">
     <span class='ocr_line' id='line_1_40' title="bbox 146 4416 1318 4491; baseline 0.003 -17"><span class='ocrx_word' id='word_1_347' title='bbox 146 4416 169 4487; x_wconf 83' lang='lat'>⁸)</span> <span class='ocrx_word' id='word_1_348' title='bbox 188 4422 297 4491; x_wconf 88' lang='lat' dir='ltr'>Dionys.</span> <span class='ocrx_word' id='word_1_349' title='bbox 317 4423 403 4478; x_wconf 87' lang='lat' dir='ltr'>Halic.</span> <span class='ocrx_word' id='word_1_350' title='bbox 421 4423 467 4487; x_wconf 89' lang='lat' dir='ltr'>ill,</span> <span class='ocrx_word' id='word_1_351' title='bbox 486 4422 529 4488; x_wconf 73' lang='lat'>49,</span> <span class='ocrx_word' id='word_1_352' title='bbox 549 4422 591 4488; x_wconf 89' lang='grc'>50,</span> <span class='ocrx_word' id='word_1_353' title='bbox 611 4423 668 4477; x_wconf 83' lang='lat' dir='ltr'>biv.</span> <span class='ocrx_word' id='word_1_354' title='bbox 688 4424 707 4488; x_wconf 93' lang='lat'>1,</span> <span class='ocrx_word' id='word_1_355' title='bbox 727 4423 769 4478; x_wconf 84' lang='grc'>39.</span> <span class='ocrx_word' id='word_1_356' title='bbox 807 4424 905 4477; x_wconf 86' lang='lat' dir='ltr'>Postea</span> <span class='ocrx_word' id='word_1_357' title='bbox 924 4424 1020 4477; x_wconf 89' lang='lat' dir='ltr'>eadem</span> <span class='ocrx_word' id='word_1_358' title='bbox 1040 4424 1185 4478; x_wconf 88' lang='lat' dir='ltr'>Veientum</span> <span class='ocrx_word' id='word_1_359' title='bbox 1205 4424 1318 4478; x_wconf 77' lang='lat' dir='ltr'>fortuna</span> 
     </span>
     <span class='ocr_line' id='line_1_41' title="bbox 190 4509 451 4579; baseline 0.015 -17"><span class='ocrx_word' id='word_1_360' title='bbox 190 4509 241 4563; x_wconf 84' lang='lat' dir='ltr'>init</span> <span class='ocrx_word' id='word_1_361' title='bbox 260 4509 329 4575; x_wconf 89' lang='lat' dir='ltr'>(Liv.</span> <span class='ocrx_word' id='word_1_362' title='bbox 348 4514 380 4578; x_wconf 90' lang='lat' dir='ltr'>V,</span> <span class='ocrx_word' id='word_1_363' title='bbox 398 4511 451 4579; x_wconf 86' lang='grc'>22).</span> 
     </span>
    </p>
   </div>
   <div class='ocr_carea' id='block_1_5' title="bbox 0 0 1484 5190">
    <p class='ocr_par' dir='ltr' id='par_1_10' title="bbox 0 0 1484 5190">
     <span class='ocr_line' id='line_1_42' title="bbox 0 0 1484 5190; baseline 0 0"><span class='ocrx_word' id='word_1_364' title='bbox 0 0 1484 5190; x_wconf 95' lang='lat' dir='ltr'> </span> 
     </span>
    </p>
   </div>
  </div>
 </body>
</html>
