2956 5190
666 252 673 285 ¹
738 254 803 319 466

173 451 278 513 occuito
299 471 336 512 oc
350 457 416 513 tem
432 469 537 532 epaon,
561 447 615 512 ubi
632 449 721 511 illinc
736 448 870 530 red-iero,
895 446 954 511 Nil
969 454 1035 539 est,·
1059 447 1229 529 refutarit
1242 456 1343 529 reccet,

173 555 229 619 ubi
263 556 359 638 plane
393 557 541 636 ineptum
569 556 611 619 sit
637 554 833 639 refripescet;
868 573 975 636 neque
1010 553 1105 637 enim
1141 558 1213 619 tum
1244 554 1345 621 demun

173 662 295 727 orietur
328 661 438 744 frigus,
473 662 531 726 sed
566 663 672 726 aderit
705 662 781 726 iarn.
827 661 895 725 Nec
924 680 944 724 a
975 660 1049 743 lege
1080 660 1223 726 discedit
1241 660 1346 729 Plautus

174 769 321 833 Trinum.
334 769 385 846 ΠΙ,
410 770 441 846 3,
467 769 523 833 17:
548 768 621 833 lireio
643 767 780 832 decertati
803 769 924 831 interea
947 766 1138 832 abseaeserit
1157 766 1290 843 [aalide
1307 770 1348 835 st

132 894 159 933 ss
172 876 270 958 paulo
294 876 359 940 iam
383 875 515 939 liberius
539 877 588 939 est
611 875 700 958 apud
719 875 908 939 Terentium
928 874 1031 939 Andr.
1052 874 1093 951 11,
1119 874 1150 951 3,
1177 874 1236 939 24:
1258 876 1349 938 idon

174 982 296 1067 aliquid
320 983 470 1045 occiderit
493 981 574 1059 horai,
609 982 695 1065 quia,
732 981 786 1064 qui
817 980 862 1045 ibi
893 981 1047 1062 loquitur,
1086 981 1196 1064 magis
1219 979 1349 1059 universe,

173 1109 272 1171 quam
296 1108 388 1170 spem
412 1089 543 1165 habeat,
572 1089 732 1171 significat
760 1108 860 1170 quam
884 1091 1009 1152 certum
1033 1087 1151 1165 tinem,
1181 1090 1258 1151 ante
1278 1106 1350 1169 quen

172 1196 368 1278 perficiatur,
404 1195 561 1271 ostendit3
596 1196 654 1260 sed
688 1199 800 1260 tamen
834 1193 976 1276 spatium
1012 1194 1047 1258 id
1084 1192 1191 1259 futuri
1223 1194 1350 1275 temporis

173 1302 428 1383 comprehendit,
462 1322 522 1384 per
556 1302 644 1384 quod
678 1304 800 1366 otiosus
835 1305 929 1382 pater
963 1302 1126 1382 quiescet.
1172 1299 1247 1364 Hoc
1278 1298 1351 1363 modo

90 1450 92 1455 ,
173 1408 284 1473 Cicero
315 1408 358 1472 ad
381 1408 448 1472 Att.
472 1409 525 1486 IX,
560 1410 601 1474 15
624 1408 751 1474 scribit:
789 1407 891 1487 Qum
921 1415 956 1471 tu
983 1407 1051 1473 lroec
1080 1408 1177 1493 tepea,
1213 1428 1266 1493 epo
1285 1408 1351 1471 tiles

170 1514 307 1597 fortasse
330 1535 507 1593 convertero,
532 1519 565 1579 et
588 1516 697 1581 Livius
719 1516 786 1593 XL,
813 1516 867 1579 ll:
901 1514 974 1578 Non
990 1516 1127 1599 prierius
1150 1536 1281 1600 reginum
1299 1513 1352 1595 fro·

172 1629 263 1684 terno
286 1621 369 1685 ccede
389 1624 508 1705 petiero
531 1621 599 1704 (Ich
624 1622 733 1687 werde
756 1622 847 1686 nicht
870 1621 928 1685 der
949 1624 1036 1685 erste
1060 1622 1147 1700 sein,
1172 1621 1295 1687 der-
1312 1640 1353 1703 ge

173 1727 267 1792 sucht
290 1725 372 1809 hat).
424 1729 570 1793 Eandem
604 1729 743 1794 somnam
773 1728 876 1793 habet
903 1728 1074 1792 Lucretius
1098 1728 1155 1807 111,
1186 1728 1268 1793 915:
1300 1725 1355 1790 lus

170 1834 281 1916 fuerit,
310 1856 406 1919 aeque
426 1844 496 1918 post
518 1856 659 1921 unquam
681 1855 828 1898 revocare
851 1833 963 1911 licebit,
992 1837 1025 1898 et
1048 1834 1176 1917 Virgilii
1206 1834 1355 1899 versusin

172 1942 243 2005 AEn.
267 1941 322 2005 lib.
347 1942 384 2018 ll,
416 1942 475 2006 581
514 1945 547 2005 et
577 1942 658 2018 5823
693 1962 770 2006 nam
802 1941 891 2024 quod
921 1940 1005 2005 libro
1028 1940 1071 2004 IV
1094 1961 1129 2005 v.
1154 1941 1219 2006 591
1245 1939 1356 2023 legitur:

173 2047 236 2111 Pro
260 2047 415 2132 luppiter,
451 2047 506 2110 ibit
530 2047 604 2130 Hic,
640 2050 695 2130 uit,
731 2055 758 2111 et
786 2049 902 2111 nostris
931 2048 1067 2111 illuserit
1095 2048 1227 2112 adversa
1249 2045 1359 2131 requio?

172 2157 276 2238 magis
299 2156 432 2220 inclinat
454 2156 487 2219 in
511 2175 595 2232 eam,
627 2155 668 2219 de
696 2174 762 2237 qua
784 2159 858 2236 post
881 2154 998 2233 dicam,
1030 2159 1173 2219 eventus
1197 2153 1297 2219 futuri
1315 2172 1359 2217 ac·

172 2262 269 2327 tionis
307 2264 481 2345 praeteritae
521 2262 800 2345 significationem.
858 2261 929 2326 Hoc
970 2265 1083 2326 autem
1117 2265 1229 2327 totum
1262 2278 1359 2343 genus,

173 2369 250 2451 quia
281 2371 402 2433 eminet
432 2374 552 2451 praeter
580 2369 726 2434 futurum
752 2371 850 2433 etiam
873 2369 1030 2450 preteriti
1052 2368 1262 2451 significatio,
1295 2364 1360 2431 nihil

173 2477 215 2540 ad
250 2477 387 2541 alteram
423 2476 562 2540 sormam
597 2474 666 2558 (so),
703 2496 776 2558 quae
810 2477 940 2559 proprie
973 2475 1073 2540 futuri
1102 2475 1264 2558 simplicis
1292 2476 1360 2541 erat

173 2583 325 2664 pertinet.
337 2579 361 2664 ¹)
861 2604 863 2608 ’

174 2744 438 2751 -.--——--—-—

202 2829 223 2897 ¹)
243 2833 335 2885 Unum
358 2832 548 2899 attingendum
572 2837 620 2896 est,
649 2847 692 2894 ne,
720 2831 743 2884 si
766 2848 816 2900 pro
841 2835 904 2884 noto
929 2830 1047 2898 tritoque
1065 2830 1197 2893 oniisero,
1226 2838 1318 2900 postea
1332 2828 1360 2881 ab

244 2920 376 2990 imperitis
399 2920 488 2974 alieno
512 2921 571 2974 loco
594 2921 745 2974 obiiciatur.
788 2921 858 2974 Sunt
881 2920 954 2973 enim
978 2919 1105 2988 quaedam
1129 2918 1306 2973 condiciones
1327 2934 1361 2970 ac·

243 3009 350 3062 tionum
368 3008 532 3069 futurarum.
552 3026 613 3077 quae
632 3026 686 3063 non
706 3015 769 3063 ante
788 3027 842 3073 eas,
861 3010 909 3062 sed
927 3009 1009 3062 simul
1028 3025 1092 3062 cum
1112 3009 1144 3062 iis
1157 3009 1258 3062 adesse
1270 3023 1358 3076 easque

243 3115 331 3167 usque
355 3099 387 3151 ad
412 3098 495 3151 finem
520 3098 643 3151 comitari
668 3099 776 3162 debent,
804 3104 836 3152 ut
860 3097 1005 3165 facultatis
1034 3098 1188 3166 potestatis,
1218 3097 1361 3153 voluntatis

244 3188 276 3239 Et
296 3193 388 3240 tamen
408 3187 523 3240 facultas
542 3187 589 3239 illa
608 3188 769 3241 voluntasve
787 3187 839 3241 hoc
857 3187 924 3255 ipso,
943 3187 1016 3255 quod
1036 3187 1231 3242 condicionem
1245 3186 1362 3241 continet

241 3277 394 3343 precedere
413 3276 530 3329 alterum
550 3276 665 3339 videtur,
689 3276 803 3329 confusa
826 3277 909 3329 etiam
933 3276 1043 3329 notione
1062 3275 1209 3344 potestatis
1229 3275 1362 3330 manentis

243 3381 304 3432 quae
323 3365 469 3418 comitatur
482 3365 632 3427 actionem,
661 3371 688 3418 et
712 3365 853 3433 potestatis
877 3365 948 3418 date
971 3365 1112 3432 factaeque,
1142 3381 1208 3433 quae
1232 3365 1305 3434 prior
1320 3372 1362 3417 est.

243 3453 312 3506 Hinc
331 3453 369 3517 fit,
395 3459 425 3506 ut
443 3453 541 3511 Latini.
567 3454 613 3521 qui
633 3454 745 3507 alterius
763 3453 878 3507 actionis
896 3453 971 3521 prius
990 3458 1100 3520 tempus
1119 3453 1198 3507 verbi
1220 3454 1307 3508 forma
1324 3469 1362 3506 uo

243 3547 311 3606 tant,
330 3542 374 3595 hic
393 3559 501 3611 quoque
521 3560 553 3595 ea
572 3542 660 3595 forma
679 3543 718 3595 uti
738 3542 850 3611 possint,
870 3542 946 3595 cuius
965 3541 1071 3610 generis
1090 3543 1269 3596 notissimum
1287 3542 1362 3596 estet

239 3641 361 3699 potuero,
380 3633 427 3685 sed
447 3632 547 3685 similia
565 3635 591 3684 ei
608 3633 722 3698 coluere,
742 3636 768 3684 ei
779 3633 892 3697 lecerit,
911 3634 937 3683 si
944 3632 1087 3699 placuerit,
1107 3633 1134 3683 si
1145 3634 1233 3684 otium
1246 3633 1362 3685 auom.

243 3737 304 3788 quse
323 3727 350 3773 et
369 3720 413 3773 alii
433 3720 600 3787 collegerunt
619 3726 645 3773 et
664 3722 696 3774 Α.
716 3720 869 3783 tlatthjaeus
893 3720 921 3772 in
946 3719 1130 3788 disputatione
1154 3720 1189 3774 de
1215 3737 1268 3774 usu
1288 3718 1363 3773 futuri

242 3810 330 3862 exacti
354 3811 381 3862 in
405 3810 529 3863 Seebodii
553 3810 687 3864 tabulario
711 3810 862 3878 philol.11‚
888 3808 902 3859 1
923 3826 948 3877 p.
967 3807 1002 3859 ‘20
1025 3805 1211 3874 [Vermischte
1235 3808 1362 3864 Schriften

242 3917 267 3966 p.
289 3898 320 3949 il
340 3896 420 3967 sqq.].
458 3899 515 3951 lam
535 3905 618 3968 patet,
649 3916 734 3968 quum
763 3916 798 3951 ne
826 3915 889 3951 vere
915 3896 1093 3966 precedentis
1117 3898 1232 3971 quidem
1258 3898 1363 3951 actionis

242 3992 351 4056 tempus
375 3987 504 4055 singulari
529 3988 575 4040 illa
599 3988 687 4041 forma
710 4004 819 4056 semper
842 3988 964 4055 signetur
987 3986 1046 4052 (cir.
1066 4003 1092 4055 p.
1111 3985 1147 4038 80
1172 3984 1256 4050 not).
1284 3985 1364 4040 multo

242 4077 333 4130 minus
357 4076 384 4128 in
408 4076 459 4128 hac
483 4076 660 4130 similitudine
684 4094 792 4145 semper
817 4076 844 4129 id
868 4076 935 4142 fieri,
963 4092 1147 4145 magnamque
1166 4073 1362 4129 necessarioin

242 4166 293 4218 hac
312 4181 341 4218 re
360 4164 514 4218 libertatem
533 4182 592 4219 esse
611 4166 787 4234 scriptoribus
806 4166 843 4219 ita
863 4165 1000 4234 loquendi.
1029 4170 1059 4218 ut
1083 4181 1126 4218 res
1149 4182 1180 4218 se
1207 4165 1301 4217 animo
1323 4163 1362 4215 ol»

242 4254 362 4318 tulerint,
387 4271 437 4308 nec
455 4255 542 4308 multo
562 4255 678 4308 Ernestii
697 4271 796 4318 errore,
822 4254 931 4322 ubique,
955 4254 1002 4306 ubi
1021 4253 1133 4322 quidem
1152 4255 1323 4315 attendisset,
1342 4256 1364 4304 ci

237 4352 331 4409 potero
350 4343 547 4407 substituentis,
576 4344 709 4397 minorem
729 4361 789 4397 esse
808 4360 912 4407 eorum,
941 4344 988 4411 qui
1011 4343 1069 4396 hec
1092 4348 1167 4396 certa
1186 4348 1214 4395 et
1233 4340 1363 4396 constanti

242 4433 334 4500 regula
353 4432 480 4486 distincta
503 4434 606 4496 volunt,
635 4433 817 4496 immemores,
846 4438 877 4485 ut
901 4449 973 4501 saepe
997 4432 1084 4495 multi,
1113 4437 1239 4485 veterum
1259 4446 1364 4500 quoque

241 4536 396 4575 semmnem
416 4528 523 4587 natura,
543 4539 597 4576 non
616 4527 683 4586 arte,
702 4528 799 4575 natum
818 4522 976 4590 fictumque.
1006 4519 1070 4585 (Cir.
1085 4520 1210 4575 Lindem.
1229 4521 1265 4573 ad
1279 4520 1363 4574 Plan.
