2948 5206
671 294 712 358 31

223 488 328 566 Quem
354 488 470 553 deceat
492 488 571 553 clari
594 443 907 570 praestanttocordo
930 489 1062 567 tribuni,

222 594 382 672 Quisnam
406 596 576 677 frenigerae
600 597 729 677 signum
753 595 832 658 dare
856 595 982 678 dignior
1005 597 1077 661 alae.

87 737 247 801 Ascendit
269 737 395 803 Statius
428 759 448 803 a
476 739 670 816 centuriatu,
706 757 803 819 quem
836 743 905 804 tum
938 744 1122 821 equestrem
1154 741 1293 823 gradum

89 845 189 910 fuisse
212 848 316 926 patet,
349 866 409 928 per
431 846 661 928 praefecturam
686 845 828 909 cohortis
858 847 900 910 ad
925 847 1126 910 tribunatum
1151 854 1184 910 et
1207 866 1293 929 prae·

89 950 249 1015 lecturam
279 952 343 1016 alae
371 954 537 1034 equitum;
572 970 761 1034 quanquam
786 971 816 1014 v.
841 952 884 1016 95
913 958 1084 1035 corruptus
1114 957 1174 1017 est.
1184 948 1211 1033 ¹)
1257 954 1294 1017 ln

89 1059 299 1140 inscriptione
324 1059 464 1141 denique
488 1059 631 1140 quadam
663 1056 775 1139 (Orell.
800 1057 961 1140 Inscriptt.
986 1060 1056 1124 Lat.
1080 1080 1112 1124 n.
1139 1057 1216 1141 125)
1240 1060 1293 1124 hic

88 1171 137 1229 est
160 1165 243 1229 ordo
271 1185 445 1230 munerum
475 1165 663 1229 militarium
688 1161 841 1246 [Pra]ef.
868 1164 965 1228 Febr.
997 1165 1111 1248 Proef.
1142 1166 1292 1231 Oohort.

90 1271 267 1335 German.
292 1269 447 1354 [Pra]ef.
473 1271 579 1358 liquit.
608 1270 696 1335 Tae.
723 1270 793 1334 Mil.
818 1270 968 1356 Legionis
998 1272 1034 1355 V,
1066 1272 1099 1336 id
1122 1279 1182 1349 est,
1209 1272 1291 1336 Sue·

89 1379 252 1444 tonianus.
300 1378 368 1443 lam
392 1383 493 1460 patet,
518 1380 643 1460 opinor,
672 1378 705 1441 id
733 1398 753 1441 a
776 1378 928 1443 Iuvenale
953 1380 1015 1443 diei
1038 1399 1168 1457 munus,
1196 1379 1293 1461 ‚quod

91 1484 209 1550 nebulo
242 1485 359 1565 aliquis
391 1487 551 1550 senatoris
582 1485 667 1549 filius
703 1484 794 1565 (nam
826 1486 944 1551 horum
976 1505 1106 1568 quoque
1139 1493 1294 1570 equestres
1353 1505 1356 1511 ·

91 1600 182 1657 erant
199 1591 349 1674 militiae),
374 1592 552 1673 dilapidato
569 1593 774 1674 patrimonio,
800 1597 911 1673 petere
934 1596 1086 1674 potuerit,
1110 1598 1147 1658 ut
1169 1595 1292 1681 victum

92 1700 238 1776 haberet,
274 1701 344 1764 sive
368 1699 549 1776 etiamtum,
581 1707 617 1762 ut
648 1720 668 1763 a
695 1698 842 1776 Claudio,
878 1701 905 1765 is
929 1701 1053 1781 primus
1077 1701 1196 1783 gradrn
1222 1701 1293 1764 dari

92 1807 204 1872 solitus
216 1807 269 1882 sit,
294 1807 363 1871 sive
380 1806 442 1870 hoe
459 1825 589 1887 quoque
607 1806 650 1869 ad
666 1804 903 1887 impudentiam
922 1807 1101 1871 notandam
1119 1808 1292 1888 pertineat,
1374 1888 1376 1892 μ

91 1914 175 1995 quod
200 1933 268 1977 non
291 1914 520 1989 centuriatum,
544 1914 600 1993 qui
623 1911 765 1976 aStatio
788 1914 913 1993 primus
937 1916 1078 1995 ponitur,
1103 1915 1162 1978 sed
1180 1915 1292 1979 statim

92 2041 201 2084 curam
228 2021 370 2084 cohortis
394 2024 507 2101 petere
530 2019 666 2082 dicatur.
713 2018 777 2083 Sed
802 2020 854 2083 vel
876 2020 938 2084 hoe
962 2040 1081 2085 munus
1111 2040 1160 2098 ea,
1192 2040 1292 2102 quam

91 2127 165 2204 dixi,
190 2146 293 2190 causa
317 2128 383 2207 peti
406 2127 561 2208 potuisse,
585 2126 665 2189 satis
689 2126 841 2204 ostendit,
867 2127 954 2207 quod
978 2129 1011 2191 in
1029 2130 1091 2191 sat.
1108 2126 1180 2192 XIV
1197 2133 1293 2208 pater
1369 2203 1372 2207 ¹

89 2254 209 2298 avarus
239 2233 306 2298 filio
337 2233 464 2309 suadet,
499 2237 536 2296 ut
570 2232 786 2296 centuriatum
822 2238 913 2314 petat
948 2238 981 2298 et
1015 2233 1058 2297 ad
1093 2232 1294 2313 primipilare

88 2360 209 2404 munus
233 2340 387 2403 enitatur.
397 2335 425 2419 ²)

176 2446 282 2510 Paulo
306 2446 454 2527 pluribus
476 2446 585 2510 verbis
609 2445 653 2509 ab
683 2445 744 2510 hoc
777 2445 846 2510 loco
877 2446 1017 2528 obliquae
1048 2445 1293 2527 significationis

87 2554 310 2634 suspicionem
335 2553 377 2616 ab
402 2552 633 2632 interpretibus
658 2557 937 2617 contrementem
962 2557 1068 2635 poetae
1092 2553 1217 2617 illatam
1241 2571 1293 2615 re-

87 2663 191 2735 mori,
236 2660 325 2741 quod
364 2679 448 2722 unus
483 2658 573 2723 locus
608 2659 749 2741 plurium
785 2661 914 2723 errandi
950 2680 1105 2742 generum
1141 2659 1293 2740 exempla

87 2767 213 2831 habere
237 2766 421 2829 videbatur.
468 2766 557 2828 ldem
582 2766 684 2830 multo
714 2766 839 2830 facilius
869 2773 901 2831 et
924 2767 1055 2830 brevius
1085 2767 1154 2830 fieri
1182 2769 1294 2847 potest

88 2877 120 2937 in
146 2874 272 2954 aliquot
295 2873 384 2949 lociS,
409 2892 490 2954 quos
515 2873 588 2936 ideo
611 2893 707 2954 pono,
739 2893 780 2936 ne
809 2875 878 2936 sine
902 2894 1001 2937 causa
1024 2877 1086 2938 hoe
1109 2893 1211 2954 genus
1237 2892 1292 2936 ac·

87 3000 223 3044 cusasse
266 2979 388 3042 videar.
451 2979 547 3042 Velut
586 2980 673 3060 quod
708 2979 830 3043 Weber
866 2979 1051 3043 Iuvenalem
1081 2981 1111 3056 l,
1148 2981 1189 3043 66
1220 2999 1292 3060 sqq.

86 3092 175 3152 tecte
212 3088 244 3150 in
268 3087 311 3150 M.
335 3086 515 3167 Regulum,
548 3093 661 3149 notum
697 3106 736 3149 ex
771 3086 865 3149 Plinii
901 3087 1045 3169 epistolis
1081 3092 1113 3150 et
1149 3086 1292 3162 aliunde,

118 3316 143 3382 ¹)
161 3318 272 3380 Iniuria,
303 3322 333 3369 ut
352 3332 384 3368 ex
408 3315 575 3383 reliquorum
600 3315 854 3382 scriptorum-locis
873 3334 946 3371 nunc
965 3323 1048 3386 patet,
1077 3317 1231 3370 Gronovius
1251 3333 1294 3369 su-

164 3407 285 3475 periores
311 3406 472 3472 interpretes
497 3403 684 3470 reprehendit,
713 3407 897 3460 centuriatum
921 3407 1033 3475 intelligi
1057 3412 1194 3474 putantes
1225 3421 1294 3473 quos

164 3511 261 3548 rerum
280 3494 380 3546 vidisse
399 3493 441 3546 vel
461 3492 595 3561 manipuli
619 3509 672 3546 vox
697 3494 823 3558 ostendit,
852 3512 903 3549 nec
926 3497 983 3564 ipse
1007 3495 1208 3557 animadvertit,
1239 3510 1294 3561 quo

162 3588 267 3651 spectet
292 3581 392 3649 equitis
421 3597 522 3634 nornen
550 3580 681 3644 (Romani
702 3585 739 3635 od
768 3584 864 3637 milites
888 3587 1017 3653 rependes
1040 3594 1064 3638 et
1088 3588 1124 3638 ad
1148 3591 1294 3651 equestrem

163 3676 285 3740 aliquam
309 3671 434 3722 malitiam
457 3670 598 3738 mittendi),
627 3688 689 3725 cum
719 3673 852 3726 Salmasio
877 3673 982 3740 equites
1011 3674 1171 3741 legionarios
1202 3671 1293 3726 nescio

163 3779 232 3829 quos
251 3762 286 3813 ab
305 3761 349 3812 ala
368 3760 489 3813 diversos
512 3759 632 3813 inferens
655 3766 682 3814 et
706 3766 794 3814 totum
814 3762 938 3815 ordinem
958 3767 1123 3830 pervertens.
1162 3762 1215 3814 Sed
1236 3777 1294 3812 cen-

163 3862 220 3903 tum
245 3851 378 3916 nmniptos
403 3856 496 3917 aperte
515 3850 679 3903 mendosum
699 3856 752 3913 est;
782 3850 833 3918 legi
862 3851 943 3904 debet
971 3851 1111 3904 lenissima
1140 3849 1294 3903 mutatione

164 3941 291 4007 rnaniplo,
317 3943 347 3991 ut
366 3937 408 4001 sit,
434 3941 495 4005 quis
514 3941 633 4006 rrraniplo
653 3942 831 4006 intermissus,
856 3948 960 3992 eentum
984 3958 1073 4006 repere
1092 3942 1194 4007 possim
1224 3938 1294 3991 ludit

165 4028 332 4081 versificator
361 4028 388 4080 in
416 4028 581 4096 etymologia
605 4028 723 4080 nominis
747 4028 877 4082 centuriae
905 4034 939 4092 et,
968 4029 1163 4081 obscuritatem
1193 4028 1293 4090 vitane,

164 4117 277 4185 manipli
306 4132 407 4169 nomen
431 4117 570 4180 admiscet,
600 4133 632 4169 ex
660 4117 759 4184 equitis
787 4118 871 4170 etiarn
889 4122 926 4170 'et
953 4117 1066 4184 manipli
1094 4115 1294 4183 compositione

162 4207 285 4275 leporem
304 4221 417 4257 venans.

121 4292 143 4359 ²)
162 4293 242 4362 [Quae
260 4295 305 4347 hie
324 4294 357 4346 de
376 4293 537 4347 muneribus
556 4293 718 4347 militaribus
732 4295 945 4361 disputaveram,
965 4293 1126 4348 confirmata
1139 4297 1166 4345 et
1181 4291 1295 4345 uberius

164 4381 299 4449 explicata
321 4382 471 4449 limataque
495 4388 560 4435 sunt
583 4383 611 4436 in
635 4384 865 4437 commentatione
889 4402 912 4437 a.
938 4382 1007 4434 1864
1030 4382 1104 4435 edita
1126 4387 1154 4434 et
1179 4381 1295 4449 repetita

164 4471 192 4522 in
219 4470 301 4534 libro,
330 4472 376 4539 qui
405 4470 561 4524 inscribitur
588 4472 683 4524 Kleine
705 4474 898 4540 philologiaehe
928 4473 1072 4537 Schriften.
1114 4470 1174 4523 Vid.
1204 4469 1242 4522 ibi
1268 4487 1293 4537 p.

165 4558 217 4611 53⁹
236 4557 315 4629 san-i·

1307 512 1333 552 89

1307 2680 1334 2721 40
