2956 5190
757 157 820 221 182

191 352 303 431 erepta
325 345 528 431 narratur¹);
564 351 832 434 confirmantque,
868 369 942 433 quae
971 349 1012 414 de
1040 346 1278 431 antiquissimis
1302 350 1371 412 tem

190 456 324 538 poribus
347 456 530 533 traduntur,
555 476 604 535 ea,
628 476 702 539 quae
725 461 841 540 postea
863 458 951 522 tacta
974 458 1061 534 sunt,
1084 458 1132 534 ut,
1156 453 1222 520 etsi
1238 453 1281 519 de
1294 453 1373 537 oppi-

190 563 274 628 dulis
297 563 347 641 iis,
382 583 455 645 quae
486 583 506 627 a
537 563 679 628 Romulo
708 564 847 629 subacta
873 565 1057 641 narrantur,
1091 561 1174 627 nihil
1203 559 1374 644 singulatim

189 670 347 737 affirmari
370 669 482 752 possit,
506 669 638 735 insitam
662 671 747 736 hanc
770 671 931 736 rationem
953 667 1089 734 victoria
1111 666 1230 733 utendi
1246 666 1281 732 in
1298 685 1375 731 more

189 797 290 860 quum
313 777 539 841 Romanorum
562 780 632 841 tum
657 779 820 843 communi
848 780 996 842 veterum
1019 775 1176 841 Italorum
1206 773 1308 839 fuisse
1327 791 1376 855 ps·

189 887 268 949 teat.
277 877 304 964 ²)
349 883 466 947 Incolae
489 887 616 948 veteres
642 885 763 967 partim
790 885 932 951 Romam
962 882 1228 957 abducebantur,
1261 878 1378 963 oppidis

189 989 314 1068 deletis,
349 992 386 1053 ut
416 989 458 1053 de
488 989 624 1055 Albanis
655 990 796 1056 traditur
825 995 858 1056 et
888 990 929 1055 de
957 988 1029 1054 aliis
1052 987 1157 1071 (apud
1178 987 1252 1053 liv.
1275 986 1298 1065 I,
1321 984 1378 1067 33),

189 1101 246 1161 aut
269 1095 547 1178 transmigrabant
576 1095 657 1179 (Liv.
681 1098 704 1176 Ι,
735 1098 786 1162 11.
810 1097 943 1181 Dionys.
967 1095 1072 1161 Habe.
1096 1095 1155 1172 111,
1189 1091 1236 1176 1),
1270 1092 1379 1176 partim

188 1202 221 1267 in
245 1204 312 1267 suis
335 1202 468 1267 sedibus
492 1203 760 1284 relinquebantur
789 1201 933 1287 (Dionys.
957 1203 995 1281 Π,
1020 1202 1063 1266 35
1092 1201 1134 1265 de
1162 1200 1332 1266 Caeninitis
1352 1202 1379 1264 et

188 1307 456 1392 Antemnatibus)
477 1307 501 1392 ).
547 1310 668 1374 Verum
703 1310 775 1375 loca
808 1310 958 1375 hostibus
992 1311 1107 1391 erepta
1141 1310 1175 1372 et
1203 1310 1378 1390 opportune

188 1416 251 1482 sita
275 1417 467 1499 plerumque
490 1415 612 1481 tuenda
636 1420 730 1481 erant
752 1417 921 1500 multoque
937 1417 1043 1499 magis
1060 1414 1175 1480 incolae
1191 1413 1377 1497 oppidorum

188 1521 399 1588 subactorum
434 1522 629 1587 observandi
669 1527 701 1588 et
736 1524 916 1588 coercendi.
973 1521 1011 1587 Id
1050 1520 1259 1587 efficiebatur
1295 1522 1378 1603 parte

188 1629 306 1693 civium
330 1629 459 1711 publice
483 1650 522 1694 eo
544 1629 645 1694 missa
668 1629 772 1712 iisque
795 1650 884 1713 agro,
908 1629 963 1711 qui
986 1629 1030 1694 ab
1053 1629 1148 1693 hoste
1172 1630 1291 1711 captus
1307 1630 1377 1697 erat

189 1736 301 1814 diviso,
337 1740 373 1800 ut
401 1734 447 1800 ibi
477 1739 672 1818 perpetuum
702 1737 953 1801 constitueretur
975 1734 1175 1818 praesidium,
1211 1734 1305 1800 cuius
1326 1736 1378 1799 boc

188 1861 289 1906 unum
325 1847 395 1907 erat
429 1862 541 1925 genus,
577 1843 743 1908 nullodum
779 1848 939 1925 perpetuo
973 1841 1085 1906 milite.
1131 1842 1248 1924 anue
1280 1844 1378 1906 estet

187 1953 314 2014 naturae
338 1954 558 2014 consentanea
575 1953 607 2014 et
624 1948 818 2033 scriptorum
835 1948 1028 2014 testimoniis
1046 1947 1169 2014 tradita
1187 1947 1378 2013 coloniarum

187 2056 412 2121 Romanorum
436 2056 525 2138 origo
534 2051 570 2137 ⁴),
596 2076 669 2138 quae
692 2060 729 2120 ut
751 2057 785 2120 tn
808 2056 880 2121 loca
903 2056 1053 2121 habitata
1070 2055 1267 2138 plerumque
1285 2053 1377 2119 dedu-

188 2166 348 2239 cerentur,
373 2162 419 2226 rei
442 2165 561 2226 natura
585 2163 762 2239 efficiebat;
792 2162 887 2227 aliter
909 2164 952 2228 ad
974 2163 1081 2245 ipsam
1104 2163 1170 2226 vim
1195 2161 1331 2227 coloniae
1350 2160 1379 2224 id

133 2281 173 2322 ἥδ
187 2269 391 2351 pertinuisse,
427 2268 515 2351 quod
549 2269 746 2334 Niebuhrius
781 2269 831 2351 (II,
860 2269 914 2348 49,
939 2268 995 2352 50)
1030 2271 1159 2347 statuit,
1195 2271 1252 2335 vix
1286 2268 1379 2335 Servii

187 2374 364 2439 auctoritas
388 2375 476 2450 facit,
511 2379 548 2439 ut
571 2377 719 2452 credam,
754 2380 787 2440 et
818 2375 968 2442 dissentit
998 2378 1039 2442 de
1071 2376 1183 2460 Signia
1212 2375 1379 2460 Dionysius

187 2482 237 2557 IV,
262 2482 316 2546 63.
362 2481 418 2545 Eae
441 2502 547 2564 porro,
584 2483 737 2564 quoniam
761 2502 826 2548 non
857 2484 900 2548 ad
928 2487 1057 2566 tempus
1087 2485 1173 2548 cives
1198 2481 1244 2548 ibi
1268 2481 1378 2548 milita·

187 2589 277 2667 bant,
303 2588 361 2653 sed
384 2608 459 2652 curn
483 2589 613 2653 familiis
640 2588 847 2668 habitabant,
878 2589 1018 2655 tonnam
1051 2590 1195 2672 aliquam
1218 2588 1268 2654 rei
1299 2608 1380 2654 corn·

215 2817 237 2886 ¹)
256 2819 366 2887 Dionys.
386 2818 471 2872 Halic.
487 2819 520 2881 II,
538 2817 573 2871 35
591 2817 637 2883 (de
656 2819 766 2873 Caenina
784 2825 813 2874 et
831 2818 987 2887 Antemna),
1006 2819 1042 2873 50
1060 2818 1106 2886 (de
1123 2816 1271 2883 Gamerm,
1289 2816 1324 2871 53
1341 2816 1380 2884 (de

257 2904 384 2974 Fidenis).

215 2994 237 3063 ²)
256 2997 310 3052 Cir.
329 2995 530 3051 Privernatium
550 2997 716 3065 exemplum,
742 2997 841 3066 quibus
860 3015 884 3052 a.
904 2996 955 3050 341.
976 3014 1000 3050 a.
1019 2997 1057 3061 C,
1078 2999 1212 3065 presidio
1229 2998 1321 3051 solido
1337 2999 1382 3048 im·

253 3089 352 3154 posito,
377 3089 441 3153 apri
460 3094 554 3154 partes
577 3088 639 3139 ἀνα
661 3078 792 3154 adempto
810 3095 874 3140 eunt
892 3086 959 3153 (biv.
979 3087 1049 3149 VIII,
1069 3085 1104 3151 1).
1132 3086 1186 3140 Nec
1205 3086 1229 3140 is
1247 3103 1310 3141 rnos
1327 3086 1381 3140 obs

257 3176 379 3230 elevarat
402 3175 468 3229 belli
490 3173 585 3228 Punici
609 3180 731 3244 tempore
750 3176 815 3241 (Cic.
835 3177 863 3229 in
883 3177 958 3230 Verr.
977 3176 1022 3240 III,
1047 3174 1145 3240 6,13).
1183 3173 1272 3242 [Duas
1296 3180 1383 3245 partes

259 3264 313 3317 iarn
334 3264 457 3318 Hernicis
476 3264 619 3331 ademptas
638 3263 731 3318 scribit
749 3265 806 3318 Lir.
826 3265 858 3329 Il,
877 3263 933 3331 41]

216 3349 239 3418 ³)
256 3348 288 3401 ‘⁰
307 3351 337 3402 δὲ
354 3347 490 3420 Ῥωμύλος
507 3356 672 3419 τριακοσίους
693 3352 745 3422 μὲν
768 3350 870 3422 ἄνδρας
887 3353 925 3410 εἰς
942 3351 1065 3420 ἑκατέρας
1083 3347 1210 3410 α’ποίκους
1228 3348 1383 3413 ἀπέστειλεν,

258 3431 298 3497 οἷς
324 3439 420 3490 ἔδοσαν
447 3441 476 3491 αἱ
502 3437 590 3498 πόλεις
616 3446 704 3510 τρίτην
729 3441 974 3512 κατακληρουχῆσαι
1002 3442 1102 3510 μοῖραν
1128 3445 1172 3503 τῆς
1197 3439 1302 3492 ἑαυτῶν
1327 3443 1382 3509 γῆς.

259 3533 396 3580 Καινιτών
414 3529 444 3581 di
462 3530 506 3581 καὶ
523 3526 709 3600 Ἀντεμνατῶν
722 3527 781 3588 τούς
794 3530 973 3599 βουλομένους
985 3532 1156 3598 μεταθέσθαι
1169 3525 1218 3593 τήν
1232 3532 1338 3594 οἴκησιν
1350 3529 1385 3587 etc

257 3613 366 3688 Ῥώμην
383 3619 506 3686 γυναιξὶν
523 3615 581 3689 ἅμα
600 3619 645 3670 καὶ
662 3622 762 3675 τέκνοις
778 3615 914 3688 μετήγαγε
933 3636 956 3669 κ.
975 3636 995 3669 τ.
1015 3618 1038 3668 l.

214 3705 238 3775 ⁴)
256 3708 403 3777 Dionysius
422 3704 545 3776 φυλακήν
563 3709 683 3778 appellat
695 3713 722 3762 et
736 3703 859 3776 φρουράν
872 3709 916 3773 (ΙΙ,
935 3707 970 3761 53
983 3713 1010 3762 et
1022 3707 1069 3773 54)
1087 3713 1114 3762 et
1127 3708 1238 3763 colonos
1251 3704 1385 3778 φρουρούς

258 3796 313 3864 (VI,
336 3796 371 3850 32
390 3803 417 3851 et
435 3796 494 3863 34);
522 3799 651 3867 idemque
674 3799 709 3851 de
733 3796 946 3851 Crustumerinis
965 3794 1101 3862 (111,49):
1132 3800 1178 3847 τοῦ
1197 3795 1227 3848 dl
1243 3796 1333 3866 μηδὲν
1350 3798 1384 3849 ἔτι

258 3889 438 3954 παρακινῆσαι
454 3881 539 3956 χάριν
562 3885 684 3944 ἐποίκους
711 3881 800 3943 αὐτοῖς
822 3885 948 3937 κατέλιπε
974 3880 1131 3953 Ῥωμαίους.
1169 3881 1315 3953 [satam
1333 3891 1385 3938 uir

258 3969 480 4043 πεπολεμηκότων
507 3975 647 4029 Romanos
675 3975 702 4028 iu
731 3974 851 4028 colonias
884 3975 981 4028 missos
1008 3981 1036 4028 et
1064 3991 1128 4044 agro
1157 3981 1238 4045 capto
1268 3977 1384 4031 donatos

257 4064 378 4132 appellat
401 4063 543 4133 Appianas
566 4063 593 4116 in
617 4063 695 4117 Bruti
719 4062 842 4117 oratione
867 4063 923 4117 Cir.
943 4064 976 4128 II,
1002 4060 1073 4130 140.)
1115 4063 1169 4117 (lit.
1188 4064 1265 4119 Nieb.
1283 4065 1318 4129 Π,
1343 4064 1384 4118 51.

258 4151 378 4205 OmnIno
397 4152 430 4206 de
449 4151 492 4205 his
510 4152 706 4221 antIquissImis
726 4151 847 4216 coloniis,
867 4156 898 4204 ut
916 4153 998 4221 plena
1016 4153 1071 4206 sint
1090 4152 1168 4207 initia
1181 4152 1383 4222 disputationis,

257 4241 386 4307 ponenda
403 4246 468 4295 sunt
486 4242 628 4311 complura
645 4259 662 4296 a
678 4240 827 4294 NIebuhrio
840 4240 894 4293 iam
909 4241 1049 4309 expedita,
1069 4241 1147 4294 facile
1167 4241 1319 4310 apparebit,
1339 4242 1385 4297 ubi

258 4327 362 4382 oriatur
374 4329 520 4384 dissensus.
548 4330 611 4394 etr,
630 4347 699 4399 quos
712 4330 785 4384 locos
805 4330 878 4384 idem
897 4330 952 4383 iarn
971 4330 1093 4384 laudarit
1108 4329 1146 4400 (p.
1160 4329 1214 4396 53),
1233 4330 1313 4385 Dion.
1328 4331 1384 4394 vu,

261 4415 302 4468 13.
321 4415 379 4470 LIv.
399 4417 493 4483 11,34,
513 4418 557 4483 IV,
577 4418 619 4473 11.
638 4419 708 4472 Add.
728 4418 838 4487 Dionys.
858 4419 902 4483 VI,
921 4418 963 4473 32.
