2948 5206
706 321 771 385 ‘113

130 514 283 579 VITAR.
329 514 470 597 Longius
493 515 644 597 progredi
668 516 754 594 licet;
783 517 872 581 nullo
896 517 982 582 enim
1006 517 1070 581 alio
1085 495 1254 582 ¹vocabulo
1271 518 1342 582 haec

133 621 282 704 copulari
298 625 438 704 possunt
452 621 514 686 nisi
529 623 760 704 praepositione
769 619 812 704 ¹);
835 624 1104 706 significationem
1128 627 1239 688 autem
1256 643 1341 704 eam,

133 749 212 810 quae
234 728 420 810 requiritur,
450 728 523 793 duae
552 733 712 811 praestant
739 730 849 795 latinae
877 730 1135 813 praepositiones,
1163 737 1286 814 proeter
1309 734 1342 797 et

134 836 240 912 ultra3
265 835 375 916 itaque
399 835 534 900 VITAR
557 836 681 901 factum
705 842 755 901 est
779 857 819 901 ex
841 837 999 915 VLTRA,
1024 837 1217 919 scripsitque
1236 837 1341 915 Quin-

134 943 285 1007 tilianus:
321 942 392 1005 Alii
422 939 497 1023 (etsi
528 942 604 1007 solis
636 943 714 1008 locis
745 943 901 1025 speciosis
935 944 1077 1009 contenti
1109 963 1175 1009 non
1203 947 1280 1009 sunt
1308 949 1342 1009 et

134 1052 332 1131 argumenta
356 1068 464 1113 causae
488 1050 622 1131 propria
645 1053 808 1132 quaerunt,
832 1048 958 1132 tamen)
981 1050 1064 1114 nihil
1086 1050 1174 1114 ultro
1197 1071 1245 1132 ea,
1269 1071 1339 1136 quae

134 1157 171 1219 in
195 1156 299 1219 oculos
320 1157 500 1236 incurrunt,
525 1156 753 1240 exquirendum
774 1163 899 1240 putam.
934 1157 1090 1222 Confecta
1106 1177 1159 1221 res
1180 1161 1240 1222 est.
1275 1156 1341 1222 Sed

134 1267 259 1339 tamen,
295 1263 450 1344 quoniam
479 1263 710 1328 admonitionis
739 1264 944 1328 occasionem
973 1265 1006 1328 in
1029 1264 1092 1328 hoc
1115 1263 1186 1329 loco
1208 1271 1340 1330 secutus

135 1388 222 1446 sum,
247 1368 368 1433 addam
391 1370 544 1451 primum,
569 1370 658 1451 quod
681 1370 723 1434 ad
747 1371 869 1434 inventi
886 1370 1017 1435 laudem
1035 1369 1246 1435 minuendam
1264 1391 1340 1453 per·

134 1476 251 1553 tineat,
274 1476 340 1540 iam
365 1479 442 1539 ante
465 1475 618 1557 aliquem,
643 1476 734 1541 cuius
759 1478 979 1541 coniecturam
998 1477 1167 1559 Zumptius
1190 1477 1224 1541 in
1246 1478 1340 1543 volu·

134 1584 226 1647 mine
250 1582 362 1665 quinto
386 1582 536 1647 editionis
554 1582 795 1665 Spaldingianae
813 1583 976 1661 indicavit,
1000 1602 1121 1647 nomen
1138 1603 1204 1648 non
1221 1584 1339 1665 posuit,

136 1693 170 1754 et
194 1688 389 1754 sententiam
415 1694 448 1754 et
470 1690 626 1755 orationis
650 1690 791 1754 formam
815 1689 949 1765 vidisse;
973 1689 1071 1753 scribi
1087 1691 1175 1754 enim
1190 1692 1339 1757 volebat:

136 1797 209 1860 Alii
230 1795 313 1859 nihil
336 1797 401 1860 nisi
422 1796 502 1879 fere,
538 1817 608 1881 quae
630 1798 666 1860 in
689 1798 792 1861 oculos
816 1799 994 1877 incurrunt,
1030 1797 1258 1881 exquirendum
1275 1819 1338 1881 pu·

135 1910 222 1979 torst3
252 1901 418 1968 aberravit
441 1922 460 1967 a
483 1903 627 1985 vestigiis
650 1903 832 1968 litterarum
856 1903 994 1980 illarum,
1019 1923 1093 1985 quae
1116 1904 1150 1967 in
1173 1903 1338 1969 codicibus

136 2012 224 2087 sunt,
255 2013 288 2073 et
311 2030 412 2091 quum
437 2029 476 2074 ea
498 2015 611 2076 tamen
634 2012 789 2092 consequi
812 2011 918 2084 vellet,
947 2009 1030 2073 nihil
1053 2011 1117 2073 nisi
1137 2010 1208 2092 sere
1229 2013 1340 2093 posuit

135 2136 198 2200 pro
221 2116 303 2180 nihil
324 2116 394 2198 fere
415 2118 490 2182 nisi.
536 2118 712 2182 attamen
735 2118 807 2194 hoc,
832 2117 920 2199 quod
942 2116 1110 2180 inventurn
1129 2120 1209 2194 erat,
1234 2137 1339 2199 quan·

135 2227 207 2289 tarn
231 2224 298 2288 veri
321 2228 451 2305 partem
467 2225 657 2303 contineret,
672 2224 852 2307 Zumptius
867 2243 935 2288 non
950 2224 1226 2302 animadvertens,
1249 2224 1339 2302 Mihi,

135 2331 252 2411 inquit,
276 2350 342 2394 non
366 2331 534 2396 satisfecit.
588 2331 713 2397 Deinde
737 2350 838 2413 quum
862 2331 932 2413 ipse
955 2330 1191 2409 Quintilianum
1216 2329 1339 2408 ederet,

136 2440 271 2518 recepta
299 2436 362 2500 hac
390 2438 567 2520 scriptura:
601 2438 684 2502 nillil
714 2439 825 2519 nitore,
860 2458 930 2523 quoe
959 2439 995 2501 io
1026 2438 1129 2501 oculos
1159 2437 1339 2518 incurrunt,

137 2542 366 2628 acquirendum
383 2552 502 2627 putam
525 2545 714 2627 adscripsit:
738 2545 805 2609 Nos
829 2545 930 2609 citare
953 2544 1132 2625 accipimus
1155 2562 1216 2624 pro
1237 2544 1340 2606 vitun-

136 2650 215 2714 dum
239 2649 300 2715 sibi
323 2671 401 2728 csse3
437 2651 525 2733 quod
556 2653 627 2733 quis
651 2672 718 2716 non
740 2653 876 2716 miretur
899 2651 1113 2733 grammatico
1136 2650 1170 2714 in
1193 2652 1339 2714 mentem
1384 2713 1386 2718 .

136 2760 266 2823 venisse
298 2778 398 2839 quum
430 2778 489 2840 per
519 2754 591 2838 se²)
623 2762 693 2823 tum
724 2761 859 2840 propter
881 2758 1039 2840 reliquam
1065 2756 1339 2821 constructionem

137 2863 317 2948 (vitandum
345 2865 406 2930 sibi
434 2885 497 2929 esse
520 2863 776 2950 ecquirmdumll
811 2865 859 2930 De
882 2865 1054 2941 sententia,
1079 2867 1227 2946 apparet,
1263 2884 1339 2928 eum

136 2990 271 3054 prorsus
306 2990 372 3036 non
407 2972 570 3036 curiosum
606 2971 715 3035 luisse.
761 2972 881 3036 Postea
912 2971 973 3035 luit
1004 2971 1113 3049 etiam,
1149 2971 1204 3053 qui
1230 2970 1338 3054 (lexic.

137 3077 271 3156 Quintil.
295 3098 327 3159 p.
352 3077 478 3158 LXVII)
510 3079 551 3142 de
574 3078 732 3142 infinitivo
755 3077 910 3142 historico
934 3081 1081 3142 monstra
1105 3078 1259 3158 quaedam
1282 3097 1339 3141 ex-

138 3185 297 3266 cogitaret
319 3181 403 3265 (Alii
425 3187 527 3249 vitare
549 3220 592 3230 -
610 3186 885 3268 putont=vitont
908 3190 935 3246 et
953 3180 1094 3266 putant),
1123 3184 1202 3261 ,nisi
1226 3203 1338 3248 emen·

138 3290 280 3355 dationis
304 3291 480 3373 ancipitem
509 3292 706 3356 medicinam
735 3290 909 3355 adhibere“
938 3290 1055 3371 aliquis
1078 3290 1186 3354 vellet.
1232 3290 1279 3354 De
1303 3310 1338 3355 re

138 3402 170 3461 et
194 3397 357 3462 sententia
380 3417 446 3462 non
470 3398 632 3480 cogitavit.
668 3397 739 3462 Hoc
762 3417 828 3462 non
852 3398 931 3475 iero,
956 3398 1017 3462 hoc
1036 3397 1252 3478 reprehendo,
1276 3398 1338 3461 hoc

136 3504 288 3581 insector,
327 3504 513 3570 huiusmodi
541 3508 652 3570 omnia
680 3505 822 3586 fingendi
853 3508 886 3570 et
913 3524 1028 3569 sanam
1061 3503 1222 3567 rationem
1244 3521 1338 3584 sper·

136 3612 238 3677 nendi
260 3612 425 3677 licentiam
449 3615 555 3676 cautae
578 3613 760 3693 prudentiae
784 3631 904 3676 nomen
927 3612 989 3676 sibi
1012 3610 1191 3692 imponere,
1221 3612 1254 3673 et
1277 3628 1337 3673 an·
1401 3601 1403 3604 ⁴

137 3719 269 3802 cipitem
295 3720 404 3784 vocari
435 3738 501 3784 non
532 3719 616 3783 hanc
648 3719 700 3784 vel
729 3719 819 3783 illam
850 3718 1081 3793 coniecturam,
1117 3715 1176 3780 sed
1207 3735 1338 3781 omnem

138 3845 213 3889 cum
238 3827 352 3907 quovis
376 3825 524 3890 codicum
554 3826 674 3891 mendo
698 3829 933 3908 comparatam.
980 3824 1020 3888 Et
1049 3821 1126 3905 quia
1153 3822 1224 3886 haec
1252 3841 1338 3886 nunc

167 4123 190 4190 ¹)
208 4125 277 4179 Nam
296 4125 318 4178 si
337 4129 393 4180 nisi
411 4125 596 4193 Quintilianus
614 4126 757 4196 posuisset,
780 4127 945 4196 scripsisset:
975 4128 1043 4180 orihel
1065 4128 1121 4178 nist
1144 4129 1216 4194 quod
1240 4156 1273 4164 -
1297 4128 1339 4179 in-

210 4223 313 4268 currat.

166 4299 188 4367 ¹)
207 4303 376 4372 Longissima
395 4304 477 4357 distat
501 4321 591 4358 censeo
612 4306 710 4371 facere,
739 4304 791 4358 hoc
808 4307 858 4368 est,
885 4304 969 4368 iubeo,
997 4304 1032 4356 de
1050 4320 1105 4372 quo
1123 4302 1179 4357 dixi
1198 4303 1226 4357 in
1245 4302 1337 4357 libello

210 4408 294 4459 quem
312 4391 448 4462 inscripsi:
474 4395 676 4461 Bemcrlcunpen
695 4394 760 4446 aber
778 4394 960 4446 verachicdene
979 4393 1081 4445 Puncta
1099 4395 1148 4446 der
1165 4395 1338 4446 lateinischcn

213 4481 399 4548 Sprachlelnc,
418 4499 444 4550 p.
466 4481 507 4534 78.
