2956 5190
622 277 686 342 557

259 474 312 539 Ad
335 474 499 537 moechum
524 473 631 537 veniet
654 472 722 537 lota
746 476 835 550 cute;
862 474 994 555 quando
1017 475 1119 540 rideri

259 580 336 644 Vult
358 581 503 644 formosa
526 579 639 643 domi?
674 579 808 643 Moechis
833 580 945 645 foliata
968 584 1142 663 parantur;
1236 661 1241 673 ν

260 687 320 751 His
344 688 472 764 emitur,
497 685 652 768 quicquid
675 686 813 767 graciles
835 686 900 750 huc
922 687 1049 751 mittitis
1072 687 1153 751 Indi.

260 792 408 858 Tandem
434 793 541 874 aperit
562 791 687 856 vultum
712 795 745 856 et
768 794 904 857 tectoria
926 795 1033 876 prima
1056 795 1198 875 reponit;

259 899 374 982 Incipit
398 900 529 980 agnosci
554 901 615 961 cet.

51 1042 91 1108 In
113 1042 164 1106 his
188 1041 310 1123 aliquid
334 1060 405 1105 esse
421 1041 554 1118 turbati,
579 1040 644 1104 iam
662 1040 822 1105 Gonsalus
840 1040 883 1104 ad
898 1041 1086 1105 Petronium
1106 1046 1255 1106 senserat

52 1155 88 1213 et
111 1151 186 1230 post
209 1167 284 1212 eurn
309 1147 498 1212 Dusaultius
527 1152 561 1212 et
583 1148 772 1230 Rupertius.
817 1147 1026 1211 Incommode
1050 1148 1137 1212 eninr
1161 1167 1254 1229 pror·

51 1274 112 1321 sus
136 1254 179 1319 ab
194 1255 324 1336 incepta
348 1254 565 1336 descriptione
589 1254 683 1319 faciei
707 1253 858 1319 obductae
882 1253 990 1317 divelli
1013 1253 1083 1318 illa:
1112 1253 1310 1318 Pandemos

53 1363 162 1447 apmt
184 1362 302 1425 cubum
326 1363 387 1424 cet.
422 1361 535 1442 ltaque
559 1381 609 1438 ea,
633 1382 707 1443 quae
723 1360 915 1442 interposita
930 1350 1016 1437 sunt,
1040 1361 1128 1425 reiici
1144 1362 1258 1426 volunt

56 1472 118 1533 aut
139 1471 215 1550 post
236 1486 368 1532 versum
392 1467 458 1531 470
481 1471 539 1532 aut
561 1471 636 1550 post
659 1488 689 1532 v.
713 1467 789 1531 473.
824 1466 935 1531 Priore
958 1466 1029 1531 loco
1052 1486 1174 1532 nexum
1191 1487 1257 1532 non

54 1574 166 1639 minus
189 1574 371 1638 turbabunt
400 1574 472 1638 haec
501 1575 681 1650 interiecta,
716 1574 895 1655 posteriore
925 1573 1077 1654 languide
1109 1574 1257 1639 adhaere·

55 1680 143 1745 bunt
175 1688 249 1763 post
284 1681 511 1762 gravissimam
548 1681 743 1745 clausulam:
782 1680 883 1762 facim
917 1679 1039 1743 ductor
1074 1701 1117 1744 un
1150 1680 1260 1746 auus?

53 1787 221 1853 Praeterea
252 1807 319 1851 non
349 1787 460 1851 omnia
488 1786 533 1851 illi
561 1787 769 1852 incommoda
791 1787 953 1851 viderunt.
999 1785 1072 1863 Quo
1096 1788 1181 1851 enim
1205 1806 1257 1851 re·

55 1895 162 1959 fertur
184 1894 262 1958 illud
288 1892 425 1970 Interea,
450 1894 538 1976 quod
560 1894 652 1959 initio
667 1913 698 1958 v.
714 1894 777 1957 461
796 1893 933 1974 legitur?
966 1893 1139 1957 Praecessit
1155 1892 1257 1957 enimc

58 1999 299 2064 Intolerabiliuc
322 1999 405 2063 nihil
428 2007 471 2064 est
494 1993 589 2085 quom
611 1999 734 2082 femina
757 1999 854 2063 dices.
863 1995 889 2079 ¹)
934 1999 1043 2080 Atque
1065 1999 1128 2063 hoc
1150 2000 1258 2082 ipsum

58 2106 266 2182 vocabulum,
303 2126 377 2188 quae
403 2106 448 2171 'sit
474 2107 537 2171 hoc
565 2106 636 2171 loco
666 2107 754 2170 iacta
776 2104 986 2188 transpositio
1010 2109 1043 2168 et
1066 2105 1138 2187 quis
1161 2125 1258 2171 verus
1343 2099 1347 2109 ’

58 2231 213 2277 versuum
237 2213 318 2277 ordo
341 2213 393 2290 sit,
418 2214 623 2295 apertissime
647 2213 861 2278 demonstrat.
898 2211 951 2276 Sic
974 2213 1060 2276 enirn
1085 2213 1257 2278 decurrere

59 2318 164 2389 oratio
188 2318 297 2396 debet,
322 2320 422 2384 ternis
447 2321 596 2385 versibus
619 2320 731 2384 sedem
756 2318 1035 2401 permutantibus:

263 2460 317 2525 Ad
340 2462 505 2526 moechum
530 2463 638 2526 veniet
660 2462 726 2526 lota
751 2464 835 2525 cute.
882 2459 1022 2537 Quando
1044 2460 1147 2524 videri

264 2567 341 2630 Vult
364 2568 507 2633 formosa
532 2569 643 2633 domi?
678 2567 812 2632 Moechis
836 2567 949 2631 foliata
973 2570 1147 2648 parantur;

264 2672 324 2737 His
349 2675 476 2751 emitur,
501 2675 655 2757 quicquid
679 2675 814 2755 graciles
838 2674 902 2738 huc
925 2673 1052 2737 mittitis
1075 2673 1155 2738 lndi.

265 2779 394 2845 Interea
417 2781 506 2846 foeda
530 2782 688 2865 adspectu
711 2781 912 2863 ridendaque
936 2780 1040 2844 multo

264 2885 355 2950 Pane
379 2891 483 2952 tumet
507 2887 616 2963 facies,
640 2891 698 2951 aut
720 2886 851 2969 pinguia
875 2887 1065 2968 Poppaeana

265 2991 384 3074 Spirat,
410 2998 444 3058 et
466 2996 541 3059 hinc
565 2993 673 3058 miseri
697 2995 866 3057 viscantur
890 2993 984 3057 labra
1006 2991 1125 3056 mariti.

267 3098 417 3164 Tandem
441 3102 546 3182 aperit
569 3101 696 3165 vultum
720 3103 780 3164 cet.

62 3241 131 3304 lam
155 3245 245 3305 recta
267 3242 378 3306 omnia
400 3247 492 3307 sunt:
517 3243 644 3307 Moecho
667 3262 702 3307 se
725 3246 831 3318 ornat,
855 3260 921 3304 non
944 3241 1033 3305 domi
1050 3241 1175 3305 munda
1194 3245 1260 3319 est;

61 3347 181 3411 moechi
205 3367 305 3412 causa
328 3349 470 3431 pretiosa
499 3352 649 3414 aromata
678 3349 771 3425 emit;
806 3349 932 3412 interea
963 3347 1050 3412 domi
1082 3348 1170 3412 ioedo
1201 3347 1261 3412 ad·

61 3460 193 3538 spectu,
227 3456 321 3519 vultu
355 3455 498 3519 obducto
534 3460 599 3533 est;
639 3456 773 3520 tandem
809 3458 870 3519 cet.
928 3454 1072 3520 Similem
1108 3475 1261 3520 versuum

62 3562 360 3644 transpositionem,
384 3563 443 3626 sed
467 3562 617 3639 duorum,
646 3562 947 3626 animadverterunt
970 3562 1110 3627 editores
1134 3566 1167 3626 et
1190 3582 1261 3627 cor·

64 3671 218 3733 rexerunt
241 3688 341 3750 supra
364 3670 397 3732 in
419 3671 482 3734 hac
505 3669 618 3733 satira.
664 3669 748 3732 Nam
773 3689 803 3732 r.
828 3668 903 3745 306,
928 3668 1002 3747 307,
1028 3668 1092 3732 308
1116 3668 1148 3732 in
1173 3669 1261 3732 codi-

66 3775 158 3839 cibus
181 3774 226 3839 sic
250 3780 432 3856 ponuntur:
1073 3780 1078 3789 ’

266 3899 279 3962 l
303 3919 390 3963 nunc
414 3904 446 3963 et
469 3899 593 3976 dubita,
618 3919 683 3980 qua
707 3899 839 3964 sorbeat
862 3918 940 3962 aera
962 3917 1066 3963 sanna

268 4005 385 4082 Tullia,
411 4006 489 4088 quid
514 4006 601 4069 dicat
625 4008 711 4069 notae
736 4005 892 4069 collactea
915 4005 1048 4081 Maura,

267 4112 381 4176 Maura
404 4112 573 4177 Pudicitiae
597 4115 740 4175 veterem
764 4131 864 4193 quum
890 4113 1035 4193 praeterit
1058 4131 1161 4175 aram.

93 4357 114 4428 ¹)
134 4357 241 4427 [Nescio
269 4359 335 4428 quid
363 4361 397 4413 ad
426 4361 497 4414 hanc
525 4358 727 4421 difficultatem,
756 4375 818 4427 qua
845 4375 955 4412 summa
982 4363 1036 4421 est,
1066 4358 1263 4411 removendam

135 4448 308 4503 Heinrichius
327 4450 449 4503 dicturus
473 4449 563 4512 luerit,
591 4446 639 4516 qui
661 4452 765 4500 ceteras
793 4464 906 4516 „genere
930 4448 1050 4516 quodam
1073 4443 1260 4514 parenthesis*

135 4538 263 4607 expedire
281 4536 333 4591 sibi
353 4536 467 4590 videtur.
506 4533 597 4603 1842]
684 4543 688 4549 ·
