2948 5206
716 303 744 366 ,5

152 495 220 577 ευτ’)
245 507 277 563 et
299 498 427 563 IIhellos
450 498 522 563 illos
546 498 588 562 de
610 501 689 562 nota
713 499 920 581 aspirationis
944 507 976 565 et
1001 501 1041 566 de
1065 501 1274 585 diphthongis
1298 508 1331 568 et

151 607 205 671 hec
224 606 408 688 fragmenta
430 604 527 669 unius
556 624 630 668 esse
658 605 825 688 scriptoris
853 609 957 687 putat,
994 606 1049 687 qui
1077 615 1153 690 post
1181 629 1212 674 a.
1244 611 1328 675 1327

151 713 258 787 vixerim
282 713 468 795 fragmenta
479 715 590 777 autem
609 720 763 794 excerpta
780 732 853 778 esse
871 732 910 777 ex
928 713 1147 794 antiquiorum
1164 736 1330 798 gramma·

150 821 263 884 ticomm
293 818 386 884 libris
415 823 474 884 aut
502 819 733 900 interpretum,
768 819 912 884 maxime
940 818 1205 901 Virgilianorum,
1240 841 1357 887 com-s

148 926 306 991 nentariis.
360 925 424 1003 Qui
452 924 732 1007 quemadmodum
760 926 824 990 sibi
854 927 1063 1008 persuaserit
1098 928 1153 995 illo
1182 936 1330 1012 tempore

148 1033 265 1115 scriptos
295 1051 369 1097 esse
398 1051 496 1114 posse
524 1030 650 1096 libellos
682 1031 763 1109 illos,
799 1036 858 1096 aut
892 1033 935 1096 ah
971 1033 1087 1098 eodem
1122 1034 1253 1100 homine
1288 1035 1329 1100 de

148 1140 244 1206 eodem
267 1146 463 1222 argumento
486 1143 556 1202 tam
580 1137 710 1203 diversa
738 1139 864 1203 ratione
892 1145 925 1202 et
953 1139 1048 1220 copia
1076 1145 1108 1205 et
1136 1142 1329 1219 eruditione,

148 1252 193 1311 ant
215 1247 246 1311 in
273 1247 393 1328 quibus
416 1245 703 1328 grammaticorum
728 1251 760 1308 et
784 1244 998 1326 interpretum
1026 1246 1154 1329 scriptis
1185 1268 1241 1313 eas
1264 1269 1328 1327 res,

149 1372 207 1434 qua
226 1354 258 1417 in
281 1354 332 1418 his
357 1351 547 1435 fragmentis
564 1359 656 1425 sunt,
677 1350 778 1415 fuisse
795 1351 969 1432 putaverit,
994 1352 1113 1417 nescio.
1149 1354 1190 1418 Et
1207 1360 1328 1431 tamen,

150 1459 219 1539 guod
245 1463 317 1541 post
348 1480 378 1523 a.
410 1459 493 1523 1327
524 1458 646 1540 scripta
679 1457 870 1539 fragmenta⁸
896 1457 952 1521 illa
981 1458 1192 1537 existimavit,
1228 1461 1261 1525 in
1290 1481 1329 1525 eo

152 1573 220 1628 recte
240 1566 400 1630 rationem
424 1565 540 1630 habuit
563 1564 738 1645 fragmenti
766 1584 786 1628 a
810 1564 908 1629 Caelio
936 1564 1121 1647 Rhodigino
1143 1567 1251 1648 positi.
1298 1567 1328 1632 Is

153 1671 221 1734 enim
246 1670 392 1753 (antiqq.
421 1673 522 1736 Lecti.
546 1671 634 1747 XIX,
668 1669 722 1750 10)
753 1671 825 1735 haec
853 1671 998 1752 scripsit:
1036 1672 1226 1757 Qeionqnem
1259 1674 1328 1754 olii,

152 1777 217 1861 qnod
237 1777 422 1843 Eustothins
444 1777 563 1853 scribit,
595 1799 616 1840 o
647 1776 758 1840 Combe
779 1779 901 1861 proella,
936 1765 1099 1842 Chalcidis
1121 1787 1328 1861 coperimento,

154 1882 233 1967 Asopi
251 1885 330 1967 filie,
360 1885 435 1948 deci
463 1883 646 1948 vocobulum
673 1890 801 1966 pectant,
831 1885 882 1948 eei
906 1905 1000 1948 oeneoe
1023 1892 1200 1949 armaturea
1223 1887 1328 1949 inven-

153 1992 244 2054 tionem
271 2000 430 2077 acceptam
457 1991 613 2072 referum.
666 1988 716 2053 De
749 2011 813 2074 qno
847 1992 1034 2056 intellexisse
1065 1991 1214 2056 micion
1243 1991 1328 2056 orbi-

154 2105 258 2161 trmtur
280 2097 570 2181 Metamorphoseon
594 2097 723 2179 septimo

293 2206 428 2269 Adiacet
450 2205 501 2268 his
525 2205 675 2277 Pleuron,
699 2205 734 2265 in
757 2225 820 2288 qno
844 2204 1076 2288 trepidantibus
1099 2206 1161 2269 olis

366 2313 486 2397 Ophias
510 2311 619 2395 effnpit
642 2317 790 2373 notorem
812 2311 946 2374 vnlnere
971 2311 1091 2375 Cmnbe.

156 2415 236 2493 Qum
257 2419 388 2483 Iamben
410 2419 573 2482 trarietulit
597 2416 771 2497 Plenndes,
799 2420 846 2481 nti
874 2419 1015 2507 meminit
1045 2419 1190 2483 Coeeilins
1220 2419 1327 2485 Minn-

153 2523 238 2588 tiome
258 2520 456 2610 Apuleius.²)
503 2524 543 2587 Et
568 2527 685 2588 exstat·
698 2524 732 2586 id
755 2544 875 2588 nomen
903 2525 934 2587 in
959 2525 1072 2588 Graeca
1096 2526 1228 2589 Maximi
1251 2526 1327 2590 Pla-

152 2630 227 2695 nudis
257 2634 564 2714 metamorphoseon
600 2630 867 2711 interpretatione
902 2651 921 2693 a
951 2630 1163 2697 Boissonadio
1195 2633 1327 2697 Parisiis

154 2734 220 2799 11122
240 2739 324 2802 edita
348 2739 417 2821 (lib.
443 2739 507 2811 VII,
533 2735 622 2816 383).
669 2737 831 2800 Maximus
863 2742 972 2801 autem
1002 2739 1166 2803 Planudes
1196 2740 1327 2804 ineunte

151 2845 247 2908 seculo
269 2847 340 2909 XIV
366 2847 453 2921 vixit,
480 2850 509 2909 et
536 2864 622 2908 anno
656 2843 737 2906 1327
770 2844 812 2906 ad
836 2843 1032 2908 Venetianos
1057 2845 1182 2927 legatus
1207 2847 1326 2910 missus

149 2946 225 3025 est³i
268 2953 315 3016 Ex
339 2973 404 3034 quo
428 2953 530 3015 facilis
555 2954 605 3014 est
629 2950 669 3013 de
701 2954 798 3013 aetate
827 2950 992 3030 scriptoris
1022 2951 1324 3032 interpretationem

147 3055 201 3119 eius
223 3059 504 3123 commemorantis
530 3056 724 3120 coniectura.
762 3058 809 3119 Ac
833 3057 936 3121 Maius
961 3059 1093 3138 quidem
1118 3063 1150 3122 et
1174 3059 1326 3124 Osannus

143 3162 243 3228 falsam
266 3167 351 3229 hanc
374 3164 502 3247 Apuleii
527 3163 871 3227 commemorationem
895 3169 1028 3246 putant;
1053 3166 1112 3229 scd
1136 3185 1237 3246 quum
1255 3167 1327 3247 ipsa

140 3270 175 3333 de
194 3270 336 3335 Planude
361 3293 412 3335 res
438 3270 606 3334 uerissime
630 3270 750 3333 tradita
775 3270 826 3343 sit,
851 3271 883 3333 in
907 3280 1040 3335 auctore
1064 3293 1102 3335 eo
1126 3273 1233 3336 minus
1257 3293 1327 3336 cre·

136 3376 224 3441 dihiie
248 3388 297 3443 est
322 3380 456 3443 Caelium
483 3396 622 3451 errasse,
648 3377 736 3456 quod
759 3377 862 3440 muita
886 3378 1002 3442 similia
1026 3379 1069 3442 ad
1093 3379 1353 3460 mythologiamr

131 3487 307 3566 spectantia
342 3487 375 3549 in
410 3485 504 3550 editis
538 3485 729 3565 fragmentis
763 3484 978 3565 reperiuntur.
989 3481 1014 3563 4)
1066 3486 1179 3566 Neque
1213 3489 1324 3548 tamen

152 3678 174 3742 ¹)
193 3680 394 3748 Schulzeitung,
415 3680 587 3733 Literaturbl.
610 3680 642 3731 II.
661 3679 692 3731 N.
711 3678 753 3730 37.
776 3678 851 3731 1827.
880 3679 947 3731 Novi
966 3685 1074 3732 tantum
1094 3696 1127 3732 ex
1142 3680 1240 3731 Baehrii
1257 3680 1325 3732 Hist.

195 3770 246 3822 Lit.
266 3769 346 3822 Item.
367 3787 391 3838 p.
406 3769 457 3820 544
472 3776 509 3837 (p.
524 3768 576 3820 737)
597 3769 639 3820 ed.
653 3765 688 3833 2).
732 3768 807 3835 Ipsas
831 3768 904 3820 enim
930 3769 989 3821 illas
1013 3769 1202 3837 ephemerides
1226 3769 1327 3822 frustra

194 3860 222 3912 in
244 3865 337 3912 nostra
357 3859 424 3911 urhe
443 3857 564 3925 quaesivi.

146 3947 171 4011 ²)
191 3949 334 4015 [ntegrum
356 3948 446 4000 Iocum
466 3946 553 4014 posui,
573 3950 603 3997 ut
623 3952 775 4014 appareret,
801 3963 855 3999 non
880 3948 1049 4015 probandam
1075 3963 1133 3999 esse
1157 3946 1219 3998 Maii
1237 3945 1326 4013 (praef.

192 4055 218 4104 p.
241 4036 350 4088 XXVIII
376 4036 445 4100 not.)
472 4035 655 4103 suspicionem
681 4036 714 4088 de
739 4037 958 4103 interpunctione
983 4036 1123 4089 mutanda.
1169 4034 1323 4087 Manuelem

192 4125 349 4178 Planudem
368 4124 409 4176 his
428 4126 548 4193 appellat
562 4124 642 4176 Baehr
661 4123 697 4192 (p.
713 4124 772 4176 119.
794 4124 855 4186 120;
878 4124 936 4177 173.
958 4124 1007 4175 171
1027 4126 1068 4178 ed.
1088 4122 1115 4186 2)
1134 4140 1183 4191 pro
1196 4123 1324 4186 Maxime,

193 4230 297 4275 errore,
317 4214 432 4281 nequis
453 4216 522 4267 duos
541 4213 667 4266 homines
686 4230 703 4264 a
722 4212 801 4265 nohis
819 4211 949 4264 confundi
969 4217 1054 4279 putet.

145 4301 171 4367 ²)
192 4303 253 4356 vid.
274 4319 344 4371 quos
358 4303 453 4355 laudat
467 4304 537 4356 Saxa
553 4303 580 4354 in
597 4302 738 4355 Onomast.
753 4301 801 4364 lit,
821 4301 868 4369 qui
883 4302 956 4354 hunc
971 4302 1061 4369 ipsum
1077 4317 1181 4354 annum
1197 4302 1327 4354 Planudis

194 4391 301 4444 nomini
320 4393 475 4459 praeposuIt.

145 4478 171 4541 4)
190 4480 287 4546 Quum
307 4480 393 4533 Maius
412 4481 531 4543 dixisset,
561 4480 677 4533 tortasse
701 4480 753 4531 hoc
776 4479 889 4532 Caelium
913 4496 947 4532 ex
970 4477 1082 4531 alterius
1105 4479 1213 4546 Apuleii
1233 4479 1324 4531 libello

193 4568 358 4635 sumpsisse.
387 4568 513 4621 Osannus
543 4568 631 4621 editos
655 4569 763 4636 Apuleii
791 4569 905 4621 mInoris
928 4568 1034 4621 libellos
1058 4583 1120 4620 eam
1144 4567 1326 4636 suspicionem
