2948 5206
154 96 202 160 Ne
225 115 264 161 ea
288 97 420 179 quidem
444 97 602 180 attingam
626 98 793 175 hocloco,
818 117 891 180 quae
914 97 961 163 ita
983 100 1116 179 recepta
1133 117 1154 162 a
1171 97 1264 162 Klot-

47 197 102 264 zio
146 201 291 285 probavi,
323 207 363 269 ut
397 208 509 269 tamen
544 206 648 287 magis
683 204 942 270 testimoniorum
977 204 1129 286 gravitati
1163 223 1264 286 quam

44 304 197 373 editoris
228 308 441 392 disputationi
469 329 545 376 eum
573 331 743 375 assensum
775 311 968 387 tribuerem3
1003 311 1092 375 velut
1124 311 1159 375 in
1192 312 1264 393 ipso

41 406 197 479 Catonis
219 413 313 481 initio
336 413 368 498 (5
392 414 426 497 2)
449 417 512 483 boc
535 417 680 483 dandum
711 417 771 482 luit
800 418 971 502 consensui
995 417 1132 483 Charisii
1156 421 1189 481 et
1212 437 1264 481 co·

38 510 174 585 dicum
196 519 358 588 bonorum
382 524 539 602 omnium,
564 528 601 589 ut
624 524 820 589 scriberetur
837 530 917 586 certe
934 525 1012 599 sci03
1036 523 1134 588 aliam
1152 530 1265 588 autem

37 635 138 689 esse
171 627 268 692 huius
298 628 451 711 loquendi
486 630 613 713 generis
647 631 915 714 significationem
951 633 1049 711 atque
1085 631 1164 705 eius,
1200 650 1265 712 quo

36 734 166 802 paulo
188 754 289 817 supra
312 735 424 802 Cicero
447 756 526 801 usus
550 740 609 814 est,
633 745 715 801 certo
738 739 810 814 scio,
835 737 897 801 hoc
920 736 1052 818 quidem
1072 736 1142 801 loco
1160 740 1193 800 et
1210 735 1265 817 qui

37 830 69 893 θὶ
107 844 195 905 sunt
216 841 348 920 similes,
373 843 562 907 contortulis
580 844 695 908 Klotzii
719 843 1059 908 circumlocutionibus
1076 862 1142 908 non
1159 842 1265 907 addu-

38 952 132 1021 cor,
167 951 204 1011 ut
232 947 375 1013 credam.
422 949 535 1031 Neque
570 949 656 1014 enim
692 950 804 1016 Cicero
839 954 964 1015 certum
999 969 1071 1014 esse
1107 948 1194 1026 dicit,
1230 968 1266 1013 se

39 1045 159 1131 Scire,
192 1054 252 1118 sed
282 1054 452 1120 scientiam
481 1075 575 1120 suam
604 1061 727 1121 certam
752 1077 823 1122 esse
846 1077 907 1121 nec
931 1057 1134 1122 dubitatione
1158 1055 1265 1138 impli-

42 1156 185 1225 catam.
231 1162 345 1243 ltaque
368 1181 408 1226 eo
431 1161 611 1239 devenitur,
642 1167 687 1242 ut,
716 1164 773 1227 ubi
797 1164 953 1230 adverbio
977 1183 1056 1229 usus
1079 1163 1183 1244 magis
1207 1162 1265 1226 de·

44 1250 149 1333 finiti
171 1268 260 1333 locus
284 1271 370 1332 esset
395 1266 598 1349 (cadurcio),
633 1269 679 1333 ibi
707 1272 806 1335 etiam
830 1272 1035 1336 communius
1059 1267 1165 1352 (certe)
1188 1269 1266 1351 poni
1358 1316 1361 1327 .

47 1372 210 1440 notuisse
233 1378 267 1438 et
290 1393 392 1457 prope
421 1375 542 1455 saepius
569 1377 712 1457 positum
745 1396 826 1455 esse,
861 1397 927 1442 non
959 1381 1082 1452 contra,
1118 1374 1267 1440 codicum

53 1481 261 1547 auctoritate
295 1480 376 1545 moti
412 1482 596 1546 statuamus
631 1481 923 1565 (quemadmodum
960 1483 1098 1548 dicimus
1132 1485 1180 1546 et:
1211 1482 1267 1565 jep

58 1586 143 1650 vead
163 1590 223 1653 ciat
245 1591 292 1653 et:
314 1590 372 1672 jep
395 1588 469 1652 veed
490 1588 546 1670 for
567 1590 637 1666 vict,
665 1589 754 1654 nullo
778 1584 1021 1670 discrimine).¹)
1067 1588 1130 1667 Qui
1153 1595 1265 1651 autem

63 1698 197 1759 Omnem
232 1695 419 1760 huiusmodi
453 1696 703 1760 inconstantiam
739 1715 759 1758 a
794 1696 904 1778 lingua
938 1696 1055 1760 Latina
1094 1696 1266 1760 excludere

68 1805 236 1879 conmtur,
260 1805 419 1883 tanquam
443 1802 587 1884 aliquam
609 1801 784 1889 maculam,
809 1822 851 1866 ne
876 1802 928 1879 illi,
957 1822 1030 1884 quae
1053 1801 1095 1866 sit
1118 1821 1266 1866 commu·

73 1901 121 1967 nu
140 1908 298 1973 sermonis
314 1913 443 1987 natura,
460 1909 620 1991 ignorant.
657 1908 724 1972 Sed
742 1910 823 1986 haec,
848 1916 885 1973 ut
900 1909 976 1986 dixi,
1000 1908 1266 1990 praetermittam3

75 2004 114 2074 de
139 2014 200 2079 illis
232 2033 405 2096 exponam,
441 2035 515 2097 quae
545 2016 642 2079 huius
673 2014 823 2079 editionis
853 2017 910 2079 aut
940 2034 1073 2097 prorsus
1103 2018 1160 2078 aut
1182 2014 1268 2078 inter

78 2120 307 2186 recentissimas
330 2126 407 2187 sunt
429 2122 571 2204 propria,
595 2141 656 2186 nec
679 2126 791 2186 tamen
814 2122 855 2186 de
872 2121 1041 2197 onmibus;
1064 2140 1142 2184 nam
1158 2119 1266 2184 minu-

78 2222 151 2292 tiora
172 2247 280 2309 neque
303 2247 363 2309 per
385 2248 421 2292 se
445 2228 543 2309 digna
567 2227 786 2310 disputatione
801 2227 864 2292 hoc
880 2227 950 2292 loco
966 2230 1043 2291 sunt
1062 2230 1096 2292 et
1111 2247 1265 2309 magnam
1281 2242 1321 2283 κν

78 2337 194 2412 partem
219 2334 497 2400 demonstratione
521 2334 702 2399 communis
727 2335 929 2398 auctoritatis
953 2334 1180 2398 defendentur.

156 2440 289 2506 Catonis
314 2441 458 2506 codicem
482 2442 638 2518 omnium,
674 2442 729 2523 qui
758 2441 890 2521 quidem
918 2440 987 2505 noti
1015 2442 1090 2518 sint,
1126 2445 1159 2505 et
1182 2441 1267 2506 anti·

75 2547 260 2628 quissimum
284 2551 317 2611 et
339 2549 499 2630 optimum
523 2551 652 2613 constat
675 2567 746 2611 esse
770 2548 894 2628 regium
915 2547 1144 2625 Parisiensem,
1169 2568 1267 2630 quem

73 2650 206 2717 Orellius
231 2672 304 2717 cum
330 2654 417 2718 edita
440 2656 601 2737 scriptura
625 2654 858 2718 conferendum
883 2655 1019 2717 curavit.
1066 2654 1132 2718 Sed
1156 2654 1209 2735 qui
1234 2654 1267 2718 id

71 2761 235 2842 negotium
270 2765 474 2843 susceperat,
510 2762 608 2825 lulius
643 2761 818 2843 Bergerus‚
860 2760 955 2824 valde
989 2759 1194 2841 indiligenter
1229 2780 1268 2825 eo

71 2865 199 2931 iunctus
223 2870 282 2945 est,
312 2871 348 2931 ut
371 2867 518 2950 plurimis
541 2867 619 2932 locis
642 2866 781 2931 Orellius
805 2871 847 2944 et,
877 2867 932 2947 qui
956 2886 1030 2930 eum
1054 2868 1157 2931 secuti
1180 2871 1267 2944 sunt,

70 2972 307 3056 deciperentur.
354 2974 390 3038 ld
413 2977 565 3056 perspexi
596 2994 637 3039 ex
665 2973 808 3056 diligenti
838 2974 906 3037 eius
937 2973 1055 3038 codicis
1085 2973 1266 3051 collatione,

69 3099 169 3162 quam
192 3081 243 3144 vir
265 3080 471 3145 doctissimus
495 3082 639 3161 mihique
663 3079 889 3161 amicissimus,
921 3079 990 3143 Nic.
1015 3079 1051 3143 B.
1076 3080 1267 3162 KrarupiuS,

69 3204 149 3251 ase
171 3186 306 3250 Parisiis
330 3186 523 3263 conlectam,
547 3186 627 3251 mihi
650 3186 769 3251 eximia
793 3186 998 3263 liberalitate,
1027 3189 1064 3250 ut
1087 3186 1151 3250 alia
1176 3205 1267 3267 egre-

69 3292 122 3375 gia
145 3291 309 3357 Ciceronis
333 3293 489 3358 librorum
521 3292 801 3358 emundandorum
824 3292 981 3371 subsidia,
1010 3293 1165 3357 utendam
1191 3312 1268 3357 con·

69 3399 177 3465 cessit.
224 3399 337 3480 Neque
359 3419 412 3464 res
436 3400 536 3464 dubia
559 3400 625 3464 ullo
647 3400 746 3463 modo
770 3402 850 3476 erat,
886 3419 986 3481 quum
1019 3419 1093 3463 raro
1116 3398 1269 3481 Krarupii

68 3505 235 3571 silentium
268 3505 410 3588 Bergero
443 3509 654 3588 repugnaret,
695 3506 754 3570 sed
793 3505 861 3570 fere
900 3507 976 3569 huic
1010 3507 1131 3570 tacenti
1165 3525 1269 3587 oppo-

68 3616 204 3677 neretur
228 3612 427 3695 aKrarupio
451 3615 585 3677 enotata
608 3613 770 3694 scriptura
794 3613 836 3676 ab
861 3633 899 3678 eo
924 3612 1083 3694 exemplo,
1109 3632 1173 3693 quo
1197 3615 1269 3676 ute·

70 3720 185 3796 batur,
227 3718 426 3801 discrepans.
489 3717 622 3799 [Postea
656 3718 807 3782 Halmius
846 3718 880 3783 in
920 3719 1060 3783 editione
1100 3718 1270 3783 Turicensi

69 3826 176 3890 altera
198 3844 277 3890 usus
301 3829 350 3889 est
373 3825 543 3890 collatione
567 3826 610 3889 ab
634 3825 676 3889 H.
695 3825 797 3889 Keilio
815 3825 972 3901 confecta,
998 3844 1071 3906 quae
1089 3828 1122 3888 et
1139 3824 1270 3906 Bergeri

99 4054 122 4123 ¹)
142 4052 210 4123 [uxr.
228 4055 318 4110 Hand.
337 4055 450 4110 Tursell.
470 4056 503 4115 ll,
523 4054 556 4107 14
575 4072 643 4124 sqq,
662 4055 806 4123 Zumptius
825 4055 860 4107 ad
878 4055 955 4107 Verr.
974 4054 1032 4108 Lib.
1051 4053 1063 4106 l
1082 4050 1099 4119 ἕ
1117 4053 1142 4105 1.
1180 4049 1270 4119 1842]
