2956 5190
748 269 814 338 140

184 487 284 550 quum
308 468 362 532 vix
385 464 563 531 editoribus
579 468 667 530 notae
685 466 785 533 fuisse
801 465 983 543 videantur,
1007 466 1207 550 vulgataque
1224 468 1365 551 scriptur

185 564 343 656 tanquam
379 572 558 639 certissima
591 575 756 653 teneatur,
791 591 885 638 novae
918 572 1022 637 videri
1055 572 1195 656 possint.
1225 574 1368 643 .Sedin

183 700 298 746 earum
322 679 393 744 aliis
416 679 565 745 mutandi
588 699 688 744 causa
704 679 747 744 ab
763 679 812 756 iis,
836 678 891 760 qui
909 679 1111 745 coniecturas
1129 686 1369 764 proposuerunt,

184 787 347 870 explicata
370 781 453 869 est¹)
482 784 557 869 (etsi
587 787 749 851 interdum
773 788 902 868 poterat
924 786 1106 852 distinctius
1128 789 1166 851 et
1189 784 1370 870 verius),in

185 894 256 959 aliis
279 893 359 958 nihil
382 896 434 958 est
457 892 590 972 dictum,
625 897 671 970 ut,
705 895 866 976 qnatenus
895 891 1027 974 qmdern
1055 893 1283 976 disputatione
1303 872 1372 978 opu's

185 1004 244 1079 est,
275 1001 401 1082 integra
425 1019 464 1064 ea
487 999 539 1064 sit.
586 999 633 1063 Ex
656 1000 718 1065 hoc
740 1017 859 1081 genere
880 997 923 1063 de
945 998 1075 1064 duabus
1097 1000 1373 1068 emendationibm

185 1106 324 1188 exempli
347 1125 447 1171 causa
471 1105 614 1170 breviter
636 1105 698 1171 hoc
720 1111 866 1170 extremo
883 1104 954 1170 loco
971 1104 1088 1170 dicam.
1122 1106 1220 1172 Prior
1235 1106 1373 1173 Lambini

68 1263 74 1279 .
185 1216 245 1290 est,
281 1212 393 1278 asolo
416 1211 536 1277 Orellio
559 1212 734 1294 adscripta,
769 1212 827 1277 sed
851 1230 925 1276 curn
948 1210 1201 1294 improbationis
1224 1212 1374 1296 significo·

185 1317 283 1397 tione,
307 1318 341 1382 in
363 1321 446 1384 orat.
470 1318 513 1382 IV
535 1318 569 1382 in
592 1318 685 1383 Catil.
708 1319 740 1396 4,
764 1318 795 1396 8,
819 1316 876 1382 ubi
898 1317 995 1399 vulgo
1018 1316 1198 1383 edebatur:
1228 1318 1376 1405 Adiunpil

186 1444 316 1508 prooem
333 1445 462 1508 poenom
485 1424 695 1508 municipibus
718 1421 935 1508 (municipiis),
969 1425 999 1488 oi
1028 1425 1099 1509 quia
1126 1445 1237 1489 eorum
1259 1426 1376 1490 nmio

186 1533 329 1616 ruperit,
351 1530 519 1596 horribiles
541 1531 700 1596 custodias
722 1530 908 1612 circumdat,
931 1537 960 1594 el
976 1529 1076 1616 dipsa
1093 1532 1210 1596 scelere
1224 1531 1375 1597 bonnm
1419 1600 1422 1615 ¹

183 1637 384 1721 perditorum
407 1639 518 1719 suomi,
547 1659 586 1701 ne
608 1639 679 1723 quis
701 1658 808 1702 eorum
824 1658 964 1722 penam,
999 1658 1075 1723 quoa
1096 1637 1296 1721 condemnat,
1329 1646 1377 1704 od
1420 1624 1422 1631 ¹

182 1750 410 1828 personalem
433 1751 489 1808 nul
506 1765 568 1828 per
584 1744 738 1828 populum
766 1745 870 1808 levare
891 1745 993 1828 poerit
1020 1748 1082 1809 cet.
1133 1745 1170 1810 ln
1201 1747 1254 1812 his
1282 1746 1377 1811 muln

132 1854 365 1917 1⁷⁸nonrecta
388 1856 481 1928 sunt3
515 1852 658 1933 primum
688 1850 821 1934 pluralis
843 1870 1000 1916 numerus
1024 1851 1111 1916 vocis
1134 1850 1249 1936 dipem,
1284 1870 1376 1934 quun

186 1978 252 2024 una
275 1979 328 2024 res
351 1960 507 2040 sequatur
514 1952 551 2039 ²),
575 1957 693 2022 deinde
712 1958 784 2039 ipsa
801 1958 972 2035 sententia,
996 1957 1249 2023 accommodata
1264 1957 1309 2023 ad
1323 1958 1377 2024 hoc

97 2070 101 2077 '
187 2064 383 2143 membrum,
419 2065 513 2148 qdasi
546 2065 654 2129 minus
688 2064 796 2146 priora
830 2062 928 2145 digna
956 2063 1145 2128 sanciantur
1167 2062 1229 2128 tali
1251 2064 1376 2139 scelere,

186 2174 272 2250 tum,
308 2191 373 2253 quo
408 2171 525 2236 indicio
559 2171 675 2236 nescio
703 2170 866 2253 quomodo
899 2169 1003 2235 multa
1037 2169 1104 2234 iam
1139 2168 1280 2249 menda,
1315 2168 1377 2235 aliis

188 2278 287 2343 etiam
311 2277 396 2342 notis
420 2276 577 2355 convicta,
605 2278 745 2359 coargui,
773 2278 996 2341 membrorum
1019 2275 1176 2341 orationis
1199 2274 1378 2342 coniunctio

187 2381 351 2447 Ciceronis
375 2386 407 2447 et
431 2382 499 2447 eius
531 2383 705 2465 aequalium
733 2384 806 2448 usui
835 2401 1031 2479 repugnans,
1066 2382 1152 2447 inter
1180 2382 1248 2448 duo
1275 2384 1378 2465 priora

188 2487 289 2554 verba
312 2509 353 2553 ex
375 2488 480 2553 tribus
505 2508 599 2570 aequo
629 2490 742 2555 ordine
774 2489 888 2572 positis
919 2487 1050 2566 omissa,
1085 2491 1165 2553 ante
1199 2491 1379 2555 extremam

186 2596 294 2677 posita
317 2594 476 2676 particula
499 2603 528 2660 et
551 2593 721 2680 (odiuupil,
745 2595 920 2660 circumdat
936 2602 965 2659 et
979 2589 1139 2676 annalib
1174 2595 1258 2659 Haec
1274 2594 1379 2660 omnia

186 2702 393 2768 incommoda
421 2702 598 2767 Lambinus
627 2702 757 2767 sustulit
787 2702 1010 2785 optimamque
1044 2703 1243 2766 sententiam
1278 2702 1381 2767 effecit

215 2926 239 2997 ¹)
255 2931 329 2987 Talis
348 2937 407 2987 erat
424 2932 454 2986 P.
473 2931 586 2986 Manutii
609 2931 766 2985 coniectura
787 2931 816 2985 in
839 2931 955 3002 Philipp.
979 2931 1089 2986 secund.
1114 2946 1137 2985 c
1155 2927 1200 2996 20,
1227 2929 1274 2995 49,
1300 2946 1381 3001 qnam

257 3036 345 3089 quum
368 3037 450 3075 nemo
473 3025 627 3075 ceterorum
650 3038 685 3076 ne
708 3025 950 3075 commemorasset
973 3019 1094 3088 quidem,
1122 3017 1289 3074 Gamtonius
1319 3036 1382 3086 ,nec

257 3107 342 3164 bene‘
371 3109 462 3179 inquit
492 3108 644 3174 ,Manutius
672 3126 721 3179 pro
748 3127 906 3179 quanquam
931 3108 1078 3178 legendum
1105 3111 1199 3162 censet
1227 3105 1379 3177 pamniam‘

258 3198 312 3254 Nec
331 3199 353 3254 is
372 3199 468 3268 attigit,
494 3216 544 3254 nec
567 3200 713 3268 quisquam
738 3203 842 3253 evertet
859 3198 953 3268 paucis
972 3197 1062 3253 verbis
1079 3196 1314 3265 comprehensum
1331 3197 1383 3253 aa·

258 3285 327 3339 nntii
351 3291 552 3357 argumentum.
598 3286 768 3353 ,Sententia¹
793 3286 883 3356 inquit
908 3287 1044 3356 ,postulat
1071 3287 1213 3355 qnoniamt
1240 3286 1384 3343 subiicitur

257 3373 331 3428 enirn
350 3392 441 3442 causa
469 3392 518 3431 cur
540 3393 604 3431 eum
628 3392 684 3431 non
707 3373 944 3429 drachonum·
983 3375 1071 3440 Addo,
1098 3374 1204 3429 nnllam
1223 3376 1384 3431 alieniorem

257 3463 417 3532 particulam
437 3465 531 3520 inferri
544 3466 665 3535 potuisse
678 3481 770 3533 quarn,
789 3480 850 3532 quae
863 3463 944 3532 vulgo
956 3463 1062 3532 legitur,
1080 3481 1247 3532 quanquam.
1267 3480 1384 3535 eamque

258 3551 407 3620 saepissime
426 3570 489 3608 curn
509 3554 594 3608 altera
613 3553 660 3608 illa
677 3553 836 3622 permutari.

214 3634 239 3703 ²)
256 3638 315 3694 Non
342 3640 381 3694 ila
408 3642 472 3703 dixi,
501 3642 579 3711 quasi
603 3641 683 3696 scribi
708 3641 828 3711 potuerit
849 3643 970 3709 dipsium,
997 3640 1070 3709 quod
1092 3638 1223 3694 Latinum
1247 3634 1304 3695 non
1328 3644 1384 3701 eall

257 3744 344 3797 quum
363 3729 437 3785 enirn
455 3731 514 3785 hoec
532 3730 568 3785 sit
585 3729 742 3786 huiusmodi
761 3728 876 3799 duplicis
894 3728 992 3783 obiecti
1010 3727 1150 3794 (adiectiri
1162 3728 1206 3783 vel
1218 3728 1385 3785 sonsnntni

257 3822 285 3872 et
303 3819 445 3874 sententia»
463 3836 513 3889 per
531 3818 751 3874 coniunctionem
769 3816 894 3883 annexa)
913 3818 991 3883 ratio,
1019 3823 1050 3872 nt
1072 3818 1208 3887 pastoriam
1232 3835 1283 3888 per
1304 3835 1385 3888 epex-

257 3907 348 3976 egesin
367 3907 450 3977 priori
469 3908 677 3977 superaddatur,
696 3907 772 3977 prius
789 3906 845 3961 tale
862 3905 945 3961 debet
962 3922 1031 3970 esse,
1056 3911 1087 3961 ut
1104 3922 1154 3976 per
1171 3922 1201 3960 se
1220 3907 1313 3962 solum
1331 3906 1385 3961 dici

257 3994 351 4063 possit:
378 3994 475 4064 ltaque
492 4001 541 4052 aut
559 3996 685 4051 adiectiri
701 3981 814 4064 pluralis
826 3995 945 4065 ponitur,
963 3999 1095 4064 sequente
1108 3995 1279 4064 singularum
1290 4011 1385 4051 rarum

257 4083 472 4150 enumeratione,
490 4090 539 4139 aut
557 4084 774 4143 substantivum
792 4100 874 4139 nemo
893 4083 966 4138 enirn
984 4082 1049 4137 dicit
1061 4087 1149 4138 sancit
1161 4086 1276 4153 dipem
1288 4086 1386 4139 scalere

257 4188 307 4240 pro
326 4188 367 4241 eo,
385 4173 460 4241 quod
479 4178 533 4228 est:
552 4177 640 4228 sancit
656 4190 714 4227 rem
731 4176 844 4241 dipoom
860 4175 963 4227 scelere.

215 4253 239 4323 ³)
256 4259 296 4314 De
320 4260 372 4315 boc
394 4276 446 4315 usu
469 4259 528 4330 (qui
546 4263 619 4331 apud
637 4262 796 4318 Ciceronem
814 4261 925 4330 quidem
944 4277 1000 4316 non
1017 4277 1104 4330 pene,
1122 4261 1170 4316 sed
1187 4261 1270 4331 plana
1288 4278 1385 4332 perpe

257 4352 322 4402 tuus
340 4354 390 4415 est,
409 4365 460 4405 nec
478 4351 513 4405 ad
531 4351 704 4406 substantiva
721 4350 808 4420 magis
826 4367 910 4420 quam
923 4350 958 4405 ad
970 4349 1105 4403 adiectiva
1117 4353 1145 4403 et
1156 4351 1243 4405 verba
1255 4352 1384 4420 pertinet,

233 4468 237 4477 ·
257 4436 339 4491 modo
357 4454 391 4492 ea
408 4439 445 4493 sit
463 4439 649 4494 membrorum
667 4439 830 4504 coniunctio,
853 4455 937 4509 quam
955 4436 1021 4505 dixi)
1044 4438 1158 4508 exposui
1176 4438 1205 4493 in
1224 4439 1308 4510 Epist.
1323 4440 1382 4495 crit

257 4524 291 4578 de
315 4531 395 4581 orati.
419 4527 494 4582 Verr.
518 4544 545 4597 p.
564 4525 608 4591 39,
635 4527 760 4598 Append.
783 4527 884 4598 disput.
908 4528 942 4582 de
965 4527 1064 4582 Asson.
1083 4527 1147 4581 Ped.
1166 4544 1193 4596 p.
1212 4526 1230 4581 8
1248 4534 1276 4583 et
1293 4545 1321 4598 p.
1339 4526 1383 4594 85,
