2948 5206
630 1656 705 1752 llll
733 1655 862 1754 (Vlll).

140 1831 355 1924 Praelatio
380 1829 570 1922 editioni
593 1830 805 1948 repetita
828 1828 1052 1922 Ciceronis
1079 1831 1345 1924 orationum

456 1970 739 2064 selectarum
768 1971 1032 2090 praeposita.

233 2256 330 2382 Quae
353 2315 432 2376 ante
453 2313 514 2376 hos
537 2311 688 2376 undecim
717 2333 831 2391 annos
867 2333 968 2395 quum
997 2314 1058 2378 has
1082 2312 1246 2378 Ciceronis
1269 2332 1345 2378 ora·
1360 2331 1399 2369 Μ

144 2422 248 2487 tiones
273 2419 416 2502 primum
441 2418 591 2495 edebam,
626 2418 668 2483 de
697 2440 798 2501 opera
827 2440 847 2485 a
877 2438 930 2484 me
958 2419 992 2484 in
1015 2418 1053 2484 iis
1077 2418 1345 2501 recognoscendis

144 2532 172 2592 et
200 2524 420 2591 emendandis
448 2528 581 2607 sumpta
615 2524 758 2590 breviter
791 2528 1034 2609 magistrorum,
1069 2528 1103 2590 et
1137 2526 1165 2590 si
1200 2526 1256 2607 qui
1291 2525 1346 2590 alii

142 2631 307 2698 Ciceronis
341 2630 478 2696 studiosi
507 2631 627 2696 librum
657 2632 893 2714 adspexissent,
924 2633 1208 2698 admonendorum
1245 2651 1345 2696 caiisa

136 2739 301 2819 praesatus
324 2757 409 2815 sum,
433 2756 474 2801 ea
497 2757 599 2819 quum
623 2741 737 2819 postea
760 2758 835 2803 curn
858 2739 988 2804 duabus
1006 2739 1281 2821 disputationibus
1305 2739 1346 2802 de

136 2845 255 2911 multis
286 2844 404 2909 harum
436 2844 620 2909 orationum
655 2845 733 2908 locis
764 2845 936 2910 coniuncta
966 2847 1051 2911 inter
1081 2847 1240 2928 opuscula
1270 2866 1345 2910 mea

132 2950 333 3018 academica
356 2951 532 3033 posuerim,
562 2951 652 3016 nulla
676 2971 776 3016 causa
798 2952 928 3016 videtur
951 2970 1032 3026 esse,
1069 2971 1127 3016 cur
1149 2971 1237 3017 nunc
1260 2955 1345 3035 typis

132 3057 285 3124 describi
307 3057 415 3135 velim,
439 3058 483 3122 ab
507 3057 569 3122 illis
591 3059 772 3140 praesertim
791 3057 1065 3141 disputationibus
1082 3060 1245 3139 separata.
1281 3058 1345 3123 Sed

129 3165 300 3248 quoniam
323 3163 395 3241 hoc,
418 3163 507 3246 quod
529 3184 616 3229 nuuc
639 3165 819 3247 evulgatur,
849 3164 1035 3247 exemplum
1059 3183 1079 3228 a
1101 3163 1269 3246 superiore
1292 3164 1345 3229 illo

129 3277 280 3353 propter
301 3288 462 3333 novorum
493 3271 536 3335 ad
559 3273 630 3336 baec
653 3271 816 3337 Ciceronis
846 3271 968 3352 scripta
996 3269 1204 3335 emendanda
1232 3272 1346 3353 praesi·

131 3377 274 3442 diorum
297 3377 517 3441 accessionem
541 3382 755 3460 veterumque
778 3376 957 3460 pleniorem
982 3376 1092 3453 etiam,
1117 3396 1217 3459 quam
1237 3381 1344 3451 antea,

130 3501 241 3549 usum
265 3481 454 3547 notabiliter
477 3482 601 3563 aliquot
628 3483 706 3548 locis
738 3487 770 3548 et
800 3482 949 3566 partibus
981 3483 1145 3566 discrepat
1173 3488 1206 3549 et
1233 3485 1345 3548 tamen

132 3591 279 3670 propter
302 3587 410 3652 iudicii
433 3589 499 3652 mei
522 3587 563 3652 de
586 3589 737 3653 universa
761 3609 797 3653 re
820 3589 1038 3655 constantiam
1067 3589 1111 3653 ab
1135 3609 1258 3666 eorum,
1291 3589 1344 3671 qui

134 3694 279 3760 easdem
303 3695 467 3758 orationes
490 3714 596 3777 nuper
619 3697 811 3773 tractarunt,
835 3697 1005 3761 sententiis
1028 3716 1117 3778 saepe
1140 3696 1345 3778 multumque

136 3800 293 3875 discedit,
318 3800 504 3865 faciendum
528 3801 666 3880 videtur,
691 3805 737 3878 ut,
762 3821 864 3883 quum
886 3802 988 3866 semel
1012 3801 1088 3866 huic
1110 3802 1194 3867 libro
1216 3802 1345 3868 schola·

138 3909 226 3974 stico
251 3906 435 3971 criticarum
459 3909 678 3989 quaestionum
702 3907 917 3990 appendicem
941 3908 1155 3987 adiunxerim,
1186 3908 1227 3973 de
1249 3909 1345 3974 huius

139 4014 314 4095 utriusque
338 4014 565 4095 discrepantiae
589 4014 695 4078 causis
709 4014 864 4107 'nonnihil
893 4014 1010 4091 dicam,
1046 4014 1090 4078 ad
1120 4034 1196 4079 eum
1224 4016 1345 4082 scilicet

141 4123 255 4197 finem,
280 4140 377 4202 quem
402 4124 500 4185 antea
523 4140 653 4204 quoque
677 4119 755 4182 mihi
779 4119 1022 4198 constitueram,
1047 4124 1085 4186 ut
1107 4126 1267 4205 appareat
1290 4140 1345 4205 pe·

141 4229 225 4305 ritis,
261 4227 431 4309 diligenter
465 4246 518 4291 me
553 4229 682 4310 negotio
718 4226 865 4290 iunctum
897 4245 970 4290 esse
1000 4227 1273 4309 elaborasseque,
1309 4232 1344 4291 ut

142 4354 247 4417 quam
276 4334 543 4399 emendatissima
571 4333 735 4399 Ciceronis
763 4332 865 4397 verba
893 4332 1088 4415 legerentur,
1123 4333 1345 4415 habeantque,

143 4442 201 4522 qui
224 4440 332 4505 minus
355 4440 418 4522 ipsi
440 4441 503 4505 sibi
526 4441 703 4518 confidunt,
732 4440 766 4504 in
794 4460 858 4522 quo
882 4439 1039 4504 adversus
1063 4433 1243 4505 contrarias
1267 4457 1345 4502 auc·
1361 4456 1400 4495 aaa

143 4548 294 4613 toritates
317 4547 434 4612 muniti
456 4547 625 4630 paululum
649 4547 867 4629 acquiescant.
904 4546 1018 4628 Neque
1035 4545 1257 4629 spernendum
1275 4545 1345 4619 erit,
