2948 5206
682 305 747 370 469

129 498 160 567 Ι,
187 502 215 576 Ι,
234 494 320 580 31.¹)
367 499 520 565 Ceterum
548 520 591 565 ne
622 501 692 565 haec
716 501 847 582 quidem
872 500 914 564 ad
938 500 1077 564 formam
1101 501 1134 564 in
1157 521 1191 565 so
1214 502 1313 583 perti-

135 622 213 683 nere,
231 608 319 689 patet
342 609 377 671 et
399 606 521 672 dictum
547 611 597 672 est
620 615 697 672 ante
719 628 752 690 p.
777 608 830 671 80.

213 713 325 777 Verum
348 712 420 777 boec
443 717 521 777 notu
544 717 630 790 sunt,
655 733 727 795 quae
752 733 865 778 eorum
890 732 989 778 causa
1012 713 1113 796 attigi,
1143 733 1216 795 quae
1240 719 1315 795 post

144 816 255 884 dicenda
277 826 391 896 erunt3
426 839 468 884 ne
491 819 570 884 illud
594 819 726 902 quidem
749 821 905 902 ignotum,
936 823 1102 884 ettamen
1126 821 1233 884 minus
1256 821 1314 884 tri·

146 928 208 1002 turn,
232 946 329 1008 quum
352 928 396 991 sit
419 926 462 991 ad
485 926 625 1008 primam
648 926 814 990 notionem
838 925 1222 1004 accommodatissimum,
1251 926 1314 990 La·

149 1031 212 1096 unos
239 1033 374 1098 actionis
407 1035 583 1116 praeteritae
617 1036 771 1097 eventum
806 1033 952 1099 futurum
986 1033 1049 1097 hac
1083 1032 1175 1096 rerbi
1210 1031 1315 1096 forma

148 1141 243 1203 notare.
286 1139 372 1204 Rem
397 1139 574 1222 significari
598 1159 698 1221 supra
722 1138 767 1221 (p.
792 1138 847 1222 78)
875 1142 1004 1221 triaque
1033 1129 1182 1220 exempla
1211 1139 1315 1221 posui,

150 1242 292 1328 inquibus
314 1247 468 1311 omnibus
491 1247 639 1311 additum
664 1251 734 1311 erat
755 1246 845 1328 foco.
891 1247 1014 1311 Eodem
1038 1264 1155 1328 genere
1179 1245 1316 1310 Plautus

150 1350 225 1416 utitur
242 1353 329 1418 Rud.
352 1353 404 1432 IV,
433 1354 464 1431 4,
494 1354 552 1418 91:
586 1355 617 1417 si
648 1352 739 1435 falso
773 1354 889 1436 duom,
922 1352 1050 1434 frustra
1084 1352 1194 1416 dicero
1229 1350 1317 1434 (quae

150 1455 275 1525 hedenus
299 1457 390 1540 dixi).
437 1459 541 1524 Graeci
564 1479 694 1541 quoque
718 1459 864 1524 futurum
888 1459 1019 1524 tertium
1042 1459 1089 1523 ita
1111 1462 1248 1541 ponunt,
1280 1463 1317 1522 ut

149 1560 355 1648 Aristophanes
383 1564 469 1628 Nub.
496 1565 580 1630 1439
603 1569 694 1642 μάτην
711 1570 890 1631 κεκλαύσεται.
946 1566 1045 1648 Apud
1068 1565 1201 1630 Latinos
1229 1570 1316 1630 vete·
1330 1581 1357 1621 ⁸⁷

151 1674 292 1737 rosellam
317 1673 541 1737 coniunctivus
566 1672 664 1737 futuri
688 1673 803 1750 exacti,
839 1677 877 1737 ut
903 1673 965 1737 boc
993 1672 1104 1736 statim
1127 1672 1315 1754 praecipiarn

151 1791 181 1837 er
197 1775 235 1856 iis,
257 1798 328 1861 quae
352 1781 428 1860 post
451 1778 589 1843 dicenda
613 1783 717 1857 erunt,
747 1779 793 1843 sic
816 1780 1010 1862 ponebatur,
1046 1781 1083 1842 ut
1105 1777 1194 1860 apud
1217 1779 1316 1843 Plau·

151 1881 202 1944 bun
220 1883 403 1950 llenaeclrm.
427 1885 464 1963 V,
489 1886 520 1963 9,
547 1887 562 1948 l
589 1890 622 1950 et
645 1887 666 1950 2
689 1885 802 1968 (nitito
825 1886 927 1950 hercle
950 1907 987 1949 eo
1009 1905 1107 1949 causo
1130 1886 1234 1969 mepte
1253 1884 1316 1948 Fo-

150 1986 223 2069 cidis,
253 2000 284 2054 nt
317 2011 372 2076 epo
406 1991 499 2055 bodie
533 1991 714 2056 abdelmec
744 1994 872 2077 pollam
900 2000 928 2055 et
954 1991 1106 2075 spinther,
1135 1991 1315 2075 pessumo).

151 2084 241 2159 Bacch.
262 2096 311 2174 lv,
335 2098 367 2176 4,
390 2098 435 2163 50
457 2096 652 2183 (Ernunpom
668 2090 776 2162 ¹berclc
798 2100 953 2163 bominem
971 2098 1069 2182 probe
1091 2098 1192 2181 leodic,
1222 2120 1260 2162 ne
1282 2100 1318 2162 id

150 2201 325 2287 uqebqoom
347 2203 489 2287 dicerit),
513 2206 651 2271 Mostell.
675 2206 697 2282 Ι,
727 2206 757 2283 3,
782 2205 835 2283 95,
869 2206 1000 2270 Trucul.
1024 2206 1061 2282 ll,
1094 2205 1125 2282 3,
1157 2201 1223 2287 9.²)
1270 2206 1318 2270 Ex

151 2298 279 2374 interioris
302 2313 410 2375 aetatis
433 2313 646 2393 scriptoribus
669 2313 834 2377 indicativi
858 2313 904 2376 sic
926 2311 1022 2395 positi
1041 2311 1190 2394 exempla
1208 2312 1316 2376 habeo

151 2403 283 2481 bernus
308 2418 383 2496 duo,
408 2419 452 2482 ad
475 2418 536 2497 Qu.
554 2420 606 2483 Fr.
624 2420 647 2496 Ι,
671 2420 693 2483 4
717 2417 735 2501 ἕ
758 2421 795 2484 4:
823 2418 973 2483 Omnibus
995 2420 1073 2482 meis
1096 2419 1189 2481 exitio
1211 2417 1315 2500 fuero,

151 2515 175 2575 01
195 2537 244 2598 pro
269 2524 385 2590 Flacco
414 2525 468 2601 41,
502 2526 563 2589 103
593 2524 804 2609 (prodidero),
839 2530 910 2590 tum
945 2525 1065 2607 Virgilii
1100 2526 1133 2589 in
1168 2524 1239 2589 AEn.
1263 2525 1316 2601 IX,

151 2614 209 2689 785:
232 2628 350 2696 Tantos
365 2639 486 2716 stropes
503 2634 628 2716 impunc
644 2654 706 2717 per
728 2633 836 2697 urbem
855 2633 1012 2712 Ediderit,
1038 2635 1184 2696 insenum
1194 2633 1318 2716 primos

150 2728 181 2788 ²⁰2
202 2738 312 2801 eserie
338 2737 441 2802 Orco?
472 2759 492 2803 a
521 2759 586 2821 quo
614 2759 678 2803 non
708 2740 846 2803 multum
877 2739 1012 2804 discedit
1040 2739 1112 2803 libri
1136 2740 1177 2803 lV
1205 2759 1318 2803 versus

150 2826 280 2923 591(tbit
301 2844 354 2907 lte
377 2852 405 2907 et
428 2847 543 2909 nostris
566 2847 700 2909 illuserit
720 2847 843 2909 adorno
859 2843 974 2926 rebus),
999 2850 1032 2909 et
1050 2846 1210 2910 luvenalis
1227 2845 1318 2910 initio

149 2944 233 3014 nbrae
254 2952 383 3033 primae:
420 2951 553 3036 Impune
584 2973 656 3036 erpo
686 2952 766 3015 rnilri
796 2953 974 3015 recitaverit
1006 2952 1057 3014 tlte
1086 2954 1218 3036 topatus,
1255 2953 1319 3017 Hic

148 3046 243 3136 depos?
274 3059 400 3142 impu-ne
424 3058 507 3121 diem
531 3062 755 3143 consumpserit
777 3062 888 3144 inpens
916 3057 1090 3141 Telephus?
1123 3058 1192 3141 (ubi
1216 3059 1318 3124 Hein-

146 3155 241 3228 uerius
271 3166 511 3252 coniunctivurn
542 3186 601 3247 pro
633 3167 778 3249 optativo
810 3185 882 3230 cum
907 3168 943 3221 ἄν
970 3167 1047 3246 poni
1075 3165 1131 3243 ait,
1167 3166 1247 3231 mire
1280 3187 1319 3231 ac

141 3282 219 3345 pene
240 3271 452 3337 Goerenziano
476 3273 597 3352 inodo).
644 3273 856 3347 Coniunctiri‚
889 3292 985 3354 quern
1011 3273 1106 3353 vulgo
1131 3293 1150 3336 n
1173 3274 1318 3355 perfecto

137 3393 191 3442 non
216 3378 426 3462 distinguunt,
451 3381 545 3462 plura
570 3381 719 3462 exempla
744 3384 829 3445 sunt.
855 3379 1017 3443 Ciceronis
1042 3377 1098 3457 (ad
1116 3380 1183 3443 An.
1202 3381 1239 3458 ΙΙ,
1267 3383 1317 3445 17:

151 3679 174 3747 ¹)
191 3680 271 3734 Ennii
291 3696 401 3734 versum
420 3681 493 3750 apud
514 3681 579 3735 Gell.
594 3681 639 3748 ΙΙΙ,
659 3680 675 3732 4
695 3679 771 3744 (Hoec
789 3689 818 3733 to
837 3684 887 3733 etsi
899 3698 1026 3748 peruerse
1045 3683 1123 3748 dices,
1140 3683 1221 3747 focile
1240 3684 1320 3734 Achi-

191 3787 239 3823 vos
260 3769 378 3836 pann)
407 3787 462 3823 non
486 3787 610 3834 nurnero,
638 3771 703 3839 quia
726 3770 763 3822 ibi
784 3773 892 3837 sterce-ts
914 3787 964 3838 pro
988 3769 1080 3822 futuro
1100 3770 1252 3823 dubitativo
1271 3776 1319 3831 est,

191 3874 250 3912 non
269 3864 372 3912 exacto
409 3858 469 3911 Nou
489 3864 560 3912 recte
579 3860 735 3913 Wunderus
754 3860 781 3912 in
801 3858 937 3911 Ciceronis
957 3863 1024 3910 orat.
1043 3874 1093 3926 pro
1112 3857 1221 3911 Plancio
1241 3874 1263 3911 c.
1277 3856 1320 3921 25,

191 3947 229 3999 60
248 3963 282 4001 ex
301 3963 357 4001 uno
376 3947 478 4001 nullius
497 3947 666 4001 auctoritatis
685 3949 778 4002 codice
797 3947 893 4002 edidit:
913 3948 1028 4013 Horum,
1047 3949 1073 3999 st
1090 3947 1231 4013 diltpenter
1249 3964 1321 4014 quee-

192 4053 246 4103 ηε,
264 4040 311 4089 eir
329 4038 459 4089 &dmum
474 4044 583 4104 portem
602 4041 754 4104 reppereris
770 4039 860 4104 plorto
879 4038 999 4104 dtpnom.
1027 4033 1098 4088 Nihil
1118 4034 1191 4088 enirn
1210 4051 1321 4104 prorsus

191 4124 230 4178 ibi
251 4125 303 4178 loci
323 4131 364 4177 est
382 4124 475 4178 futuro
495 4130 590 4178 exacto
610 4125 637 4178 in
656 4131 757 4179 eventu
780 4125 938 4193 questionis
962 4123 1122 4192 simpliciter
1139 4123 1320 4192 praedicendo,

191 4213 248 4267 Sed
267 4214 341 4282 quod
360 4214 480 4267 Klotzius
499 4230 532 4266 ex
552 4213 662 4282 optimis
677 4214 815 4267 codicibus
829 4214 930 4267 tenuit:
950 4217 976 4267 si
995 4241 1026 4249 -
1047 4230 1150 4282 quoeres
1163 4241 1195 4248 -
1208 4217 1321 4281 reperis.

191 4303 339 4356 terendum
358 4319 414 4356 nou
433 4308 481 4355 est.
519 4303 604 4356 Recte
626 4304 731 4367 ,nescio
750 4301 825 4370 quis*
848 4303 921 4372 apud
941 4303 1081 4367 Orelliurn,
1102 4301 1128 4354 id
1148 4307 1196 4365 est,
1216 4308 1247 4356 ut
1265 4303 1320 4372 opi-

190 4408 254 4453 nor,
272 4390 331 4459 ipse
351 4390 468 4445 Orellius
486 4395 604 4459 reperies
622 4391 702 4444 scribi
722 4393 788 4446 vult.

132 4483 164 4551 ²)
188 4477 310 4548 [Eodem
328 4480 455 4548 pertinet,
475 4481 548 4548 quod
568 4481 666 4549 legitur
684 4481 763 4536 Truc.
783 4482 827 4546 IV,
845 4480 871 4544 2,
890 4480 937 4534 23:
957 4483 1025 4533 mibi
1042 4482 1218 4534 conrmentort
1235 4483 1320 4543 liceat,

190 4589 225 4624 ne
246 4570 345 4623 oblitus
363 4571 437 4635 elem,
456 4571 527 4636 quod
546 4567 649 4636 didici]
