2956 5190
644 263 710 327 360

79 455 233 522 orationis
257 476 323 521 non
346 457 527 539 appellarit.
536 453 563 538 ¹)
604 458 668 523 Pro
691 456 795 522 Deiot.
821 457 872 535 13,
897 456 939 522 36
965 456 1085 522 vitiose
1106 456 1254 525 edebutn:

81 585 101 626 o
125 562 268 647 Scipione
291 562 436 641 devium,
460 564 517 628 ubi
540 583 580 628 ex
605 565 675 630 cod.
699 563 825 642 Dresd,
849 563 871 628 5
890 563 986 642 Oxx,
1010 562 1124 629 Haun.
1144 563 1190 647 (in
1206 584 1256 647 quo

82 674 132 735 est
155 691 177 733 o
199 670 270 734 lelio
293 668 450 754 Scipione)
474 676 507 735 et
530 671 581 735 ed.
604 691 635 735 a.
658 670 744 735 1472
760 669 862 734 edidi:
887 691 908 733 o
925 669 967 735 L.
986 668 1146 755 Scipione.
1177 671 1259 739 Pullo

81 780 156 858 post
179 775 210 858 (d
234 774 290 858 59)
321 777 465 842 Memmii
493 780 551 842 eut
579 777 661 842 nlius
689 778 799 842 nescio
828 778 920 842 euius
949 778 1188 843 coniecturum:
1220 777 1261 842 n·

80 904 197 969 qrones
219 885 320 967 iqitur
342 885 438 948 nimis
462 884 629 948 discedere
652 904 673 949 a
696 884 843 949 codicum
867 883 1012 966 vestigiis
1035 883 1146 966 (Tulit
1165 883 1262 970 quoii),

83 993 232 1072 apertum
257 993 316 1067 est,
340 1010 401 1055 nec
423 1010 543 1055 nomen
566 992 713 1072 posuisse
736 990 848 1055 Cicero
871 991 1012 1055 videtur.
1059 990 1130 1057 Sed
1150 992 1264 1058 melion

82 1116 148 1162 non
171 1097 308 1178 reperio.
317 1092 343 1177 ²)

172 1202 208 1266 ln
231 1223 258 1266 c.
283 1203 335 1279 29,
367 1204 410 1268 63
432 1202 528 1268 nimis
551 1204 715 1287 patienter
736 1208 953 1286 propagatum
977 1208 1030 1269 est
1052 1203 1100 1270 ab
1123 1205 1266 1281 omnibu,

84 1308 171 1391 quod
194 1309 331 1374 lacobus
355 1310 545 1387 Gronovius,
582 1312 757 1375 obsecutus
786 1311 889 1392 putris
917 1309 1110 1377 auctoritati
1137 1309 1193 1393 (ad
1212 1310 1265 1374 liv.

29 1415 164 1492 nexui,
195 1414 320 1498 ullo),
355 1415 420 1498 11),
451 1417 604 1483 ecodice
632 1417 869 1495 Gemblacensi,
906 1419 997 1482 cuius
1028 1417 1212 1500 corruptele
1234 1417 1268 1482 ul

85 1521 165 1585 alios
188 1541 310 1603 paucos
333 1527 515 1605 propagata
539 1529 598 1600 est,
624 1523 739 1588 edidit:
776 1523 877 1609 Atque
899 1524 963 1606 ille,
988 1525 1086 1588 etium
1111 1526 1141 1588 si
1164 1524 1269 1609 aliquo·

79 1629 172 1712 piom
195 1630 228 1691 oi
250 1630 455 1712 expelleretur
477 1631 543 1694 illis
572 1629 762 1714 temporibus
792 1651 830 1693 ee
859 1629 920 1694 luc
949 1629 1038 1711 urle,
1071 1630 1174 1713 factio
1198 1636 1271 1714 pou

86 1742 184 1798 retur.
230 1735 296 1799 Sed
319 1737 431 1819 optimi
467 1737 605 1813 codices,
640 1736 715 1800 Pur.
745 1739 778 1800 et
801 1736 908 1813 Bem,
940 1740 1029 1801 recte
1064 1738 1192 1802 habent
1217 1737 1271 1799 olio

87 1843 248 1928 quopiam.
295 1843 376 1909 Illud
399 1845 538 1909 alterum
566 1843 763 1909 vocabulum
792 1862 897 1924 neque
926 1845 1161 1908 auctoritatem
1187 1843 1273 1908 hahet

87 1948 278 2032 (ettamen,
305 1950 332 2014 si
355 1951 506 2016 Latinum
531 1954 619 2016 esset
641 1969 831 2032 pronomen,
855 1968 920 2014 non
944 1969 1010 2014 uno
1033 1954 1069 2014 et
1085 1949 1191 2014 alteru
1206 1950 1273 2023 loco,

88 2055 146 2120 sed
174 2056 344 2137 permultis
372 2060 515 2140 positum
543 2055 642 2139 esset)
677 2060 710 2122 et
743 2056 786 2121 ab
822 2057 910 2121 omni
945 2055 1098 2139 analogia
1135 2055 1276 2120 abhorret

87 2162 285 2244 longissime
310 2185 412 2247 quum
436 2166 523 2230 enim
547 2165 667 2247 duplex
691 2165 732 2228 sit
756 2162 937 2228 deducendi
962 2182 1002 2227 ex
1026 2164 1100 2247 quis
1115 2164 1193 2228 novi
1211 2180 1276 2244 pro·

88 2269 228 2334 nominis
252 2270 367 2349 torma,
399 2292 468 2336 suae
492 2275 630 2354 utraque
653 2270 905 2353 significationis
941 2269 1128 2334 coalescere
1151 2272 1277 2349 utraque

89 2394 155 2439 non
177 2379 295 2457 potest.
342 2377 408 2441 Nec
431 2397 511 2442 sane
539 2380 600 2443 hoc
630 2382 663 2442 et
693 2377 806 2453 alteru,
842 2397 907 2458 quo
938 2380 1086 2453 utuntur,
1121 2376 1196 2441 loco
1223 2374 1278 2438 ullu

90 2500 189 2545 causa
212 2481 308 2562 positi
331 2483 457 2548 mirifici
481 2485 566 2549 illius
594 2483 794 2567 pronominis
825 2503 884 2565 pro
917 2482 1041 2565 vulgari
1074 2481 1139 2547 dici
1171 2486 1278 2565 potest

18 2613 24 2622 ·
89 2587 174 2651 Nam
198 2589 297 2652 etiem
320 2589 354 2652 in
372 2589 504 2654 Tuscul.
522 2591 573 2670 III,
598 2591 628 2668 9,
655 2591 706 2668 19,
731 2590 787 2654 ubi
811 2609 924 2653 verum
949 2592 999 2654 est
1021 2589 1056 2652 in
1073 2589 1187 2654 codice
1202 2589 1279 2669 regio

91 2693 226 2777 (Davisii
251 2698 283 2758 et
306 2694 436 2777 Bergeri
460 2698 645 2763 testimonio
670 2693 915 2777 consentiente),
951 2695 1005 2759 alii
1034 2698 1148 2759 nutem
1179 2695 1279 2759 leviter

92 2800 256 2877 aberrant,
282 2801 500 2886 aliquodpiom
522 2804 694 2868 membrum
718 2804 905 2879 intulerunt,
935 2801 1014 2879 sola,
1050 2803 1179 2883 opinor,
1213 2819 1279 2865 oon·

92 2909 225 2986 iectura,
249 2911 286 2972 ut
308 2909 373 2972 iam
398 2909 531 2974 meliore
554 2912 747 2974 auctoritate
772 2909 949 2994 aliquidem
966 2927 1150 2990 pronomen
1170 2908 1280 2991 fingere

91 3017 230 3097 possim:
259 3034 336 3080 nam
361 3035 387 3079 e.
412 3015 465 3092 67,
497 3016 561 3080 140
583 3037 642 3098 pro
666 3018 735 3081 olio
757 3015 904 3101 quoedom
926 3016 959 3078 in
983 3014 1094 3079 codice
1117 3012 1280 3080 Parisiensi

93 3122 248 3204 seriptum
273 3126 323 3187 est
346 3123 548 3208 oliqnnoom.
594 3123 660 3187 Sed
683 3123 782 3187 miror
810 3123 952 3199 omnino,
982 3121 1209 3186 doctissimum
1231 3121 1280 3184 ho·

93 3231 225 3306 minem,
248 3229 272 3294 l.
290 3230 325 3294 F.
342 3229 550 3305 Gronovium,
576 3249 676 3311 quum
700 3229 780 3292 illud
803 3250 899 3293 suum
917 3229 1112 3292 vocabulum
1134 3243 1281 3293 enomere

94 3336 199 3411 vellet,
224 3356 289 3400 non
313 3337 415 3402 multo
439 3337 547 3418 plures
571 3336 737 3418 collegisse
761 3336 863 3412 locos3
888 3335 997 3399 mendi
1016 3339 1066 3399 est
1084 3336 1172 3399 enirn
1190 3351 1281 3416 genus

93 3462 159 3508 non
183 3442 380 3523 infrequens.
426 3444 494 3507 Nee
517 3443 632 3507 melius
656 3445 706 3506 est
728 3442 868 3506 alterum
896 3442 999 3507 simile
1027 3460 1210 3522 pronomen
1232 3439 1282 3502 oli·

95 3551 271 3634 quisquam,
302 3551 389 3630 quod
414 3550 594 3615 Gronovius
618 3549 780 3613 interebat
809 3550 840 3612 in
865 3549 929 3613 Cic.
954 3548 995 3612 de
1018 3547 1124 3611 Divin.
1150 3547 1177 3610 Π
1200 3565 1228 3610 c.
1249 3543 1285 3607 50

96 3654 169 3738 (pro
194 3654 373 3740 quicquam)
398 3675 437 3720 ex
460 3658 556 3720 unius
580 3656 698 3720 codicis
721 3676 787 3720 non
805 3657 975 3737 scriptura,
1000 3654 1058 3718 sed
1076 3673 1202 3730 rasura,
1226 3651 1285 3716 edi·

47 3800 50 3806 ·
96 3762 208 3844 diique
232 3762 264 3825 in
289 3761 368 3825 Livii
392 3762 462 3827 loeo
486 3782 586 3844 supra
610 3762 753 3837 laudat0,
789 3763 929 3844 primam
960 3761 1135 3825 editionem
1164 3763 1286 3825 secutus

97 3867 165 3950 (nec
187 3869 267 3932 ullos
296 3869 489 3953 alicuiquam
517 3888 577 3950 pro
607 3889 662 3932 meo
693 3869 772 3932 ullos
805 3870 864 3932 ulii
893 3870 1050 3953 cuiquam,
1086 3868 1175 3950 quod
1209 3869 1289 3932 recte

96 3975 301 4057 Kreyssigius
324 3972 511 4056 revocavit).
557 3975 660 4039 Paulo
689 3978 765 4039 ante
788 3976 858 4039 fieri
890 3976 942 4039 vix
965 3978 1082 4056 potest,
1118 3977 1156 4038 ut
1186 3973 1290 4038 Cicero

98 4083 276 4162 scripserit:
301 4081 336 4144 id
358 4082 469 4146 titilius
492 4102 556 4146 esee
573 4103 635 4165 per
657 4103 689 4146 se
712 4084 892 4146 coeeseroori
910 4103 1005 4166 quum
1015 4102 1077 4165 per
1095 4082 1186 4163 alios,
1210 4076 1291 4162 quod

128 4342 151 4409 ¹)
169 4347 253 4401 Recte
272 4347 389 4402 Orellius
408 4362 431 4400 c.
450 4345 475 4409 5,
496 4345 530 4397 12
548 4347 628 4402 scribi
648 4348 720 4402 vult:
740 4350 778 4401 Μ.
801 4348 909 4402 Catone.

128 4431 149 4501 ²)
170 4432 419 4504 [Simplicissimum
439 4434 547 4489 videtur
565 4436 695 4490 scribere:
725 4439 769 4490 lto
798 4441 846 4505 qui
873 4438 968 4490 bellum
996 4445 1020 4490 et
1047 4439 1140 4491 intulit
1163 4444 1188 4490 et
1209 4436 1294 4504 queit,

170 4527 218 4591 qui
236 4522 299 4591 cet]
