2948 5206
630 291 691 355 171

99 485 205 566 dignito,
237 484 328 549 ouius
360 485 511 566 princeps
543 484 665 549 exstitit
688 484 724 548 B.
749 486 786 549 G.
810 485 1019 564 Niebuhrius,
1055 488 1172 552 deinde
1203 489 1257 552 alii

98 612 124 656 se
138 591 347 667 adiunxerant,
377 593 495 672 partim
520 592 575 671 qui
603 611 639 655 se
668 591 848 673 philologos
878 596 910 656 et
933 592 1113 671 historicos,
1137 596 1254 675 partim

96 697 134 779 qui
151 697 382 761 iurisconsultus
400 696 558 779 appellari
576 693 806 778 maluerunt.¹)
842 699 1019 763 Niebuhn'o
1037 700 1256 765 institutorum

93 805 204 868 nonme
239 806 273 868 et
313 802 492 885 disciplinae
526 802 666 884 publicae
705 803 874 868 historiam
911 805 1112 887 propositam
1147 806 1256 881 tuisse,

89 1017 219 1099 significat
241 1036 282 1082 ex
307 1016 537 1082 animadversa
560 1017 775 1098 repugnantia
799 1036 922 1094 eorum,
947 1037 1021 1098 quae
1045 1018 1086 1082 de
1103 1019 1257 1084 institutis

87 1123 223 1188 retarihus
258 1123 482 1200 traderentur,
518 1122 691 1204 studioque
719 1123 861 1204 antiquae
891 1124 937 1188 rei
966 1124 1106 1205 publicae
1140 1126 1257 1191 intelli-

82 1224 219 1311 podes)
265 1229 418 1307 Omnino,
454 1233 490 1294 ut
521 1228 647 1311 singula
670 1229 837 1295 Niebuhn'i
861 1232 994 1295 inventa
1016 1251 1103 1295 nunc
1126 1232 1258 1296 omitta-

79 1355 146 1411 mus,
166 1356 226 1401 nec
250 1356 449 1418 quaemmns,
474 1355 546 1417 quae
571 1356 659 1414 vera,
684 1357 757 1418 quae
781 1336 865 1401 falsa
888 1336 1069 1415 videantur,
1099 1337 1170 1402 haec
1193 1338 1258 1402 duo

75 1463 188 1508 summa
218 1443 371 1526 praestitit
403 1442 605 1523 antiquitatis
637 1443 755 1521 studio,
791 1448 827 1507 ut
858 1447 889 1507 et
920 1448 1079 1521 veterum,
1114 1444 1258 1526 Dionysii

71 1552 199 1615 maxime
222 1554 257 1615 et
280 1549 371 1627 Livii,
400 1549 569 1614 historiam
598 1549 760 1614 scribendi
783 1551 909 1614 ratione
932 1551 1051 1615 rectius
1076 1553 1256 1632 perspecta,

68 1656 244 1722 libertatem
266 1664 299 1720 et
323 1655 553 1720 necessitatem
576 1656 743 1736 quaerendi
767 1660 800 1719 et
823 1656 994 1721 dubitandi
1017 1656 1173 1720 derebus
1190 1657 1257 1721 Ro·

10 1820 13 1831 .
64 1784 231 1829 manorum
254 1764 399 1844 antiquis
422 1763 619 1839 ostenderet,
650 1765 682 1826 et
704 1762 904 1845 perspicuas,
934 1763 1058 1845 plenas,
1094 1782 1154 1826 nec
1177 1762 1258 1826 alias

10 1888 13 1949 ;
62 1870 131 1935 aliis
164 1890 225 1935 nec
259 1888 371 1934 rerum
406 1869 640 1951 hominumque
674 1873 801 1934 naturae
842 1869 1006 1933 communi
1040 1872 1258 1951 repugnantes

59 1980 267 2060 antiquorum
292 1976 512 2040 institutorum
537 1975 685 2040 notiones
710 1975 834 2057 concipi
862 1976 999 2041 iuberet.
1046 1976 1086 2039 Et
1110 1978 1261 2057 apparet:

58 2085 92 2149 in
122 2083 306 2149 Niebuhrio
340 2086 459 2164 praeter
493 2081 705 2163 multiplicem
741 2082 955 2147 eruditionem
995 2090 1028 2146 et
1062 2082 1257 2163 singularem

55 2192 179 2255 mentis
201 2190 419 2256 mobilitatem
443 2189 476 2253 in
495 2188 604 2266 rebus,
629 2208 702 2269 quae
720 2188 888 2253 disiunctae
906 2190 1091 2271 longissime
1108 2189 1258 2252 videren-

54 2301 119 2374 tur,
143 2297 189 2361 ad
211 2296 386 2361 veritatem
403 2295 630 2359 inveniendam
647 2297 727 2359 scite
745 2297 977 2377 componendis
994 2298 1079 2359 hanc
1095 2296 1259 2377 praecipue

55 2402 159 2468 fuisse
182 2403 375 2467 facultatem
399 2406 431 2467 et
454 2402 597 2467 studium
622 2401 726 2465 claras
750 2405 783 2466 et
807 2402 972 2467 evidentes
996 2422 1106 2466 rerum
1130 2402 1258 2466 institu-

53 2513 235 2592 torumque
258 2510 380 2575 tormas
399 2514 432 2574 et
454 2509 610 2590 imagines
629 2508 780 2572 distincte
797 2513 830 2572 et
847 2529 921 2573 cum
939 2509 1099 2590 elegantia
1117 2508 1259 2589 quadam
1274 2530 1311 2568 ιιι

55 2616 248 2680 elaboratas
272 2619 381 2681 animo
411 2616 654 2697 complectendi.
702 2615 807 2679 Huius
836 2616 931 2697 igitur
960 2616 1018 2678 viri
1048 2634 1157 2696 opera,
1194 2613 1258 2695 qui,

55 2742 161 2804 quum
186 2723 413 2804 antiquissima
437 2723 660 2786 Romanorum
684 2727 834 2804 tempora
859 2726 1024 2797 tractaret,
1051 2721 1155 2785 omnis
1180 2722 1258 2787 eius·

55 2848 132 2910 quae
150 2833 268 2910 postea
283 2829 353 2905 luit,
377 2830 424 2893 rei
440 2829 579 2911 pubhoae
597 2828 810 2892 fundamento
828 2828 943 2909 attigit,
968 2835 1001 2891 et
1018 2829 1156 2891 aliorum
1173 2829 1259 2890 idem

57 2935 240 3017 agentium,
275 2940 310 2999 ut
339 2935 491 3016 Savignii,
527 2936 642 2998 effecta
672 2938 722 2998 est
748 2955 928 3016 permagna
952 2936 1119 2998 conversio
1142 2936 1175 2998 in
1198 2934 1259 2997 hac

58 3041 266 3123 antiquitatis
289 3042 471 3106 studiorum
496 3046 588 3123 parte
617 3041 820 3122 multumque
850 3043 919 3105 sine
949 3042 1048 3105 dubio
1077 3041 1258 3122 profectum

60 3148 102 3212 ad
125 3168 243 3213 reram
265 3153 417 3213 naturam
442 3148 642 3230 reipublicae
666 3149 829 3229 totiusque
851 3148 1027 3229 disciplinae
1044 3148 1203 3212 Romanae
1227 3151 1260 3211 et

61 3252 183 3317 Italicae
205 3255 458 3337 intelligendam.
495 3255 653 3318 Universa
676 3258 787 3318 tamen
811 3255 958 3319 doctrina
981 3256 1024 3318 ad
1048 3274 1130 3331 eam,
1155 3258 1190 3319 ul
1215 3257 1259 3318 ita

64 3360 188 3437 deam,
230 3362 478 3426 conoirmitatem
519 3363 754 3441 certioremque
789 3362 943 3438 sormam,
984 3381 1083 3441 quam
1119 3361 1259 3424 maxime

68 3465 245 3530 desiderari
268 3468 455 3549 signiticavi,
480 3469 562 3532 adeo
584 3487 650 3531 non
673 3466 809 3530 iudicari
833 3471 941 3548 potest
959 3468 1102 3532 adducta
1120 3488 1201 3543 esse,
1226 3471 1259 3531 ut

68 3571 229 3636 interdum
251 3581 370 3655 praeter
394 3573 629 3638 dubitationem
663 3574 704 3637 de
736 3575 869 3655 singulis
902 3576 1000 3638 rebus
1030 3575 1133 3637 maior
1162 3574 1261 3636 etiam

70 3679 211 3743 conlusio
235 3683 266 3743 et
289 3680 506 3761 discrepantia
530 3680 706 3743 accessisse
734 3681 836 3744 videri
866 3683 976 3762 possit,
1013 3681 1083 3743 aliis
1114 3680 1261 3760 partibus

71 3802 152 3849 nora
175 3786 302 3850 inducta
327 3786 443 3861 forma,
479 3785 511 3848 in
539 3787 610 3850 aliis
639 3791 748 3850 vetere
774 3787 818 3851 ita
842 3788 963 3863 relicta,
998 3791 1035 3850 ut
1059 3806 1176 3868 parurn
1201 3785 1261 3848 illis

74 3894 266 3968 conveniant,
290 3893 412 3975 ubique
435 3912 501 3957 non
525 3893 637 3975 paucis
661 3894 803 3974 vestigiis
827 3894 942 3975 prioris
966 3895 1099 3957 rationis
1124 3911 1261 3955 manen·

100 4095 121 4164 1)
138 4101 195 4155 Non
216 4120 275 4158 sum
300 4112 356 4160 tarn
382 4106 491 4174 iniquus
514 4111 561 4159 aut
586 4111 646 4158 tum
672 4104 823 4172 imperitus
853 4112 883 4157 ul
912 4105 983 4158 intra
1011 4120 1145 4157 annorum
1175 4107 1266 4155 certos

145 4205 265 4246 numeros
283 4194 353 4249 hanc
373 4196 577 4264 prudentiorem
597 4195 784 4248 institutorum
805 4195 884 4247 llom.
905 4194 1106 4246 tractandorum
1128 4192 1262 4245 rationem

148 4281 311 4341 concludam
340 4284 415 4337 velut
434 4283 561 4337 Friderlci
581 4284 672 4337 Rothii
699 4283 768 4336 liber
787 4285 820 4336 de
845 4300 874 4335 re
897 4281 1055 4348 municipali
1075 4282 1263 4333 Romanorum

152 4370 260 4425 multum
278 4372 306 4426 in
329 4377 387 4425 tota
411 4372 568 4440 questionis
591 4373 764 4425 instituendae
789 4372 892 4424 ratione
916 4388 932 4423 a
956 4370 1067 4422 confusa
1095 4369 1267 4436 superiorum

151 4455 233 4511 torma
250 4460 367 4514 discedit.

113 4538 135 4605 ¹)
151 4542 181 4595 t.
202 4563 223 4598 e„
241 4548 304 4602 am
323 4549 403 4602 nom.
422 4549 446 4601 n
464 4566 490 4617 p.
511 4548 562 4601 roo
580 4549 622 4602 ed.
642 4548 666 4601 a.
