2956 5190
630 275 692 339 377

151 471 315 547 1nc50,
350 471 423 546 106,
454 473 511 536 ubi
542 471 673 553 legitur:
708 473 737 535 si
767 491 880 554 operas
910 472 1131 536 conductorum
1161 495 1260 536 renta-

57 579 154 655 aem’s,
179 577 353 642 delendum
377 597 448 642 esse
472 576 703 653 coriductorum,
736 579 768 641 in
793 598 891 660 quam
916 581 1135 644 coniecturam
1160 581 1258 644 etiarn

58 684 235 749 Muellerus
258 684 379 761 incidit,
404 704 469 749 non
486 682 691 760 mutandunl,
715 703 811 759 nunc,
836 687 961 767 opinor,
987 706 1087 767 quum
1110 687 1175 751 iam
1200 687 1259 750 ali·

60 795 141 873 quot
164 791 338 860 manifesta
363 791 482 856 codicis
506 793 674 874 archetypi
695 791 920 856 additamenta
937 792 1258 874 deprehenderimus,

58 898 267 962 concedetur.
313 899 397 963 Nam
422 906 535 981 operas·
564 896 611 979 (id
634 903 692 976 est,
722 878 945 964 mercenarios·
965 899 1066 964 Clodii
1090 898 1258 981 satellites)

58 1005 281 1069 cmrductorum
305 1005 367 1070 dici
391 1025 451 1087 pro
474 1005 767 1087 (numerauimus,
792 1011 828 1069 ut
852 1011 901 1070 est
925 1026 952 1070 c.
979 1006 1029 1081 17,
1054 1006 1096 1069 38
1121 1010 1153 1069 et
1170 1006 1257 1082 alibi,

57 1112 149 1193 quod
177 1112 315 1177 Orellius
345 1115 450 1194 putat,
485 1131 551 1175 non
586 1114 689 1194 magis
717 1113 805 1177 credi
833 1116 950 1194 potest,
986 1132 1086 1193 quarn
1120 1113 1259 1177 loiniaco

58 1217 279 1283 Romanorum
300 1238 361 1301 pro
383 1219 570 1283 hominibus
593 1219 752 1283 Romanis
781 1219 940 1283 similiave
964 1239 1161 1301 quemquam
1187 1220 1258 1284 dix·

59 1325 136 1389 isse.
182 1325 295 1404 Immo,
320 1346 421 1407 quurn
444 1325 568 1390 nudum
593 1325 790 1390 vocabulum
814 1326 1005 1407 ambiguum
1031 1326 1136 1389 visum
1160 1330 1256 1403 esset,
1303 1318 1306 1324 ’

58 1431 148 1512 quod
180 1435 212 1495 et
236 1451 262 1495 c.
287 1433 339 1509 26,
372 1433 413 1497 57
446 1436 479 1496 et
509 1451 569 1514 pro
600 1432 715 1496 Flacco
739 1432 792 1509 38,
824 1432 865 1495 97
899 1437 931 1496 et
955 1433 1032 1496 alilti
1056 1432 1181 1514 legitur,
1218 1452 1258 1496 ex

58 1536 131 1601 aliis
167 1538 244 1603 locis
278 1541 382 1621 petita
416 1544 466 1604 est
494 1527 718 1620 interpretatio
748 1543 780 1602 et
807 1539 920 1602 inscite
945 1539 1108 1603 adiuncta.
1155 1538 1258 1604 Paulo

56 1648 144 1726 post,
170 1645 223 1709 ubi
248 1645 369 1710 editur:
395 1645 524 1710 Habita
546 1652 620 1709 suut
641 1647 748 1709 aurata
771 1645 810 1708 de
832 1666 881 1708 ute
896 1667 916 1708 a
931 1645 1111 1729 placitatura
1126 1647 1257 1709 scelera·

56 1753 179 1816 tiasinro
202 1755 364 1829 cautiones,
390 1756 572 1817 extremum
595 1734 803 1829 vocabulum,
833 1772 898 1834 quo
922 1752 1073 1817 facillime
1097 1772 1255 1827 caremus,

56 1857 89 1922 in
115 1859 225 1924 codice
248 1861 426 1942 archetypo
449 1879 515 1924 non
539 1858 649 1935 fuisse,
686 1863 810 1923 certum
841 1863 890 1923 est
919 1858 1033 1940 (etiam
1057 1859 1128 1923 cod.
1152 1859 1256 1923 Paris.

54 1966 252 2042 testimonio,
277 1966 438 2042 Gulielmi,
463 1965 601 2044 Gruteri,
624 1966 856 2031 Oxoniensium
873 1964 1028 2046 silentio);
1051 1965 1162 2047 itaque
1179 1984 1256 2029 con·

55 2071 135 2135 cidit
159 2071 269 2137 Orellii
292 2076 531 2155 argumentum,
567 2072 816 2156 interpolatores
846 2073 910 2136 alio
937 2072 1008 2135 loco
1036 2072 1199 2153 posituros
1224 2072 1255 2135 id

54 2179 254 2243 vocabulum
270 2179 394 2255 'suisse3
418 2199 495 2244 nam
518 2181 552 2243 in
575 2185 704 2244 nostros
728 2160 815 2243 certe
839 2179 965 2243 codices
986 2177 1036 2241 vel
1054 2179 1163 2259 potius
1186 2178 1256 2242 edi·
1270 2202 1309 2241 ar

52 2285 162 2349 tiones
186 2286 228 2350 ab
252 2287 483 2368 interpolatore
507 2287 605 2350 venit.
652 2285 716 2350 Sed
742 2285 829 2367 quod
851 2285 937 2349 idem
968 2284 1111 2348 codicem
1141 2286 1255 2349 arche·

51 2394 171 2474 typum
206 2394 268 2458 hoc
303 2394 374 2458 loco
409 2393 621 2475 negligentius
656 2392 813 2473 scripturn
849 2392 949 2455 fuisse
983 2395 1088 2473 putat,
1123 2391 1156 2455 in
1191 2411 1256 2472 quo

51 2499 157 2562 etiarn
191 2520 253 2563 uon
287 2500 386 2582 paulo
416 2504 492 2564 ante
521 2502 553 2563 et
582 2499 679 2581 paulo
708 2502 783 2579 post
811 2496 842 2580 (ἓ
870 2496 945 2578 107)
973 2498 1113 2561 exhibuit
1134 2483 1255 2562 omissa

52 2603 132 2683 sint,
167 2606 347 2687 negationis
377 2606 497 2688 saepius
526 2609 559 2669 et
586 2607 620 2668 in
643 2606 704 2669 hoc
729 2608 761 2669 et
785 2606 818 2668 in
841 2605 912 2669 aliis
936 2605 1101 2669 codicibus
1125 2606 1256 2669 omissae

52 2711 121 2776 alia
145 2717 195 2776 est
217 2713 311 2791 ratio,
345 2713 379 2776 in
408 2713 510 2777 altero
540 2716 650 2775 autem
679 2711 750 2776 loco
780 2712 882 2776 codex
905 2712 1008 2776 Paris
1038 2732 1112 2775 curn
1136 2712 1254 2775 Bernn.

55 2818 263 2883 consentiens
279 2819 471 2884 lacunosum
488 2818 620 2900 quidem
637 2818 737 2882 tuisse
754 2820 897 2883 codicem
915 2819 1127 2900 archetypum
1145 2822 1255 2882 osten·

54 2925 118 3001 dit;
154 2926 213 2990 sed
236 2928 358 3009 optime
382 2927 477 2990 simul
501 2927 633 2992 tolletur
656 2928 774 2992 locutio
798 2946 863 2990 non
887 2925 1108 3000 Ciceroniana,
1138 2926 1181 2989 ab
1205 2927 1254 2989 in·

56 3032 255 3114 terpolatore
278 3034 358 3097 satis
389 3032 510 3097 recenti
538 3034 677 3098 invecta.
724 3034 807 3097 Nam
843 3032 986 3096 celtibera
1020 3052 1052 3096 se
1087 3039 1254 3114 auctorem,

55 3139 235 3222 applicem,
260 3140 378 3204 similia
402 3138 475 3221 (pro
499 3159 547 3216 eo,
577 3140 665 3222 quod
689 3143 738 3203 est
762 3147 919 3203 auctorem
942 3159 974 3203 sc
993 3138 1148 3221 praebere)
1178 3144 1254 3203 ante

56 3244 247 3310 Suetonium
278 3248 333 3329 qui
361 3247 486 3322 dixerit,
523 3267 588 3311 non
611 3247 805 3328 reperietur;
841 3265 879 3309 ac
911 3265 952 3309 ne
983 3246 1011 3309 is
1042 3246 1174 3327 quidem
1209 3246 1255 3309 ita

55 3353 144 3429 dixit,
170 3354 229 3418 sed
254 3353 396 3418 exhibere
418 3355 609 3430 atiniarum,
634 3353 761 3430 similia,
785 3353 854 3416 sine
878 3346 1117 3433 pronomine.¹)
1157 3352 1255 3433 Apud

81 3636 104 3704 ¹)
125 3639 195 3693 Eum
215 3639 338 3694 cadentis
356 3637 456 3707 liuguae
474 3653 557 3690 usum
576 3653 643 3698 esse,
672 3635 810 3689 duriorem
835 3641 862 3690 et
885 3635 1032 3704 poeticum,
1060 3634 1174 3688 Wolfius
1193 3634 1255 3688 scri-

126 3728 167 3782 bit
185 3729 221 3782 ad
240 3728 314 3782 Suet.
334 3726 424 3782 Vitell.
445 3725 487 3792 17,
507 3725 616 3786 oblitus,
635 3730 666 3778 ut
684 3725 776 3789 ceteri,
799 3728 941 3788 annotare,
965 3725 1011 3778 ubi
1031 3726 1157 3788 alterurn,
1185 3723 1255 3776 anti·

127 3817 254 3886 quiorem
272 3816 376 3872 scilicet
395 3822 422 3870 et
441 3815 469 3869 in
487 3831 570 3883 prosa
587 3813 729 3877 usitatum,
755 3813 973 3883 deprehenderit.
1011 3813 1103 3867 Unum
1122 3817 1163 3866 est
1181 3812 1254 3881 apud

126 3907 246 3961 eundem
266 3905 430 3961 Suetonium
449 3904 606 3973 exemplum
630 3903 658 3957 in
677 3902 759 3970 Calig.
778 3901 813 3953 22
836 3900 875 3968 (ee
898 3904 1070 3956 adm-andum
1094 3902 1255 3954 adeuntibus

126 3994 284 4061 audebat),
308 3995 356 4049 sed
380 3994 417 4048 ibi
436 4000 478 4049 est
496 3994 578 4047 dese
596 3990 720 4061 (corpore
738 3989 800 4056 suo)
819 3992 847 4044 in
866 3996 1043 4060 conspectum
1062 3990 1153 4043 dando
1172 3995 1199 4043 et
1217 3989 1255 4042 of·

126 4083 248 4139 ferendo.
279 4084 344 4139 Sine
362 4083 524 4153 pronomine
543 4087 585 4136 est
602 4081 676 4150 apud
696 4079 809 4147 Quintil.
828 4081 885 4144 Xll,
905 4079 930 4144 2,
951 4080 966 4132 7
986 4086 1020 4138 et,
1040 4096 1124 4148 quem
1142 4078 1180 4132 ibi
1198 4079 1255 4131 lau·

126 4174 202 4239 dant,
227 4175 320 4228 lustin.
340 4173 454 4239 vl11,4.
478 4172 585 4236 XXVII,
604 4170 629 4224 2.
665 4171 720 4224 Nec
747 4173 869 4224 alibero
897 4171 1109 4236 berrwolcntium,
1137 4169 1256 4221 liberali·

127 4270 209 4315 tatem
228 4267 287 4326 oet,
311 4279 373 4331 quar
392 4264 464 4332 apud
485 4262 674 4324 Columellam,
698 4260 817 4315 Plinium
836 4259 977 4323 Minorem,
1001 4257 1163 4313 Suetonium
1182 4262 1255 4321 sunt,

126 4351 201 4421 apud
220 4351 388 4420 antiquiores
407 4352 543 4421 leguntur.
580 4347 674 4419 [Apud
697 4349 806 4403 livium
825 4348 918 4413 XXIV,
942 4346 985 4410 31,
1010 4347 1044 4400 15
1069 4355 1256 4415 auctoremque

126 4457 154 4495 ee
172 4441 318 4495 caluendo
338 4440 437 4495 dicitur
455 4440 508 4494 aliu
527 4439 609 4495 modo
628 4439 662 4493 de
681 4455 722 4503 eo,
742 4438 788 4508 qui
807 4454 836 4492 se
849 4437 935 4491 oculis
953 4436 1098 4491 hominum
1115 4442 1256 4490 auctorem
