2956 5190
619 256 684 321 519

47 442 173 509 certius
198 445 336 523 videtur,
360 446 446 512 inter
468 450 601 516 nomina
623 451 791 535 foederum,
813 453 912 536 pacis,
942 450 1144 525 induciarum
1168 448 1254 513 male

47 546 127 613 belli
148 570 268 616 nornen
292 552 437 618 medium
468 554 615 636 interiici,
650 578 752 641 quum
780 557 961 641 praesertim
992 555 1169 639 separatim
1201 573 1253 618 se·

47 659 189 739 quatur:
214 656 294 723 bellu
317 658 520 744 discuntuuto.
567 665 603 729 ln
625 665 895 748 interpretatione
917 665 1014 729 huius
1037 663 1117 745 legis
1140 659 1181 744 (c.
1201 661 1252 738 14,

47 760 111 844 34)
135 763 258 829 editur:
282 767 318 830 iu
340 788 399 852 quc
423 767 536 852 (bello)
560 779 589 835 ct
610 772 810 856 suscipiendo
834 780 862 837 et
876 769 1013 856 peretulo
1030 776 1057 833 ei
1074 767 1255 853 deponendo

48 869 105 933 ius
128 871 358 954 utplurimum
381 876 463 940 uclct
493 885 521 942 et
541 877 630 961 fides,
665 879 839 965 horumque
866 887 900 943 ut
923 877 1046 962 publici
1072 877 1256 959 incursaces

48 983 164 1057 esseut,
193 977 257 1062 lcpe
279 982 454 1047 senuimus.
501 984 651 1067 Ineptum
675 986 708 1050 in
731 986 795 1051 hac
818 986 979 1068 scriptura
1003 1002 1075 1048 esse
1098 989 1132 1046 ut
1149 981 1255 1066 pluci-
1270 997 1309 1038 ro

50 1102 142 1145 mum
165 1082 266 1166 (quod
294 1092 454 1169 praeterea
482 1092 571 1173 apud
598 1093 738 1157 Plinium
770 1112 836 1157 non
859 1093 1046 1180 plerumque
1074 1088 1132 1153 sed
1160 1108 1255 1173 quum

43 1188 229 1273 plurimum
253 1192 435 1276 significat),
461 1216 481 1262 a
504 1198 615 1263 multis
637 1199 838 1264 intellectum
863 1205 929 1274 est;
953 1198 1012 1261 sed
1034 1198 1068 1260 in
1091 1195 1256 1261 codicibus

53 1295 182 1379 aliquot
205 1297 347 1380 (Victor,
371 1302 508 1382 Monac,
532 1304 637 1370 Onon.
660 1303 699 1387 E)
724 1310 788 1371 est:
818 1306 935 1368 ualeret
957 1311 992 1367 ut
1011 1302 1100 1385 fides,
1128 1305 1200 1366 tum
1223 1300 1257 1365 in

54 1404 213 1469 omnibus
237 1404 367 1488 (saltem
400 1410 516 1476 Moseri
547 1416 581 1477 et
608 1410 721 1494 0xx.):
753 1412 936 1497 foruupuc;
970 1408 1180 1474 scribendum
1207 1410 1257 1471 est

53 1509 170 1591 igitur:
206 1513 256 1576 ius
278 1520 313 1577 ui
329 1516 508 1598 plurimum
531 1519 648 1582 ⁴uideret
672 1526 699 1583 et
720 1518 801 1601 fides
823 1538 989 1603 eorumque
1016 1514 1056 1599 (E
1079 1535 1138 1597 pro
1162 1511 1200 1595 Γ)
1223 1519 1257 1576 ut

47 1615 176 1699 publici
198 1621 383 1703 iuuerpretes
405 1632 516 1706 esseut,
540 1626 604 1710 lepc
626 1627 804 1689 scr-ucimus.

149 1723 184 1789 C.
211 1726 261 1804 11,
291 1728 333 1792 28
357 1730 391 1793 in
413 1749 532 1813 magno
556 1731 703 1796 codicum
727 1732 874 1796 dissensu
904 1728 1012 1794 editur
1034 1747 1134 1793 nunc:
1171 1725 1257 1789 Aru·

55 1849 127 1913 quc,
151 1851 220 1915 quoe
244 1836 452 1900 uetustissima
476 1845 519 1901 est
542 1839 577 1902 iu
600 1838 737 1919 Palatio,
764 1837 884 1917 Febris,
915 1842 942 1899 ei
967 1835 1069 1898 alteru
1093 1833 1256 1919 Esquiliis,

57 1933 159 1999 blaloe
184 1937 344 2022 Fortuuoe,
378 1942 590 2030 detestuiuque
620 1946 729 2008 cutuiu
760 1942 913 2008 eiusmodi
943 1940 1146 2025 repccdiauda
1173 1945 1255 2002 suut.

55 2044 123 2108 Pro
147 2066 278 2131 araque,
312 2070 382 2134 quoe
409 2070 523 2115 omnes
552 2050 679 2116 codices
709 2050 834 2115 habent
857 2070 918 2112 aru
942 2069 1011 2133 quoe
1034 2051 1092 2111 aut
1115 2066 1176 2109 ura
1199 2065 1257 2130 quc

57 2150 161 2232 (quod
184 2152 272 2218 idem
296 2153 376 2237 est);
410 2177 470 2240 pro
495 2159 703 2221 cautissima
734 2164 777 2221 cst
805 2156 914 2238 plures
944 2157 977 2218 et
999 2153 1149 2218 meliores
1172 2158 1258 2215 vetus

56 2263 131 2335 stat,
167 2260 255 2341 quod
289 2265 396 2326 ortum
433 2268 482 2328 est
511 2283 551 2328 ex
579 2271 709 2327 vetusta.
756 2263 879 2344 ltaque,
911 2261 1042 2325 sublata
1065 2259 1169 2324 inutili
1198 2257 1257 2322 cir-

57 2364 308 2445 cumlocutione,
332 2369 473 2451 primurn
497 2371 706 2436 scribendum
729 2374 793 2434 est:
819 2388 940 2453 arcqtce
962 2373 1082 2431 uetusta
1105 2368 1140 2429 iu
1157 2365 1256 2429 Pala·

57 2473 103 2533 tio
129 2470 240 2537 Febris
270 2482 298 2538 et
329 2476 432 2539 alteru
456 2476 611 2562 Esquiliis
643 2477 742 2542 Malu
775 2476 935 2540 Fouiuuoe.
990 2473 1114 2538 Deinde
1145 2475 1256 2536 autem

57 2581 94 2642 et
116 2577 321 2645 incommode
344 2587 419 2664 post
442 2581 652 2670 detestaturque
675 2586 782 2648 cmuiu
813 2583 945 2648 additur
972 2580 1134 2657 eiusmodi,
1170 2578 1257 2661 quod

57 2685 126 2749 iam
155 2686 240 2751 inest
269 2689 302 2752 in
331 2686 550 2775 detestuiuque,
586 2695 618 2757 et
650 2690 893 2774 perversissime
924 2690 1076 2753 dicuntur
1106 2685 1258 2750 ddesictc

58 2793 168 2855 niuniu
192 2813 254 2857 esse
277 2795 491 2877 repudianda,
516 2799 609 2879 quasi
626 2799 809 2881 quisquam,
834 2817 907 2878 quae
924 2796 1112 2870 detestetur,
1137 2810 1258 2857 canon

58 2900 226 2982 repudiet;
250 2922 310 2967 nec
334 2908 427 2968 erant
450 2904 513 2968 illae
536 2925 603 2970 arae
621 2905 802 2980 detestata,
827 2923 901 2985 quae
921 2902 1126 2975 colebantur;
1149 2918 1258 2964 rerum

61 3011 155 3072 erant
179 3008 458 3076 detestandarum.
498 3012 535 3076 In
558 3011 723 3076 codicibus
746 3031 813 3076 non
835 3010 959 3092 paucis,
983 3008 1111 3074 duobus
1127 3006 1259 3089 quidem

60 3115 261 3194 melioribus
290 3117 463 3182 Parisiensi
492 3121 526 3182 et
556 3120 644 3200 regio
667 3118 798 3195 Davisii,
823 3122 872 3181 ost
895 3117 1131 3199 detestataeque.
1177 3113 1260 3177 Scri-

61 3222 207 3287 bendum
239 3223 335 3305 igitur
371 3224 507 3301 videtur,
543 3225 657 3289 eadem
690 3223 935 3306 participiorum
963 3220 1145 3285 mutatione
1173 3219 1261 3283 lacta

62 3349 163 3411 quarn
186 3349 287 3412 supra
311 3332 376 3395 iam
400 3332 656 3396 commemoravi
679 3329 736 3411 (ad
759 3330 782 3406 Ι,
809 3330 860 3407 19,
885 3326 957 3410 boi:
985 3326 1187 3407 detestandae,
1210 3333 1261 3390 ut-

62 3456 121 3520 que
143 3437 250 3500 emnia
274 3437 427 3502 eiusmodi
448 3437 664 3521 repudianda.
699 3436 802 3501 Recte
826 3436 865 3513 ei,
890 3434 978 3517 quod
1001 3435 1043 3499 de
1066 3435 1131 3499 aris
1150 3433 1260 3515 singu-

61 3542 155 3606 latim
179 3542 300 3608 dictum
325 3547 405 3622 erat,
430 3544 562 3609 additur
586 3544 627 3607 de
652 3546 720 3608 toto
744 3561 863 3625 genere
885 3547 1097 3623 praeceptum.

152 3649 231 3732 Cap.
258 3651 308 3727 13,
344 3652 388 3715 32
419 3650 543 3715 editur:
586 3641 714 3734 Eponei
746 3649 990 3728 diuinationem,
1026 3667 1121 3732 quam
1157 3645 1263 3710 Groeci

61 3760 200 3833 μαντικήν
227 3757 398 3840 appellaui,
428 3778 492 3822 csse
515 3776 622 3821 censeo
645 3762 673 3819 et
696 3755 793 3820 buius
814 3755 897 3819 lianc
920 3755 1022 3837 iussum
1033 3759 1170 3836 partun,
1194 3772 1263 3837 quoe

63 3872 107 3926 est
136 3864 170 3927 iu
198 3863 312 3927 auibus
337 3866 505 3949 ceterisque
531 3864 633 3947 siquis
659 3863 838 3947 disciplina
868 3868 1002 3925 uostroe:
1036 3859 1134 3944 quud,
1168 3879 1263 3944 quum

62 3990 199 4034 summos
221 3969 294 4034 deos
317 3990 380 4033 csse
402 3970 620 4051 concedamus,
644 3990 812 4056 eorumque
834 3975 934 4032 mente
957 3965 1109 4030 muudum
1134 3967 1211 4049 cepi,
1235 3971 1264 4029 et

63 4076 231 4140 eorundem
255 4075 475 4161 beuiyuitutcm
498 4077 661 4141 homiuum
690 4076 852 4141 consulere
872 4075 992 4159 peueri,
1016 4078 1044 4136 et
1061 4091 1153 4155 posse
1176 4069 1265 4134 uobis

134 4344 228 4399 Cicero
246 4343 406 4413 scripserat;
434 4343 497 4398 inde
516 4343 620 4398 lactum
640 4348 680 4398 est
700 4344 801 4396 iudices
824 4338 909 4410 (quod
933 4340 961 4393 in
985 4338 1123 4393 codicibus
1141 4336 1263 4406 antiquis

134 4451 206 4505 saepe
225 4451 274 4504 per
292 4434 485 4504 compendium
505 4436 555 4487 iud
572 4432 720 4499 scribitur),
738 4436 884 4502 postquam
904 4444 937 4483 ex
951 4435 1080 4482 uoccuutc
1094 4433 1190 4482 natum
1205 4432 1265 4482 erat

136 4523 211 4591 (non)
230 4521 332 4591 sunto]
