2948 5206
696 288 762 354 91·

161 487 234 551 nenti
259 485 427 563 rideretur,
463 486 599 562 mutari3
634 483 702 563 sed,
738 503 839 567 quum
875 487 1025 552 mumudi
1055 488 1317 572 emendandique

160 592 253 656 initim
272 590 391 656 iactum
414 594 512 669 esset,
547 590 581 655 id
603 603 699 657 omne
723 590 932 658 efficiendum
956 600 1037 671 erat,
1072 594 1316 677 quodquidam

160 716 203 778 ego
218 698 243 761 iu
261 698 307 762 bis
329 698 533 763 orationibus
549 697 774 776 emendandis,
799 698 847 776 iis,
872 718 947 782 quae
968 706 1087 783 paratu
1110 704 1214 779 erant,
1238 703 1316 767 sub—

157 802 222 867 sidiis
248 804 428 882 instructus
462 803 593 869 efficere
626 823 713 872 nunc
747 807 909 887 poteram.
955 805 1100 871 Tantum
1135 808 1169 872 in
1199 825 1317 874 vocum

157 908 363 975 uribeudarum
386 911 523 988 ratione,
558 914 592 975 et
619 912 748 994 siquae
771 911 886 976 similis
908 912 1037 995 generis
1059 916 1145 990 sunt,
1181 913 1261 979 nihil
1284 915 1318 979 iu

156 1013 303 1081 itiusmodi
335 1016 479 1082 editione
509 1016 698 1082 novandum
721 1017 905 1083 videbatur.
951 1017 1001 1082 Ita
1030 1017 1154 1085 iactum
1185 1024 1246 1097 est,
1280 1025 1318 1086 ut

155 1121 187 1184 ab
210 1120 360 1189 Orelliana
393 1123 558 1193 Ciceronis
592 1145 729 1208 operum
763 1125 920 1202 editione,
962 1143 1061 1207 quam
1101 1127 1316 1209 corrigebam,

153 1245 282 1312 quumque
304 1231 338 1295 in
361 1231 542 1295 minoribus
565 1229 627 1296 illis
649 1231 722 1296 haec
743 1232 900 1314 sequitur,
930 1230 1003 1314 plus
1033 1250 1133 1314 quarn
1156 1233 1317 1298 sexcentis

153 1330 254 1400 totuin
275 1336 326 1401 bis
346 1336 408 1402 XII
430 1336 632 1402 orationibus
656 1336 887 1414 discederetur,
923 1354 1025 1420 quum
1052 1339 1181 1404 veriora
1209 1337 1317 1404 minus

152 1440 220 1518 rens,
250 1444 497 1509 auctoritatibus
521 1443 713 1509 confirmata
735 1443 867 1509 incertis
890 1441 1176 1522 substituerentur,
1206 1445 1317 1510 mani—

151 1545 211 1612 iesto
229 1550 350 1629 vitiosa,
375 1569 515 1633 quorum
538 1550 725 1616 emendatio
744 1569 810 1616 non
827 1556 1027 1633 suppeteret,
1050 1553 1252 1630 notarentur,
1277 1568 1317 1616 ea

149 1657 241 1733 auum,
263 1675 337 1739 quae
360 1657 407 1722 ita
429 1656 668 1722 dubitationem
691 1656 815 1721 habere
839 1657 1036 1735 riderentur,
1065 1660 1103 1722 ut
1124 1660 1238 1722 tamen
1260 1661 1317 1723 aut

148 1758 209 1825 iuba
227 1781 295 1828 me
320 1763 478 1829 affirmari
500 1782 567 1829 nou
589 1766 710 1846 posset,
740 1766 807 1842 aut,
836 1764 893 1828 ubi
916 1764 1016 1828 situm
1039 1767 1127 1828 esset
1148 1763 1315 1840 mendum,

146 1869 279 1964 tonitui,
302 1871 426 1935 intacta
442 1870 712 1953 relinquerentur.
747 1870 868 1934 Verum
885 1870 982 1934 huius
999 1871 1217 1935 curaecriticoe
1229 1871 1317 1935 fruc·

121 1976 205 2051 ‘tint
224 1976 250 2040 si
272 1979 345 2060 quis
368 1981 428 2056 est,
451 1977 524 2042 haec
546 1977 645 2043 editio
670 1978 828 2054 continet3
857 1975 1112 2059 disputationem
1135 1978 1317 2043 rationum·

145 2097 193 2158 que
216 2085 448 2166 expositionem
479 2103 544 2150 non
575 2084 773 2149 admittebat
803 2081 983 2149 consilium.
1033 2083 1158 2165 ltaque-
1177 2084 1226 2161 iis,
1261 2086 1318 2167 qui

144 2184 198 2251 mc
221 2193 335 2255 curant
363 2189 456 2272 (nam
479 2190 627 2273 discipuli
650 2210 717 2256 non
739 2187 997 2271 desiderabunt),
1026 2208 1068 2254 ne
1096 2189 1193 2272 plane
1221 2189 1317 2256 dees·

143 2311 205 2369 sen,
228 2301 260 2360 et
281 2299 320 2361 ut
341 2301 476 2380 possent
498 2297 591 2375 scire,
621 2297 699 2380 quid
723 2301 947 2380 qrrantumque
971 2286 1135 2363 mutatum
1159 2303 1255 2374 esset,
1285 2301 1317 2362 et
1392 2323 1398 2335 ·

143 2418 174 2463 er
193 2407 280 2484 parte
307 2404 419 2481 etiam,
455 2422 521 2486 qua
549 2406 755 2481 auctoritate,
790 2404 1012 2486 discrepantes
1042 2403 1219 2493 scripturas
1248 2402 1317 2467 edi·

143 2505 218 2573 buis
238 2509 412 2575 Orellianoe
435 2511 469 2574 in
491 2512 558 2575 ima
581 2512 701 2593 pagina
724 2512 771 2575 ita
794 2509 962 2591 adscripsi,
985 2513 1032 2587 ut,
1063 2510 1119 2574 ubi
1143 2528 1184 2574 ex
1207 2507 1317 2574 Orellii

143 2612 258 2680 editione
282 2618 435 2681 universe
458 2617 592 2700 intelligi
615 2620 735 2699 posset,
760 2617 865 2700 qualis
883 2618 1052 2700 scripturae
1070 2637 1089 2680 a
1106 2636 1159 2680 me
1177 2620 1317 2700 receptae

144 2717 197 2784 lons
217 2731 309 2800 emet,
332 2723 413 2788 nibil
437 2723 604 2801 adderem,
628 2725 685 2789 ubi
705 2743 780 2788 mea
797 2725 958 2807 scriptura
976 2723 1019 2788 ab
1036 2722 1156 2788 Orellio
1174 2742 1318 2789 comme·

144 2833 246 2893 morata
268 2849 334 2895 non
359 2833 455 2907 esset,
485 2834 572 2894 esset
599 2835 711 2894 tamen
739 2830 934 2913 deprompta
958 2849 998 2894 ex
1021 2833 1184 2913 apparatu
1208 2830 1317 2894 critico

143 2933 175 2996 ab
192 2936 425 3014 abiscotlecto,
450 2937 677 3019 significarem,
702 2937 908 3001 codicibusne
933 2936 1045 3000 aliisve
1069 2936 1318 3000 auctoritatibus

143 3057 173 3103 an
191 3044 379 3108 coniecturas
404 3043 589 3119 deberetur,
621 3044 774 3125 idemque
798 3043 951 3120 iacerem,
981 3042 1037 3107 ubi
1061 3049 1318 3107 commemorata

142 3148 250 3226 uidem
274 3149 364 3232 apud
388 3149 545 3215 Orellium
568 3152 729 3233 scriptura
757 3153 852 3225 esset,
889 3149 947 3214 sed
977 3168 1051 3213 curn
1080 3148 1234 3231 singulari
1259 3149 1318 3213 ali·

141 3273 189 3334 quo
208 3277 327 3340 errore,
350 3257 582 3323 nonnullarum
601 3259 836 3339 scripturarum
853 3275 940 3320 nunc
957 3255 1099 3338 primurn
1115 3255 1317 3338 prolatarum

142 3359 227 3429 tontes
254 3364 474 3443 ostenderem,
509 3364 668 3453 quicquid
698 3365 837 3446 denique
872 3383 947 3428 mea
981 3364 1167 3428 coniectura
1201 3362 1318 3426 ductus

138 3473 313 3549 uuussem,
350 3473 539 3537 indicarem.
586 3472 738 3537 Codicem
770 3469 1008 3544 Erfurtensem,
1044 3488 1084 3532 ex
1115 3488 1194 3550 quo,
1230 3468 1372 3549 quod11³

137 3580 161 3638 et
179 3580 318 3660 optimus
343 3585 393 3643 est
415 3583 451 3643 et
473 3578 542 3642 iere
566 3577 653 3642 solus
676 3581 827 3641 accurate
852 3575 998 3653 collatus,
1029 3576 1063 3638 in
1093 3574 1216 3656 aliquot
1243 3592 1317 3638 ora·

137 3683 262 3750 tionibus
286 3685 392 3752 multa
414 3685 575 3750 sumenda
595 3688 698 3760 erant,
723 3683 915 3747 nominatim
934 3682 1127 3765 plerumque
1145 3681 1317 3763 appellavi,

136 3795 243 3857 reterns
267 3812 353 3869 raro,
383 3791 546 3856 interdum
575 3810 616 3855 ne
641 3809 755 3854 eorum
778 3790 956 3854 auctoritas
979 3788 1062 3853 falso
1085 3787 1318 3852 obtenderetur

135 3899 287 3981 scripturis
311 3919 332 3963 a
356 3919 409 3963 me
433 3900 569 3964 reiectis.
616 3898 736 3961 Verum
760 3895 832 3960 haec
860 3899 928 3960 tarn
960 3895 1067 3960 brevis
1091 3893 1259 3957 annotatio
1282 3899 1318 3956 ut

135 4001 217 4070 fidem
251 4007 361 4071 iacere
396 4008 513 4087 potest,
548 4005 627 4069 nihil
657 4023 736 4069 casu
765 4005 937 4078 variatum,
973 4004 1032 4078 ita,
1069 4020 1168 4083 quam
1197 3998 1318 4079 ubique

136 4113 317 4178 emendandi
340 4114 501 4177 rationem
530 4116 564 4175 et
592 4114 679 4176 viam
709 4114 840 4175 secutus
868 4110 940 4185 sim,
974 4126 1014 4171 ex
1049 4127 1088 4170 ea
1122 4124 1188 4171 non
1223 4105 1317 4169 intel·

136 4213 236 4296 ligitur,
261 4219 359 4302 idque
383 4218 545 4285 difficilius
568 4221 775 4301 perspectum
800 4218 838 4281 iri
861 4215 956 4279 video
979 4217 1113 4296 propter
1136 4215 1316 4295 apparatus

137 4323 231 4401 critici,
254 4343 319 4407 quo
342 4327 376 4390 in
399 4326 449 4389 his
473 4326 675 4389 orationibus
693 4325 824 4399 utimur,
848 4341 961 4405 genus.
996 4321 1036 4384 Et
1054 4320 1169 4383 ceteris
1186 4318 1317 4400 quidem

137 4429 257 4496 sufficiet
281 4432 421 4497 fortasse
444 4431 520 4495 fidei
544 4435 578 4495 et
600 4431 758 4495 cautionis
782 4429 957 4512 professi03
993 4426 1082 4508 apud
1110 4446 1166 4491 eos
1195 4430 1317 4497 autem,

137 4536 182 4614 qui
202 4538 341 4603 iudicare
359 4537 422 4620 ipsi
440 4538 480 4601 de
498 4538 560 4603 hoc
577 4556 695 4619 genere
719 4537 842 4612 volunt,
866 4538 950 4600 inter
968 4553 1049 4615 quos
1067 4535 1164 4597 erunt
1180 4533 1317 4597 fortasse
