2948 5206
654 324 718 389 273

127 520 203 595 partes
220 516 379 597 actionem
403 517 576 595 distribuit,
601 520 739 584 alteram
757 516 957 601 argumentis
974 521 1006 581 et
1023 516 1169 581 oratione
1194 535 1282 579 com-

127 621 289 701 prehensam,
325 623 477 704 priorem,
512 625 650 691 alteram
680 626 949 708 subsequentem,
985 625 1116 688 testium
1144 623 1282 686 interro·

126 724 293 809 pionem.¹)
346 730 384 794 In
418 731 589 796 duodecim
624 732 686 797 illis
721 733 922 798 orationibus
957 734 1023 794 tres
1058 732 1152 795 erant
1185 728 1282 792 huius

126 835 215 914 ameris
235 834 305 914 loci,
329 856 469 917 quorum
491 839 644 921 primum,
670 839 725 922 qui
748 838 901 903 exstabat
923 838 955 901 in
976 836 1069 902 Catil.
1088 836 1125 912 ll,
1151 835 1203 912 13,
1228 835 1281 910 29,

126 938 171 1022 ipae
187 941 346 1024 Zumptius
369 943 402 1006 in
425 946 616 1027 appendice,
652 946 882 1010 animadversa
910 944 1081 1009 insolentia
1113 943 1282 1023 scriptura}

125 1065 177 1112 ase
194 1049 335 1126 inductae,
359 1049 493 1116 adeam
513 1053 669 1117 tuendam
688 1053 813 1128 attulit3
837 1053 882 1117 ibi
899 1071 959 1133 pro
970 1051 1113 1134 precari,
1136 1049 1284 1111 ‘venerari

125 1160 186 1239 atqua
204 1155 371 1240 implorare
400 1157 485 1221 edidi
502 1161 646 1242 precari,
682 1161 839 1241 *uenerari
875 1159 1055 1242 implorare,
1091 1157 1222 1220 secutus
1251 1157 1284 1217 et

126 1258 229 1325 odam
263 1252 405 1345 aliquem
441 1268 473 1329 et
507 1265 542 1330 C.
575 1265 779 1348 Stephanum
814 1269 848 1330 et
881 1265 1038 1330 editiones
1073 1261 1216 1327 a.1472
1250 1264 1283 1324 et
1297 1274 1335 1314 ³³⁶

127 1364 191 1431 1480.
228 1368 263 1432 ln
286 1368 382 1435 Catil.
405 1371 446 1434 IV
473 1376 584 1438 autem
615 1392 642 1437 c.
667 1373 698 1450 2,
728 1372 759 1449 3,
794 1373 851 1437 ubi
880 1376 950 1436 erat
981 1370 1163 1435 exanimato
1191 1388 1283 1447 uuor,

126 1469 210 1536 admo
230 1483 312 1539 mma
338 1476 411 1558 filia
439 1485 468 1541 et
489 1479 649 1562 parvulae
675 1478 772 1560 filius,
808 1499 848 1544 ex
877 1479 947 1543 cod.
971 1475 1153 1542 Erfurtensi
1181 1478 1215 1539 et
1243 1493 1283 1537 ex

126 1574 203 1644 bien
224 1581 388 1647 veteribus
412 1584 608 1650 editionibus
633 1593 662 1649 et
685 1585 789 1650 adieci
818 1589 894 1650 ante
918 1584 1053 1660 eliacim
1088 1581 1282 1661 necessario,

126 1685 183 1763 qud
200 1685 232 1752 lit
247 1689 416 1769 particula
439 1691 563 1769 addita,
587 1693 621 1756 in
643 1691 777 1775 singulis
801 1691 957 1756 membris
982 1689 1085 1773 magis
1108 1687 1283 1760 insistitur;

126 1792 259 1858 ostendunt
282 1794 411 1860 adiecta
433 1798 477 1862 ab
508 1802 637 1865 oratore
660 1799 841 1881 participia.
887 1798 925 1862 ln
952 1797 1099 1862 eiusdem
1128 1792 1283 1861 orationis

126 1900 178 1973 tl,
205 1901 223 1965 8
253 1920 355 1983 quam
386 1905 571 1970 necessaria
602 1910 736 1989 propter
767 1907 848 1971 alias
878 1924 995 1969 causas
1023 1906 1111 1968 esset
1133 1899 1282 1966 Lambini

126 2018 190 2069 unam
214 2007 355 2072 litteram
384 2009 579 2092 duplicantis
603 2013 789 2078 emendatio
818 2011 859 2094 (et
890 2010 1006 2094 dipnos
1033 2009 1145 2074 scelere
1173 2025 1232 2088 pro
1256 2012 1283 2069 et

125 2105 190 2193 lam
207 2114 328 2191 scelere,
363 2118 401 2179 ut
429 2136 449 2182 a
478 2120 580 2183 sancit
608 2139 729 2185 novum
758 2119 944 2184 membrum
973 2113 1121 2196 oriatur),
1156 2111 1282 2178 ostendi

125 2212 256 2285 banni.
280 2221 323 2285 de
347 2223 476 2287 emend.
500 2223 645 2291 locorum
669 2227 793 2309 aliquot
809 2226 874 2291 Cic.
898 2229 994 2291 oratt.
1012 2223 1128 2307 (supra
1143 2242 1175 2303 p.
1194 2217 1281 2300 172).

125 2318 179 2389 l'tu
196 2347 250 2409 pro
268 2327 407 2408 311133,
432 2329 474 2394 91
497 2334 628 2397 tantum
652 2333 850 2398 admonendi
873 2337 967 2398 erant
988 2333 1136 2407 lectores,
1159 2346 1200 2392 ne
1223 2345 1281 2391 vo·

125 2428 236 2498 alum
257 2435 421 2520 simulari
442 2436 634 2504 divellerent
662 2434 682 2505 'a
704 2439 848 2521 senuna.
894 2440 931 2504 ln
958 2438 1090 2520 reliquis
1119 2435 1179 2499 illis
1207 2452 1282 2499 ora·

125 2532 226 2605 bibus
247 2541 401 2608 omnibus
424 2564 526 2609 unum
544 2545 677 2611 memini
695 2565 777 2625 esse,
802 2546 890 2628 quod
908 2545 1105 2611 contrarium
1122 2541 1281 2615 videatur,

125 2648 279 2728 exemplum,
304 2669 364 2731 pro
388 2650 471 2716 Sest.
496 2653 549 2731 65,
576 2652 655 2730 1373
684 2653 744 2718 sed
767 2654 895 2718 videtur
918 2656 1063 2727 tantum3
1094 2669 1172 2713 nam
1196 2646 1284 2709 bortis

125 2747 174 2815 tirio
191 2773 244 2835 pro
267 2775 333 2821 uno
356 2776 428 2821 esse
452 2759 623 2835 vocabulo,
648 2760 699 2824 cui
724 2760 884 2824 adiectiva
903 2759 1121 2840 adiungantur
1145 2754 1282 2837 (sapien-

122 2852 176 2920 tia
194 2868 218 2923 et
239 2861 313 2926 berae
334 2871 455 2927 notura
478 2863 675 2947 constitutis),
699 2866 779 2930 ordo
802 2867 872 2948 ipse
893 2864 1125 2929 vocabulorum
1146 2862 1280 2924 demon·

121 2964 183 3029 snt.
222 2969 304 3033 Nam
328 2990 388 3051 pro
411 2970 515 3037 Balbo
538 2974 568 3050 6,
596 2975 636 3036 16
661 2971 827 3055 (praescita,
852 2979 980 3055 experta
1000 2978 1091 3055 atque
1103 2965 1282 3052 perspecta)

120 3064 311 3141 innumerum
335 3077 467 3142 omnino
490 3098 556 3143 non
579 3080 695 3155 refero,
731 3084 767 3143 ut
795 3079 852 3143 ubi
880 3078 973 3143 codd.
1003 3096 1068 3141 non
1097 3072 1281 3154 interpolati

119 3173 228 3246 habeam
250 3186 381 3247 tantum
409 3193 501 3270 atque
523 3193 700 3270 perspecta,
735 3185 841 3261 unius,
876 3204 942 3249 non
971 3183 1108 3248 duorum
1138 3178 1281 3244 vocabu·

115 3277 192 3350 burm
213 3286 341 3355 deiectu
365 3292 523 3357 mendosi.
564 3293 599 3356 ln
622 3291 726 3357 libril
750 3291 791 3355 de
809 3296 937 3357 oratore
962 3289 1061 3367 0:43,
1088 3288 1150 3353 194
1174 3284 1280 3371 (paron

115 3408 187 3474 urar,
215 3395 314 3461 tuclus
337 3405 429 3482 acque
452 3399 596 3464 tenedus
619 3398 709 3462 labor
731 3397 910 3479 honoribus,
934 3398 1090 3481 proenaiia,
1118 3391 1283 3478 piamine

115 3491 265 3583 moratur)
288 3503 367 3586 quid
390 3504 432 3568 sit
455 3506 557 3586 pravi,
583 3505 767 3587 expositum
791 3508 840 3569 est
863 3523 937 3569 meo
954 3504 1123 3569 admonitu
1139 3502 1173 3565 in
1190 3499 1281 3563 Hen-

115 3601 233 3672 ielrsenii
260 3609 326 3674 mei
355 3612 582 3688 annotatione;
618 3613 672 3694 qui
707 3612 795 3694 quod
824 3631 864 3675 ex
892 3610 1037 3675 codicum
1068 3605 1281 3673 varietatibus

115 3710 167 3799 ihil
185 3734 224 3779 eo
246 3715 318 3781 loco
341 3719 489 3782 concludi
513 3740 610 3800 posse
634 3720 721 3795 dicit,
747 3719 823 3799 quia
847 3737 960 3781 omnes
979 3737 1018 3780 ex
1035 3736 1101 3780 uno
1118 3710 1280 3777 Laudensi

115 3823 249 3895 urerint,
283 3822 319 3886 id
354 3832 465 3889 tamen
501 3826 716 3902 concluditur,
752 3844 817 3889 non
854 3831 1011 3899 constare,
1048 3822 1125 3905 quid
1159 3820 1192 3883 in
1227 3818 1281 3881 illo

115 3930 188 3993 ierit.
234 3929 423 3995 Oecultaret
446 3936 575 4013 partem
598 3932 719 4008 mendi,
757 3933 811 4013 qui
843 3951 883 3994 ex
906 3935 1060 4012 quattuor
1084 3926 1177 3992 codd.
1202 3924 1280 3989 scri-

115 4228 131 4293 'l
147 4233 188 4287 De
213 4232 439 4286 annotationibus
463 4233 628 4300 quibusdam
652 4250 684 4285 ex
714 4233 836 4299 margine
864 4238 911 4285 ant
939 4231 1033 4299 spatiis
1061 4227 1281 4283 interlinearibus

150 4322 177 4374 in
199 4327 305 4374 textum
326 4321 451 4374 omniurn
476 4322 553 4374 codd.
573 4322 655 4376 huius
679 4321 765 4389 partis
789 4322 904 4389 receptis
929 4321 1000 4374 inira
1024 4320 1121 4372 dicam.
1164 4318 1281 4371 Causam

149 4411 219 4463 falso
238 4409 393 4477 explicandi
418 4415 445 4463 et
470 4410 568 4463 deinde
593 4409 775 4477 interpolandi
799 4410 904 4463 ostendi
929 4426 988 4463 esse
1016 4409 1042 4461 in
1072 4425 1112 4471 e0,
1141 4407 1214 4476 quod
1243 4422 1281 4458 se

146 4498 244 4568 quitur
263 4498 373 4551 inverso
392 4498 487 4551 ordine
506 4499 686 4552 coniunctim:
718 4501 905 4566 interropcmdi
921 4500 1048 4565 saccellus,
1073 4497 1283 4565 ‹rrprcrnentaadi

143 4590 317 4655 dicendique.

1037 4672 1070 4725 18
