2948 5206
216 102 252 168 C.
275 104 331 179 41,
361 103 654 169 89.circumfertur
675 104 709 169 in
733 105 929 169 editionibus
953 105 1103 170 Lambini
1128 107 1329 171 coniectura:

132 208 206 274 Esse
227 211 296 273 iam
320 230 336 273 e
358 210 542 294 republica
565 210 648 293 (aliiz
673 211 783 305 Etiam
806 208 994 295 erepere.)
1018 212 1163 294 credidit,
1186 220 1231 294 ut,
1256 233 1330 299 quo·

131 317 216 379 iriam
246 315 310 381 eibi
335 317 373 380 in
394 317 484 380 illum
508 317 627 402 lepidus
649 321 697 383 uti
719 339 782 383 reon
804 320 920 400 liceret,
954 319 1043 384 illius
1073 320 1136 383 rim
1166 340 1264 406 oeque
1293 321 1330 383 in

132 443 184 487 ruo
205 443 306 509 neque
327 423 364 486 in
387 425 436 486 rei
451 423 590 507 publice
606 424 750 507 periculo
770 426 1009 508 pertimesceret,
1034 429 1103 491 eta
1119 425 1213 492 codd.
1229 425 1329 491 vesti·

132 530 185 612 giis
208 549 345 612 prorsus
368 530 525 617 recedens
549 535 582 594 et
604 550 723 613 pamm
746 534 835 613 apta.
871 531 954 596 Nam
979 536 1129 614 apertum
1154 536 1213 610 est,
1238 532 1330 598 Cice·

133 656 242 702 ronem
260 637 405 720 primum
421 636 539 715 dicere,
556 657 630 719 quae
645 639 821 720 propositae
838 637 975 703 fuissent
987 639 1097 704 Miloni
1113 639 1329 719 condiciones,

135 742 257 821 deinde,
292 743 344 808 his
378 763 454 808 eum
490 746 537 809 uti
570 764 636 809 non
670 746 815 827 potuisse
846 765 907 810 nec
938 746 1101 824 debuisse,
1136 750 1216 823 tum,
1252 745 1331 828 quid

136 848 265 914 iecerit·
297 849 448 932 Ineptum
473 855 522 916 est
545 851 642 934 igitur
664 850 810 930 credidit,
838 872 898 916 nec
925 852 1078 918 Latinum
1107 874 1123 916 e
1145 873 1180 916 re
1197 852 1330 936 publiea
1343 873 1384 915 aa

137 976 193 1021 esee
213 957 319 1039 credo,
348 965 382 1022 ut
403 957 537 1040 faciam.
547 953 573 1039 1)
619 958 683 1023 Sed
706 958 740 1022 in
763 958 834 1023 cod.
858 958 933 1023 Par.
957 963 1007 1024 est
1031 960 1330 1043 etiameripereeicit,

138 1062 283 1129 inBern.
307 1065 603 1148 etiameripireeicit.
650 1064 807 1130 Gruterus
832 1066 941 1130 esuis
971 1070 1004 1130 et
1033 1065 1184 1131 Gulielmi
1212 1066 1331 1131 codici·

138 1170 191 1235 bus
212 1170 294 1235 nihil
317 1171 443 1236 notarit
465 1191 485 1236 a
514 1175 584 1235 tum
611 1170 744 1253 vulgata
772 1169 818 1253 (id
847 1175 906 1249 est,
941 1171 1042 1236 Herv.
1067 1176 1100 1237 et
1122 1169 1240 1255 Naug.)
1265 1173 1331 1238 dis·

141 1295 272 1360 crepans
303 1276 412 1359 (etiam
443 1279 526 1362 eripi
555 1274 684 1358 reiecit).
739 1278 787 1341 Ex
814 1278 889 1343 Par.
914 1278 1086 1361 scriptura,
1121 1299 1187 1344 una
1223 1278 1332 1345 littera

140 1382 160 1447 Ε
179 1385 212 1448 in
234 1384 261 1448 F
283 1387 412 1449 mutata
435 1387 469 1448 et
492 1384 505 1446 l
527 1383 668 1462 sublata,
693 1383 847 1448 efficitur:
883 1384 1031 1467 Perfecit,
1063 1393 1108 1464 ut,
1140 1386 1228 1469 quod
1256 1406 1331 1469 gra·

141 1488 300 1554 vissimum
331 1494 365 1562 et
395 1491 600 1573 aptissimum
632 1494 682 1555 est
709 1491 813 1555 tertiae
838 1496 870 1555 et
894 1494 1049 1558 extremae
1072 1492 1175 1574 partis
1198 1496 1330 1558 senten-

143 1597 196 1673 tiae,
217 1602 256 1663 ut
278 1598 355 1676 dixi,
379 1592 553 1679 initium.²)
587 1597 712 1662 Deinde
736 1596 817 1662 vidit
839 1599 906 1662 iam
930 1602 1007 1662 ante
1022 1598 1084 1663 tria
1100 1618 1195 1681 paene
1210 1600 1331 1665 saecula

143 1700 305 1781 Manutius,
329 1704 418 1787 quod
440 1703 564 1769 homini
587 1704 630 1769 ad
653 1704 891 1769 sententiarum
914 1703 1205 1770 conformationem
1223 1710 1331 1771 atten-

146 1807 220 1874 denti
253 1831 320 1876 non
354 1831 433 1876 sane
469 1811 599 1876 difficile
634 1810 695 1875 suit
729 1809 776 1892 (et
810 1815 922 1875 tamen
956 1831 1053 1876 nemo
1085 1815 1201 1894 postea
1235 1812 1331 1890 vidit;

148 1913 279 1995 duellius,
303 1937 406 1999 quum
429 1919 462 1983 in
486 1922 630 1982 mentem
653 1919 806 1995 venisset,
830 1919 940 1983 nescio
958 1938 1001 1982 an
1017 1937 1058 1983 ex
1074 1918 1210 1984 Manutii
1228 1939 1331 1985 anno-

149 2023 264 2103 tatione,
288 2024 389 2089 etiam
407 2022 548 2105 abiecit),
575 2059 615 2069 -
639 2024 729 2101 vidit,
753 2023 897 2106 inquam,
922 2044 1023 2107 quum
1040 2024 1103 2090 tria
1120 2025 1192 2090 haec
1208 2046 1332 2108 praece·

152 2128 261 2197 derent:
299 2132 441 2197 Cervices
467 2131 614 2195 tribunus
635 2131 738 2216 plebis
762 2133 892 2215 privato
918 2167 957 2175 —
982 2131 1097 2195 daret?
1130 2154 1174 2196 ori
1202 2154 1332 2211 causam

153 2246 304 2323 animem
316 2237 498 2323 aflliqeret?
518 2259 563 2302 on
584 2259 617 2302 se
640 2238 726 2302 domi
749 2237 941 2302 contineret?
961 2237 1005 2302 ad
1028 2238 1093 2303 duo
1112 2240 1221 2321 priora
1237 2259 1332 2305 accu-

155 2345 208 2408 rate
226 2346 354 2411 referri:
390 2344 434 2409 nt
455 2346 538 2409 rioci
567 2352 659 2428 turpe
676 2346 804 2429 peterit
827 2343 982 2427 (cervices
1006 2343 1099 2426 dare)
1127 2353 1155 2409 et
1177 2345 1333 2411 deterreri

156 2445 278 2528 (musam
302 2453 448 2535 affligere
471 2456 505 2517 et
526 2450 733 2535 relinquere),
758 2451 890 2516 tertium
909 2451 1097 2517 desiderari.
1133 2452 1169 2515 ld
1188 2451 1331 2534 (mathe-

157 2558 250 2623 matice
283 2560 355 2625 haec
387 2559 603 2624 demonstrari
631 2557 781 2641 possunt)
816 2559 896 2623 latet
930 2561 963 2623 in
998 2559 1066 2623 istis
1102 2560 1255 2635 etiameri,
1292 2579 1332 2624 ex

159 2662 249 2740 qubus
283 2665 423 2730 efficitur
457 2674 484 2730 et
518 2667 615 2729 tatere
650 2666 752 2747 (domi
780 2685 816 2729 se
845 2663 1034 2746 continere).
1081 2665 1279 2730 infinitivum
1303 2667 1330 2730 si

160 2769 211 2847 quis
230 2771 379 2838 ductibus
402 2774 572 2855 scripturae
596 2773 743 2837 codicum
767 2773 952 2854 propiorem
981 2772 1170 2853 reppererit,
1208 2772 1330 2836 substi-

160 2874 223 2953 tuet;
244 2866 299 2944 sed
324 2882 531 2961 reperturum
554 2881 608 2942 vix
632 2879 738 2954 credo,
764 2880 818 2960 qui
843 2879 973 2961 quidem
999 2881 1096 2960 aptus
1120 2880 1177 2955 sit3
1201 2899 1260 2943 nec
1279 2879 1331 2944 hic

161 2980 231 3048 valde
251 2986 387 3051 discedit
410 2984 501 3068 (nam
525 2987 537 3047 i
559 3006 619 3067 pro
643 3006 658 3048 e
682 2986 805 3049 factum
830 2989 878 3050 est
901 2986 1033 3067 reliquis
1050 2987 1116 3050 iam
1135 2985 1221 3049 male
1239 2986 1330 3050 iunc-

162 3081 198 3161 tis,
221 3093 232 3152 i
257 3096 289 3157 et
320 3093 331 3156 l
359 3096 518 3175 perpetuo
542 3089 808 3172 commutantur).
855 3092 907 3156 Sic
932 3096 981 3156 est
1004 3092 1100 3174 igitur
1124 3091 1213 3157 locus
1237 3093 1331 3156 resti-

164 3189 286 3264 tuendus:
317 3198 360 3263 Et
382 3200 467 3263 ‘rinei
488 3207 580 3283 turpe
597 3199 724 3282 pertarit
747 3205 775 3261 et
798 3197 952 3263 deterreri
975 3206 1003 3263 et
1026 3199 1133 3264 latere.
1180 3198 1328 3282 Perfecit,

166 3303 196 3378 lt,
213 3308 349 3385 mnam
372 3311 434 3372 cet.

229 3410 258 3476 C.
278 3415 333 3490 42,
366 3414 406 3479 91
440 3414 582 3495 primum
615 3431 633 3475 e
665 3411 758 3475 codd.
791 3410 865 3475 Par.
896 3416 929 3476 et
957 3413 1075 3476 Bemn.
1106 3411 1331 3493 reponendum

168 3505 276 3584 litetur:
301 3520 379 3600 Quis
396 3520 480 3584 enim
496 3526 652 3596 matrerm
676 3525 811 3582 oestrum
829 3518 929 3600 paulo
947 3524 997 3584 est
1018 3519 1233 3601 arrogantius,
1257 3522 1333 3583 tan·

169 3628 241 3691 lltln
258 3626 378 3691 iudices
400 3626 472 3691 haec
496 3624 620 3690 doceat.
656 3624 780 3689 Deinde
804 3625 894 3690 locus
918 3625 1068 3690 obiicitur
1085 3625 1180 3689 valde
1202 3629 1332 3690 contro·

171 3784 398 3813 χ0--

193 3889 209 3958 ¹)
222 3898 311 3967 [Dicere
328 3910 476 3965 debebam:
504 3927 552 3963 nec
574 3911 795 3974 Ciceronianam
824 3908 891 3963 dixit
905 3909 988 3963 enim
1007 3908 1121 3962 Plautus
1140 3908 1238 3963 Pseud.
1258 3910 1278 3973 l,
1307 3909 1333 3974 3,

225 3989 274 4050 104:
292 4000 334 4053 Ere
351 4008 401 4053 tuo
418 4016 449 4052 re
461 4017 515 4053 non
528 4007 575 4066 eat,
593 4006 623 4051 ut
635 4015 683 4065 eqo
694 4000 822 4060 emoriar,
841 3998 1019 4065 similiterque
1032 3997 1175 4056 Terentius
1188 3997 1272 4051 Andr.
1287 3997 1333 4063 lll,

226 4076 245 4141 3,
259 4083 295 4152 14,
313 4089 377 4143 Hec.
396 4089 428 4157 V,
447 4087 473 4153 3,
491 4085 547 4155 36]

197 4152 214 4221 ¹)
227 4167 284 4227 Fecit
299 4193 323 4231 r.
341 4180 425 4246 effecit
444 4177 499 4231 iam
518 4177 623 4247 aliquot
641 4176 741 4229 abhinc
760 4175 860 4229 saecula
879 4174 1062 4228 coniectatum
1082 4181 1131 4229 est.

1072 4262 1121 4316 al*
