2948 5206
660 307 723 372 287

141 518 205 580 quan
222 503 254 564 ut
275 503 354 581 apta
384 502 539 566 orationis
564 501 670 567 forma
701 503 892 567 restituatur
920 508 951 567 et
979 503 1085 579 simul,
1122 523 1220 585 quarn
1250 505 1291 568 sit

139 606 244 671 aueum
265 606 409 690 vestigiis
433 607 554 690 ubique
577 608 793 673 insistendum
817 607 851 671 in
879 608 1028 673 tollendis
1052 610 1188 686 mendis,
1217 630 1291 692 quae

138 711 320 795 interpolando
350 714 512 779 occultata
543 718 629 791 sunt,
664 735 749 780 novo
780 715 929 796 exemplo
960 717 1160 780 ostendatur.
1208 717 1291 781 Nam

136 820 197 896 eu,
216 821 256 884 60
271 820 396 884 editur:
420 822 523 906 Atque
547 821 587 884 ab
610 822 764 905 Aproui0,
787 821 917 903 iudices,
941 823 1064 886 bouriue
1086 824 1119 886 iu
1144 823 1292 887 dedecore

135 932 190 1007 uate,
207 960 246 971 —
269 928 401 1012 equitem
425 927 605 992 Raraunum
634 930 739 992 scitote
768 928 897 991 biduum
927 929 992 992 cibo
1016 937 1156 1014 tectoque
1182 930 1292 1012 probi·

134 1028 198 1094 litum
224 1035 284 1097 cet.
330 1033 398 1098 Res
432 1035 499 1098 iarn
534 1034 582 1112 iis,
618 1055 692 1116 quae
726 1035 872 1117 proxime
909 1035 1116 1115 antecedunt,
1151 1036 1293 1100 breviter

133 1141 331 1220 conprehensa
355 1144 425 1205 erat
449 1139 627 1224 (Leontinis
648 1142 683 1205 iu
701 1141 827 1225 publico
852 1141 981 1206 biduum
1004 1141 1131 1224 tenuit);
1159 1143 1217 1208 sed
1241 1162 1292 1207 re·

133 1245 186 1323 petit
201 1245 285 1309 idem
310 1251 429 1324 orator,
454 1252 491 1313 ut
513 1248 715 1331 gravioribus
739 1251 847 1314 verbis
872 1254 905 1314 et
927 1250 1053 1332 plenius
1076 1269 1112 1314 re
1130 1250 1292 1331 descripta

133 1348 349 1434 hominibusque
377 1356 498 1419 notatis
527 1355 664 1433 dicatur,
701 1356 806 1437 qualis
841 1356 929 1439 quali
957 1357 1107 1421 iniuriam
1137 1357 1292 1421 attulerit.

132 1453 188 1537 ugo
205 1465 295 1544 utque
317 1478 394 1537 non,
419 1465 454 1524 ut
470 1461 639 1544 Zumptius
656 1462 712 1538 ait,
736 1466 844 1546 potest
860 1463 985 1539 abesse,
1010 1463 1069 1527 sed
1086 1463 1184 1527 debet
1200 1449 1292 1545 prorss

133 1580 168 1625 us
183 1565 210 1628 in
231 1566 286 1629 tali
312 1565 428 1630 forma.
474 1567 599 1632 Deinde
631 1570 663 1633 in
695 1571 758 1633 hac
781 1569 915 1651 Apronii
947 1590 1096 1652 personae
1125 1571 1293 1634 notatione

132 1667 196 1748 piene
216 1672 328 1753 utique
351 1673 566 1755 appellandus
590 1679 650 1749 est,
682 1675 804 1752 addito,
836 1681 872 1740 ut
899 1695 1029 1759 semper
1051 1677 1084 1740 in
1107 1677 1293 1741 huiusmodi

132 1779 241 1843 outone
263 1778 311 1853 tit,
335 1781 546 1862 praenomine.
592 1781 661 1845 lam
685 1781 724 1843 ab
748 1782 934 1863 praepositio
958 1784 1052 1846 abest.
1075 1803 1094 1847 a
1118 1783 1293 1865 plerisque,

133 1883 149 1945 si
164 1904 214 1950 non
239 1886 404 1957 omnibus,
440 1877 545 1964 codd,
581 1889 679 1951 etiam
714 1888 821 1952 minus
852 1887 946 1952 bonis
977 1886 1123 1970 (Lagom.
1156 1892 1293 1971 septem,

132 1986 362 2073 Puisiensibus);
398 1994 430 2056 in
459 1993 561 2078 Atque
585 1994 728 2078 Apronio
757 1995 837 2059 latet
865 1997 987 2076 ipsum:
1024 1996 1053 2057 A
1080 1996 1115 2075 Q.
1140 1996 1292 2079 Apronio,

132 2101 364 2182 peuagatissimo
386 2100 507 2164 mendo
531 2105 734 2182 corruptum3
764 2101 891 2166 conficit.
913 2120 983 2165 rem
1006 2102 1153 2166 Vaticani
1178 2102 1292 2166 eodem

133 2199 219 2269 lucens
239 2207 397 2271 mendum
424 2206 491 2285 Quo
514 2207 668 2291 Apronio.

191 2312 285 2378 Venio
310 2312 353 2377 ad
377 2313 476 2377 libros
501 2313 582 2378 duos
607 2319 781 2392 extremos
816 2316 849 2378 in
880 2314 998 2397 quibus
1030 2319 1103 2396 post
1136 2335 1185 2389 ea,
1221 2335 1295 2396 quae
1309 2327 1348 2366 ³⁵⁴

133 2412 182 2479 oin
201 2419 352 2485 annotavi
376 2423 409 2484 et
426 2440 500 2501 quae
519 2440 578 2502 per
595 2421 783 2485 universum
803 2425 989 2486 contextum
1008 2420 1162 2486 orationis
1174 2423 1294 2504 Zump-

134 2516 176 2585 tius
191 2525 328 2605 pleniore
354 2546 431 2591 usus
456 2533 617 2609 apparatu
643 2524 875 2609 emendavit¹),
900 2547 959 2591 nec
982 2528 1086 2592 multa
1109 2533 1294 2610 supersunt,

136 2622 160 2688 de
176 2631 278 2710 qubus
302 2633 420 2707 dicam,
446 2654 505 2697 nec
529 2635 706 2700 admodum
728 2635 883 2716 pleraque
902 2636 1011 2717 magni
1028 2637 1195 2699 momenti.
1231 2635 1294 2699 Sed

136 2732 212 2801 tanen
237 2759 346 2821 operae
374 2741 513 2822 pretium
543 2742 604 2806 erit
639 2741 781 2805 breviter
815 2762 871 2806 eos
906 2741 993 2805 locos
1028 2759 1228 2823 percurrere,
1264 2742 1294 2804 in

137 2838 219 2915 uibus
240 2849 297 2909 aut
320 2846 444 2927 aliquid
467 2847 613 2912 relictum
639 2868 659 2912 a
683 2848 833 2929 Zumptio
856 2847 994 2923 videtur,
1019 2847 1105 2929 quod
1130 2847 1213 2911 effici
1237 2868 1295 2928 po·

137 2942 210 3024 tuerit,
231 2954 296 3025 aut,
321 2956 360 3016 ut
376 2953 422 3030 fit,
447 2955 545 3035 paulo
563 2956 671 3018 minus
688 2958 776 3018 recte
797 2955 1069 3025 administratum,
1095 2954 1182 3034 quod
1195 2973 1293 3034 quum

139 3045 229 3131 fluam,
262 3059 359 3122 simul
393 3080 448 3124 eos
474 3060 560 3125 locos
585 3062 755 3142 attingam,
792 3062 831 3124 de
856 3062 974 3142 quibus
998 3079 1018 3123 a
1041 3079 1093 3122 me
1117 3059 1295 3140 Zumptius

139 3151 328 3243 tulissensir,
365 3170 401 3230 ut
432 3167 509 3230 mihi
541 3172 653 3231 tamen
685 3187 724 3231 ea
755 3167 926 3241 sententia,
963 3184 1061 3247 quam
1086 3171 1162 3230 ante
1186 3166 1295 3240 habui,

140 3268 219 3333 uuor
239 3267 433 3354 rideatur.²)
475 3274 636 3338 Nonnulla
662 3274 782 3337 leviora
806 3273 913 3336 minus
937 3277 1024 3336 reete
1049 3272 1296 3336 administrandi

141 3382 205 3438 uusa
225 3378 290 3453 luit,
327 3380 414 3461 quod
440 3380 604 3445 codicibus
628 3380 901 3462 Guelferbytanis,
938 3398 1019 3460 quos
1042 3378 1113 3460 ipse
1136 3377 1295 3453 adhibuit,

105 3464 107 3473 ¹
141 3472 272 3550 obsecutus
295 3490 345 3552 est
375 3488 545 3569 aliquoties
569 3492 682 3552 contra
712 3487 857 3551 eiusdem
883 3487 1015 3568 optimae
1047 3485 1179 3549 familiae
1208 3486 1296 3566 prin-

105 3588 107 3593 ’
142 3579 219 3664 lilim,
239 3593 360 3675 regium
386 3593 614 3670 parisiensem,
644 3614 684 3658 ex
715 3595 821 3658 aliena
846 3597 878 3656 et
903 3593 1018 3656 iterum
1043 3591 1205 3672 descripta
1230 3591 1296 3655 col-

145 3734 364 3761 χὴ-

161 3841 215 3909 Ἢῖι
229 3874 322 3925 genere
342 3860 464 3913 locorum
484 3859 692 3927 praecipuorum,
712 3876 746 3912 ex
765 3859 864 3926 quibus
879 3855 1116 3925 interpolationem
1137 3853 1164 3906 in
1183 3852 1297 3921 epistola

105 4000 107 4015 ,
189 3943 303 4001 aduren.
323 3948 419 4001 tollere
438 3948 587 4010 decreram,
617 3963 704 4001 unum
727 3963 797 4014 aegre
816 3947 874 3999 tero
897 3946 1024 4014 Zumptio
1048 3942 1182 4005 relictum,
1211 3957 1296 4008 quum

105 4034 108 4081 i
189 4031 240 4085 mibi
264 4037 298 4089 ad
326 4036 471 4089 veritatem
499 4034 692 4089 inveniendam
722 4035 828 4088 codices
853 4051 907 4102 reg.
932 4039 959 4087 et
978 4032 1051 4087 Leid.
1071 4030 1196 4085 sufficere
1215 4030 1297 4082 debu·

105 4108 108 4133 '
191 4114 263 4185 iueut,
285 4125 316 4187 V,
339 4123 384 4188 47,
411 4122 469 4176 125.
507 4124 537 4176 ln
557 4124 588 4187 V,
607 4122 650 4187 u,
676 4122 726 4175 124
746 4140 829 4191 quam
849 4123 1011 4191 scripturam
1032 4135 1080 4187 ego
1100 4118 1296 4172 restituendam

105 4274 107 4279 Ι
192 4212 341 4267 merueram
361 4229 411 4266 nee
431 4219 524 4266 tamen
543 4213 608 4265 satis
628 4218 701 4266 certa
721 4212 827 4265 ratione
852 4227 902 4264 nee
924 4209 1044 4263 historiae
1068 4207 1231 4262 testimoniis
1254 4222 1297 4259 ex·

192 4297 333 4366 miseram,
361 4318 394 4355 ea
417 4318 472 4370 quo
496 4301 640 4354 referenda
659 4306 739 4363 esset,
767 4299 910 4368 Zumptius
929 4298 1051 4351 adhibito
1070 4297 1187 4350 Diodoro
1208 4295 1298 4349 Siculo

194 4379 271 4442 duur.

167 4457 327 4532 'lRuusime
346 4479 473 4533 dissensit
493 4478 523 4539 V,
549 4478 591 4541 67,
617 4478 676 4539 171,
701 4479 735 4531 de
760 4494 815 4545 quo
838 4476 897 4530 loeo
922 4476 1028 4529 monuit
1047 4475 1130 4528 etiam
1149 4473 1250 4527 Battus
1270 4474 1297 4526 iu

198 4571 287 4619 ettuua
305 4567 426 4636 epistolae
444 4574 545 4622 nostrae
563 4568 591 4621 in
611 4566 680 4620 Bibl.
700 4566 763 4620 urit.
783 4565 849 4618 Nor.
869 4565 921 4617 vol.
942 4564 972 4616 V.
