2956 5190
699 235 765 303 585

130 428 249 495 formae
272 432 388 496 ceteris
408 432 566 515 exemplis
584 432 661 497 addi
677 437 785 515 potest
800 433 842 498 ad
857 432 955 497 Attio.
971 432 1053 511 XIV,
1079 431 1131 510 14,
1154 430 1186 496 2.
1221 428 1329 514 (Ovid.

129 555 176 602 ex
198 537 293 602 Pont.
316 537 340 614 1,
373 538 403 612 7,
433 536 501 620 42.)
547 539 671 603 Deinde
702 542 812 604 autem
844 539 925 602 Livii
956 558 1051 603 nsum
1082 556 1330 621 persequamur,

130 644 225 727 apud
259 663 357 726 quem
390 645 574 710 indicativae
608 645 722 710 formae
757 645 895 728 aliquot,
931 645 1143 710 coniunctivae
1177 643 1332 727 permulti

131 749 198 815 loci
228 757 315 815 sunt.
361 751 391 815 Is
421 752 506 816 enim
536 752 686 817 absolute
708 751 755 816 sic
778 752 933 834 loquitur:
966 751 1003 826 V,
1035 751 1088 830 53,
1120 751 1155 815 9:
1192 756 1220 814 ct
1249 749 1333 835 quod

129 857 254 941 atropoli
275 856 399 939 fuctum
419 857 551 940 fuimus,
575 857 632 921 boo
656 893 698 903 -
722 878 903 922 recusamus
924 857 1056 940 facere?
1082 855 1253 933 XXXVIII,
1277 854 1330 933 47,

130 964 172 1029 4:
203 983 279 1049 quos
301 982 364 1048 epo,
394 965 487 1028 01·-
506 963 719 1047 prohiberent,
743 967 899 1030 citaturus
920 963 983 1046 fui.
1028 963 1065 1027 ln
1088 962 1170 1027 libro
1193 963 1259 1040 XL,
1292 962 1333 1026 14

133 1074 219 1137 extr.
242 1071 329 1135 hunc
351 1070 562 1135 indicativum
586 1090 660 1135 cum
684 1069 1004 1154 plusquamperfecto
1028 1068 1222 1134 coniunctivi
1240 1088 1329 1133 com·

133 1179 279 1262 positum
303 1196 369 1241 non
392 1176 533 1241 ferentes
556 1178 624 1241 sive
648 1176 770 1241 librarii
798 1177 867 1242 sive
891 1177 1040 1255 editores
1070 1195 1171 1259 quum
1203 1174 1332 1240 difficile

134 1289 226 1350 esset
246 1283 603 1367 plusquamperfectum
633 1282 825 1348 coniunctivi
855 1283 994 1359 allicere,
1029 1302 1162 1365 prorsus
1191 1282 1333 1355 barbare

134 1391 319 1475 perfectum
343 1390 537 1453 coniunctivi
560 1391 813 1455 substituerunt:
848 1411 907 1475 quo
936 1389 1026 1453 mooto
1055 1423 1098 1435 -
1120 1387 1336 1471 fefellissent?

134 1518 198 1583 quo
228 1495 318 1560 modo
349 1503 452 1560 autem
488 1530 529 1539 —
565 1497 629 1580 ipat
668 1498 794 1561 evasuri
822 1496 969 1578 sochot?
997 1494 1074 1577 [sor.
1104 1514 1176 1560 esse
1201 1495 1388 1578 fueruotm

134 1605 205 1669 iam
234 1603 380 1667 Bauerus
407 1600 590 1684 intellexit]
636 1603 670 1667 In
706 1604 878 1668 subluncta
912 1622 952 1667 ac
985 1602 1140 1683 pendenti
1173 1602 1335 1667 sententia

136 1711 186 1775 sic
209 1708 335 1774 scribit:
358 1707 409 1786 IV,
434 1709 476 1773 38
501 1712 597 1773 extr.:
621 1711 707 1795 quio,
731 1712 760 1774 ei
784 1744 824 1754 —-
843 1716 979 1793 possent,
1003 1708 1114 1773 dotari
1135 1707 1273 1789 scariot:
1297 1707 1334 1785 V,

137 1817 198 1881 51:
222 1823 256 1879 ut
280 1849 320 1859 —-
344 1834 416 1897 ooo,
440 1816 469 1879 ai
490 1835 596 1879 mc-
616 1816 814 1897 revocaretis,
838 1815 1000 1879 rediturus
1015 1814 1149 1896 fuerim:
1173 1813 1335 1879 eiusdem·

138 1921 230 1988 modi
252 1925 329 1986 sunt
350 1921 384 1985 hi
407 1921 483 1985 loct:
508 1918 574 2003 [IV,
598 1921 651 1998 29,
676 1919 722 2003 6,]
746 1921 799 1998 111,
826 1922 876 1998 17,
900 1923 931 1998 2,
955 1921 1053 1998 111111,
1078 1920 1130 1995 32,
1159 1920 1190 1997 3,
1221 1920 1333 1996 XXIV,

138 2030 194 2107 26,
221 2030 272 2103 12,
296 2026 408 2104 XXVI,
434 2028 484 2104 10,
510 2026 540 2104 7,
569 2026 681 2104 XXVI,
706 2027 758 2105 26,
787 2027 817 2103 7,
846 2027 986 2104 XXVIII,
1018 2027 1068 2100 16,
1098 2028 1129 2105 2,
1158 2026 1272 2104 XXXI,
1303 2027 1333 2105 7,

139 2137 173 2213 3,
204 2134 332 2210 XXXV,
366 2134 395 2211 l,
427 2133 458 2211 3,
489 2132 659 2211 XXXVIII,
691 2134 744 2210 31,
776 2133 808 2210 3,
839 2134 905 2212 XL,
937 2135 990 2212 56,
1024 2129 1090 2216 U)
1134 2133 1238 2197 Nemo
1269 2152 1335 2197 non

139 2241 231 2306 videt
253 2242 286 2305 10
302 2239 385 2303 libro
402 2240 482 2316 XLI,
506 2239 559 2316 24,
582 2240 614 2314 4,
638 2239 695 2303 ubi
718 2239 839 2304 editur:
863 2241 986 2304 divinat
1009 2241 1113 2321 ettam,
1136 2260 1205 2324 quo:
1220 2238 1336 2320 futuro

139 2348 283 2430 socrant,
317 2348 346 2410 11
376 2345 544 2429 Philippus
574 2346 710 2424 uixisset,
746 2366 838 2428 oeque
870 2366 1008 2429 pravum
1038 2365 1109 2410 esse
1138 2349 1267 2427 tempus
1296 2364 1335 2409 ac

141 2454 277 2520 modum
311 2452 418 2529 verbi,
458 2451 731 2534 scribendumque
766 2450 870 2534 [quod
904 2453 969 2517 iam
1004 2451 1184 2517 Gronovius
1219 2450 1335 2534 sensit]
1386 2494 1389 2502 ·

139 2562 257 2644 futuro
278 2560 410 2642 fuerim,
439 2552 716 2640 quemadmodum
741 2558 936 2642 paulopost
964 2559 1176 2642 Kreyssigius,
1206 2557 1336 2640 SIgonio

142 2668 337 2748 obsequens,
362 2665 476 2729 edidit:
500 2685 555 2727 nec
578 2662 734 2746 (scimus),
758 2665 835 2751 quid
858 2665 1034 2749 Philippus,
1058 2665 1245 2746 ninxisset,
1267 2664 1336 2746 foc·

144 2782 236 2838 torus
257 2773 397 2855 fuerit,
422 2790 481 2852 pro
505 2789 554 2847 eo,
578 2771 665 2853 qnod
689 2771 857 2843 edebatur,
880 2765 1035 2854 tuomst)
1081 2771 1337 2853 Plusquamper-

144 2880 265 2945 lectum
300 2877 345 2942 ibi
380 2877 512 2941 demum
546 2876 653 2941 locum
688 2878 798 2955 habet,
833 2879 889 2942 ubi
918 2878 1079 2943 sententia
1107 2877 1337 2959 interrogativa

144 2986 266 3070 pendet
289 3005 309 3049 a
332 2983 488 3066 praeteriti
514 2985 671 3065 temporis
700 2984 816 3059 verbo:
844 2985 889 3049 ibi
919 2985 1005 3049 0111111
1035 2987 1168 3066 propter
1191 3003 1338 3048 commu·

144 3112 221 3158 nem
245 3092 350 3174 legem
372 3091 444 3155 haec
473 3090 595 3155 forma:
630 3092 703 3171 octo,
738 3091 815 3176 quid
841 3090 990 3172 facturus
1014 3090 1125 3173 suerit,
1160 3090 1338 3154 transitio

146 3203 246 3266 hanc:
274 3197 418 3279 sciebam,
448 3196 525 3281 quid
545 3196 692 3277 facturus
715 3194 840 3278 (antea)
861 3197 989 3279 fuisset:
1023 3196 1088 3260 vid.
1112 3197 1180 3260 Liv.
1205 3193 1259 3277 [X,
1282 3196 1336 3273 45,

146 3307 177 3383 3,
201 3305 313 3382 XXIII,
337 3304 390 3381 39,
414 3301 462 3385 2,]
486 3302 626 3380 XXVIII,
657 3303 710 3379 24,
739 3304 769 3381 2,
799 3303 969 3379 XXXVIII,
998 3303 1052 3380 46,
1082 3303 1102 3366 6
1131 3302 1199 3383 (ubi
1223 3293 1256 3367 111
1280 3301 1338 3366 od·

147 3418 286 3476 monento
313 3411 393 3474 latet
422 3406 631 3490 admonebat).
682 3410 779 3474 Libro
807 3409 949 3486 XXXVI,
978 3409 1009 3486 5,
1039 3408 1059 3472 6
1088 3409 1338 3490 plusquamper-

148 3518 268 3583 lectnm
303 3517 420 3582 dicitur
453 3535 512 3580 suo
546 3534 659 3593 sensu,
697 3536 762 3580 non
798 3515 1024 3581 condicionali:
1062 3514 1194 3595 fuerant
1234 3512 1338 3596 (aute)

148 3626 320 3708 accepturi,
364 3624 585 3688 coniunctivus
623 3625 757 3705 propter
790 3623 945 3687 orationis
979 3622 1164 3686 universam
1199 3620 1338 3686 formam

178 3871 198 3937 ¹)
218 3870 319 3940 [Huius
344 3870 438 3924 lormae
461 3869 602 3938 particulae
625 3871 722 3922 1101711111
745 3868 874 3923 subiectae
897 3869 1054 3937 exemplum
1078 3869 1161 3922 habet
1183 3868 1246 3921 Tac.
1270 3867 1340 3921 Hist.

221 3963 252 4025 ll,
271 3958 326 4027 36]

177 4048 200 4113 ²)
218 4051 299 4119 Apud
317 4048 475 4104 Lucretmm
494 4047 524 4111 V,
545 4045 614 4098 1342
632 4045 826 4100 Wakefieldius
844 4051 871 4100 et
889 4046 1050 4114 Forbiqerus
1069 4044 1225 4099 ediderunt:

546 4135 595 4189 sed
613 4135 658 4189 111
677 4135 805 4200 adducor,
825 4141 855 4189 ut
873 4140 937 4189 ante

397 4225 456 4279 Non
475 4224 595 4293 quierint
613 4223 705 4277 animo
723 4223 881 4291 proeseniue
899 4229 983 4292 atque
1001 4222 1102 4286 videre,

397 4315 486 4381 Quam
505 4329 652 4367 commune
671 4313 775 4366 malurn
793 4312 871 4366 fieret
889 4312 1047 4380 loedumque
1067 4310 1198 4364 futurum.

221 4405 372 4458 blonstrum
391 4408 433 4456 est
448 4403 480 4468 tit
495 4403 636 4468 futurum
655 4401 829 4455 scribendum
848 4405 954 4454 autem:
982 4401 1068 4466 0110111
1087 4414 1223 4453 commone
1241 4398 1343 4450 motum

217 4495 303 4559 suerit
320 4493 473 4560 foedumque
489 4493 624 4558 futurum.
