2948 5206
659 286 722 352 281

135 474 235 540 nillnae
261 476 499 559 coniungantur
527 478 630 560 (aliud
662 481 748 544 enim
780 480 874 564 longe
897 486 992 551 esset.
1027 483 1055 545 si
1084 484 1195 546 orator
1222 480 1292 545 dix-

135 582 281 649 malverni
306 601 423 648 causa:
458 583 616 649 nerninem
649 593 738 650 tanto
763 587 850 670 opud
872 608 944 652 aeos
967 589 1152 651 otiolo-ritate
1171 588 1292 671 proedi-

133 694 175 751 tum
197 689 224 751 in
250 689 389 753 meotis
417 689 555 766 viderem
590 693 651 757 etsi
687 693 820 757 omnino
855 694 1028 757 atrotoriloa
1062 714 1179 776 parum
1214 697 1292 776 apte

133 798 374 872 ammoneretur,
410 796 563 862 nobilitas
593 801 626 862 et
654 798 808 880 splendor
839 805 917 882 apta
946 800 1079 882 essent),
1115 820 1184 877 nec,
1219 803 1291 883 ipsa

132 901 267 967 uctoritas
290 921 365 984 quae
388 902 440 979 sit,
472 903 609 982 dicatur,
643 908 676 968 et
699 925 738 969 eo
762 909 903 988 coargui,
934 907 1021 990 quod
1045 907 1078 970 in
1101 906 1290 971 melioribus

131 1006 192 1072 odd.
209 1009 361 1074 omnibus
383 1007 497 1091 (etiam
521 1009 638 1092 Vatic.)
663 1013 779 1094 copula
803 1014 974 1078 omittitur.
1021 1012 1085 1077 Sed
1110 1013 1197 1094 quod
1220 1013 1290 1095 ipse

130 1111 205 1189 eddit
237 1116 458 1181 coniecturam
489 1121 620 1183 secutus
651 1138 692 1183 ex
722 1118 937 1183 Lambiniana
967 1123 1083 1194 ortam,
1118 1121 1176 1183 illo
1200 1127 1290 1184 oetole

130 1220 220 1284 niuno
241 1225 315 1299 eet,
350 1243 466 1287 verum
496 1243 568 1289 esse
596 1245 662 1289 non
685 1229 803 1306 potest.
849 1226 934 1289 Nam
958 1230 1178 1307 praeterquam
1203 1227 1290 1307 quod

129 1328 222 1393 omnino
243 1328 324 1393 nihil
351 1329 539 1396 huiusmodi
569 1351 671 1396 unum
707 1334 783 1413 apte
818 1331 869 1394 lric
904 1331 981 1395 addi
1015 1335 1123 1413 potest
1151 1332 1289 1397 miseriae

129 1433 223 1511 nmini,
250 1436 340 1519 quod
365 1456 415 1514 ea,
446 1457 520 1519 quae
545 1438 652 1502 lacere
676 1438 845 1513 deberent,
874 1440 911 1502 ut
933 1437 995 1501 hac
1019 1438 1150 1503 miseria
1173 1439 1289 1503 Verres

128 1541 197 1620 mgis
216 1547 487 1620 eommoveretun
511 1545 633 1626 partim
656 1548 733 1610 ante
756 1545 863 1627 posita
886 1548 971 1620 sunt,
1002 1545 1121 1626 partim
1146 1563 1289 1625 sequun-

128 1646 166 1721 lu,
183 1648 263 1715 velut
285 1650 359 1733 ipsa
382 1653 533 1715 senectus
550 1650 624 1733 (oon
645 1659 792 1731 senectus,
816 1672 878 1715 aon
901 1651 1030 1734 hospitii
1052 1651 1103 1714 iun
1119 1648 1204 1731 cet),
1229 1670 1289 1715 nee

129 1756 185 1817 rete
203 1755 317 1822 dicitur
340 1759 400 1822 illa
424 1765 524 1834 atate,
561 1778 662 1840 quum
694 1761 775 1822 aetas
806 1761 903 1822 antea
934 1756 1116 1839 significata
1146 1756 1287 1833 nonsit

128 1873 164 1922 nee
180 1861 256 1927 idem
279 1885 463 1947 pronomen
486 1869 574 1930 reete
598 1864 792 1929 avocabulo
808 1865 945 1928 rainerio
961 1864 1137 1941 divellitur3
1162 1864 1288 1945 langui·
1303 1880 1341 1922 en

130 1961 179 2030 dun
205 1974 252 2034 est
286 1972 375 2036 enim
409 1972 560 2054 generale
595 1971 674 2035 illud
704 1972 836 2035 miseria
864 1970 1055 2054 preditum,
1091 1990 1191 2052 grave
1218 1970 1288 2046 illo,

130 2067 207 2149 dest,
228 2080 332 2156 tanta,
357 2083 481 2161 quanta
505 2080 731 2144 demonstrata
755 2085 813 2153 est,
837 2079 977 2141 irrisorio.
1013 2077 1228 2159 Relinquitur,
1253 2080 1289 2140 ut

130 2173 275 2259 latomus,
306 2204 409 2266 quum
433 2186 510 2250 olim
534 2187 690 2267 scriptum
716 2187 816 2249 esset:
853 2183 936 2248 Eum
959 2205 1054 2269 quum
1076 2184 1134 2246 illo
1157 2185 1287 2247 miserto

132 2283 213 2352 dion
232 2290 415 2374 proditum,
451 2292 611 2356 offensum
637 2291 781 2372 aliquem
805 2290 976 2355 insolentia
1000 2290 1179 2367 locutionis,
1215 2310 1289 2371 quae

131 2393 202 2459 uuio
220 2416 261 2461 an
290 2398 381 2479 apud
410 2400 574 2463 neminem
599 2397 753 2462 Cicerone
777 2398 989 2479 posteriorem
1014 2396 1288 2478 deprehendatur,

131 2499 306 2567 maturam
332 2504 449 2568 fecisse
472 2504 513 2568 de
537 2504 688 2567 contrarii
713 2505 841 2585 generis
866 2504 1025 2568 vocabulo
1045 2503 1288 2578 substituend03

134 2618 202 2669 tnex
225 2611 435 2675 annotatione
471 2612 554 2674 inter
589 2612 689 2673 verba
727 2617 858 2691 recepta
893 2610 925 2673 in
960 2609 1148 2673 melioribus
1183 2609 1287 2683 codd„

134 2724 228 2785 luorum
251 2717 382 2781 bonitas
405 2717 456 2780 vel
479 2716 554 2780 hine
579 2718 706 2780 elucere
731 2717 868 2789 ridetur,
898 2716 1072 2780 manifesta
1096 2721 1290 2790 dtrroyowrlccs

134 2817 225 2900 raugia
247 2824 417 2897 meruisse,
446 2824 479 2886 in
503 2823 718 2888 deterioribus
745 2824 895 2905 suppleta
923 2822 1082 2904 particula
1106 2825 1287 2886 iuncturam

135 2918 233 3004 alpiam
256 2930 408 2994 effectam
433 2949 504 2993 esse
529 2934 560 2993 et
586 2930 755 2994 veritatem
781 2930 987 2994 occultatam.

189 3033 242 3098 Sed
264 3036 365 3100 redeo
388 3037 431 3100 ad
456 3035 554 3099 libros
578 3037 713 3116 priores
739 3037 771 3098 in
797 3036 914 3117 quibus
939 3056 1039 3118 quum
1059 3038 1128 3118 ipse
1148 3037 1288 3100 melioris

135 3135 235 3206 oricum
259 3143 391 3207 familiae
423 3143 494 3207 lons
526 3143 623 3224 paulo
656 3145 762 3206 minus
794 3145 917 3225 integer
949 3163 1048 3224 quam
1079 3144 1110 3206 in
1135 3145 1288 3207 extremis

135 3231 189 3308 libris
207 3248 300 3313 luisse
324 3248 462 3317 videtur,
486 3254 556 3313 tum
581 3251 649 3313 eius
673 3251 832 3331 scriptura
857 3252 963 3313 minus
987 3250 1071 3313 bene
1096 3254 1287 3313 conservata

135 3358 183 3413 lae.
208 3354 322 3420 Restat
346 3355 433 3419 enim
456 3363 576 3437 praeter
600 3358 726 3421 minora
751 3356 902 3438 quaedam
920 3356 1144 3419 emendandus
1162 3357 1288 3419 coniec-

134 3453 185 3534 ΠΜ,
210 3462 274 3535 sed
310 3466 348 3527 ut
378 3461 503 3543 opinor,
539 3467 627 3526 certa
658 3467 690 3527 el
720 3464 868 3527 codicum
899 3462 1041 3544 vestigiis
1076 3463 1163 3529 nixa.
1199 3462 1287 3526 locus

133 3552 301 3647 demoratus
326 3573 360 3633 et
383 3573 554 3650 corruptus
586 3571 618 3632 in
648 3569 719 3633 libr.
744 3570 756 3632 l
781 3590 807 3632 e.
833 3572 863 3643 8,
894 3569 946 3633 21.
983 3570 1039 3632 ulli
1069 3568 1181 3632 Cicero
1210 3586 1287 3632 suas

132 3660 208 3736 thoe
229 3675 347 3740 iudicio
371 3679 481 3757 partes
505 3696 599 3757 paene
623 3677 768 3757 expletas
793 3696 864 3740 esse
889 3676 980 3739 dicit:
1007 3674 1111 3737 illeum
1136 3673 1201 3754 fuit
1218 3694 1285 3735 rum

128 3788 192 3841 duo
211 3782 354 3846 aceede-re
379 3782 424 3845 od
447 3783 678 3846 acclamatum:
714 3804 782 3866 qvem
805 3803 903 3845 causo
925 3781 991 3862 fuit
1014 3781 1171 3842 torrentior
1194 3800 1286 3863 quom

125 3882 167 3943 lam
184 3887 295 3952 illustri
315 3891 483 3972 provincia
506 3888 703 3970 defermorem
727 3889 871 3951 constitui
895 3894 923 3949 et
946 3887 1065 3969 deripit?
1087 3887 1135 3947 rei
1153 3884 1289 3967 publicu>

118 3993 261 4058 marae:
283 3995 363 4081 quid
386 3997 452 4057 iam
474 3996 523 4058 rei
541 3996 677 4078 publico
696 3995 853 4057 honest-lue
876 4014 971 4078 quoru
995 3994 1027 4055 iu
1052 3998 1140 4054 toute
1165 3991 1288 4054 ire-uidio

115 4094 277 4165 ddt'ciorum
303 4101 462 4165 adducere
484 4102 650 4181 bemineru,
675 4102 764 4164 citius
789 4101 992 4163 durrrnotione
1016 4106 1096 4161 lotus
1118 4097 1196 4160 ordo
1219 4119 1287 4159 rum

115 4207 203 4288 ”pulo
224 4208 370 4273 Romarm
392 4216 422 4271 et
443 4210 477 4271 in
502 4208 597 4272 leode
625 4215 653 4271 et
676 4209 708 4270 iu
740 4209 848 4291 pratia
878 4213 979 4288 posset
1009 4205 1097 4268 esse?
1129 4203 1289 4268 ostendere

115 4315 361 4398 operatoriae,
397 4315 553 4378 hominem
583 4321 739 4377 nocentem.
769 4314 938 4375 adductum
969 4332 1048 4374 esee:
1083 4312 1154 4394 quie
1182 4317 1225 4373 est
1256 4311 1290 4372 in

115 4421 201 4503 opido
222 4421 379 4501 Romano,
414 4424 469 4507 qui
499 4422 555 4484 lior
586 4441 645 4483 non
672 4441 709 4481 er
728 4422 838 4502 priore
862 4421 982 4481 notione
1006 4417 1169 4480 abstulerit
1194 4464 1201 4478 .
1228 4465 1234 4479 .
1261 4417 1293 4478 ,Ρ

115 4528 191 4602 utet
223 4533 256 4592 et
280 4529 383 4593 sensit
408 4528 587 4610 ZumptiuS‚
625 4526 825 4589 insecundo
854 4525 1003 4587 membro
1033 4524 1072 4599 ei,
1108 4522 1195 4604 quod
1220 4521 1290 4585 eff·
