<?xml version="1.0" encoding="UTF-8"?>
<!DOCTYPE html PUBLIC "-//W3C//DTD XHTML 1.0 Transitional//EN"
    "http://www.w3.org/TR/xhtml1/DTD/xhtml1-transitional.dtd">
<html xmlns="http://www.w3.org/1999/xhtml" xml:lang="en" lang="en">
 <head>
  <title>
</title>
<meta http-equiv="Content-Type" content="text/html;charset=utf-8" />
  <meta name='ocr-system' content='tesseract 3.04.00' />
  <meta name='ocr-capabilities' content='ocr_page ocr_carea ocr_par ocr_line ocrx_word'/>
</head>
<body>
  <div class='ocr_page' id='page_1' title='image "./ionicolaimadvig02madvgoog/ionicolaimadvig02madvgoog_0678.png"; bbox 0 0 2956 5190; ppageno 0'>
   <div class='ocr_carea' id='block_1_1' title="bbox 616 316 683 383">
    <p class='ocr_par' dir='ltr' id='par_1_1' title="bbox 616 316 683 383">
     <span class='ocr_line' id='line_1_1' title="bbox 616 316 683 383; baseline 0 0"><span class='ocrx_word' id='word_1_1' title='bbox 616 316 683 383; x_wconf 79' lang='lat'>655</span> 
     </span>
    </p>
   </div>
   <div class='ocr_carea' id='block_1_2' title="bbox 10 506 1313 2616">
    <p class='ocr_par' dir='ltr' id='par_1_2' title="bbox 10 506 1313 2616">
     <span class='ocr_line' id='line_1_2' title="bbox 10 506 1252 597; baseline -0.007 -18"><span class='ocrx_word' id='word_1_2' title='bbox 10 546 18 557; x_wconf 86' lang='lat'>·</span> <span class='ocrx_word' id='word_1_3' title='bbox 46 512 168 597; x_wconf 76' lang='lat' dir='ltr'>agitari</span> <span class='ocrx_word' id='word_1_4' title='bbox 191 512 362 589; x_wconf 79' lang='lat' dir='ltr'>diceretur,</span> <span class='ocrx_word' id='word_1_5' title='bbox 399 515 432 577; x_wconf 92' lang='lat' dir='ltr'>et</span> <span class='ocrx_word' id='word_1_6' title='bbox 460 512 671 576; x_wconf 86' lang='lat' dir='ltr'>indicativum</span> <span class='ocrx_word' id='word_1_7' title='bbox 701 512 734 576; x_wconf 92' lang='lat' dir='ltr'>in</span> <span class='ocrx_word' id='word_1_8' title='bbox 764 530 838 576; x_wconf 88' lang='lat' dir='ltr'>eam</span> <span class='ocrx_word' id='word_1_9' title='bbox 866 508 1063 574; x_wconf 84' lang='lat' dir='ltr'>sententiam</span> <span class='ocrx_word' id='word_1_10' title='bbox 1086 506 1252 582; x_wconf 85' lang='lat' dir='ltr'>inducens,</span> 
     </span>
     <span class='ocr_line' id='line_1_3' title="bbox 48 613 1254 713; baseline -0.007 -28"><span class='ocrx_word' id='word_1_11' title='bbox 48 639 127 704; x_wconf 81' lang='lat' dir='ltr'>quae</span> <span class='ocrx_word' id='word_1_12' title='bbox 159 638 233 683; x_wconf 92' lang='lat' dir='ltr'>eum</span> <span class='ocrx_word' id='word_1_13' title='bbox 264 622 399 713; x_wconf 74' lang='lat' dir='ltr'>propter</span> <span class='ocrx_word' id='word_1_14' title='bbox 429 622 533 685; x_wconf 89' lang='lat' dir='ltr'>totam</span> <span class='ocrx_word' id='word_1_15' title='bbox 566 639 641 684; x_wconf 89' lang='lat' dir='ltr'>cum</span> <span class='ocrx_word' id='word_1_16' title='bbox 672 618 798 684; x_wconf 83' lang='lat' dir='ltr'>infinita</span> <span class='ocrx_word' id='word_1_17' title='bbox 826 615 972 682; x_wconf 87' lang='lat' dir='ltr'>oratione</span> <span class='ocrx_word' id='word_1_18' title='bbox 1001 613 1254 696; x_wconf 77' lang='lat' dir='ltr'>implicationem</span> 
     </span>
     <span class='ocr_line' id='line_1_4' title="bbox 48 719 1253 809; baseline -0.007 -18"><span class='ocrx_word' id='word_1_19' title='bbox 48 726 338 793; x_wconf 84' lang='lat' dir='ltr'>vehementissime</span> <span class='ocrx_word' id='word_1_20' title='bbox 362 727 496 809; x_wconf 83' lang='lat' dir='ltr'>respuit.</span> <span class='ocrx_word' id='word_1_21' title='bbox 543 726 666 791; x_wconf 83' lang='lat' dir='ltr'>Eodem</span> <span class='ocrx_word' id='word_1_22' title='bbox 691 726 761 791; x_wconf 91' lang='lat' dir='ltr'>loco</span> <span class='ocrx_word' id='word_1_23' title='bbox 785 721 1068 804; x_wconf 75' lang='lat' dir='ltr'>Stuerenburgius,</span> <span class='ocrx_word' id='word_1_24' title='bbox 1100 719 1253 796; x_wconf 88' lang='lat' dir='ltr'>Klotzius,</span> 
     </span>
     <span class='ocr_line' id='line_1_5' title="bbox 51 827 1253 915; baseline -0.008 -16"><span class='ocrx_word' id='word_1_25' title='bbox 51 832 243 910; x_wconf 87' lang='lat' dir='ltr'>Beneckius,</span> <span class='ocrx_word' id='word_1_26' title='bbox 268 832 408 897; x_wconf 88' lang='lat' dir='ltr'>Orellius</span> <span class='ocrx_word' id='word_1_27' title='bbox 432 852 491 915; x_wconf 91' lang='lat' dir='ltr'>pro</span> <span class='ocrx_word' id='word_1_28' title='bbox 515 833 674 896; x_wconf 73' lang='lat' dir='ltr'>lectissimi</span> <span class='ocrx_word' id='word_1_29' title='bbox 696 833 760 896; x_wconf 84' lang='lat' dir='ltr'>oiri</span> <span class='ocrx_word' id='word_1_30' title='bbox 784 830 1013 914; x_wconf 84' lang='lat' dir='ltr'>appellatione,</span> <span class='ocrx_word' id='word_1_31' title='bbox 1043 846 1109 910; x_wconf 82' lang='lat' dir='ltr'>qua</span> <span class='ocrx_word' id='word_1_32' title='bbox 1132 827 1253 904; x_wconf 87' lang='lat' dir='ltr'>Cicero,</span> 
     </span>
     <span class='ocr_line' id='line_1_6' title="bbox 50 936 1254 1019; baseline -0.008 -14"><span class='ocrx_word' id='word_1_33' title='bbox 50 939 81 1006; x_wconf 89' lang='lat' dir='ltr'>si</span> <span class='ocrx_word' id='word_1_34' title='bbox 105 941 219 1005; x_wconf 86' lang='lat' dir='ltr'>ceteris</span> <span class='ocrx_word' id='word_1_35' title='bbox 244 939 411 1005; x_wconf 84' lang='lat' dir='ltr'>codicibus</span> <span class='ocrx_word' id='word_1_36' title='bbox 435 939 607 1013; x_wconf 87' lang='lat' dir='ltr'>credimus,</span> <span class='ocrx_word' id='word_1_37' title='bbox 643 939 676 1003; x_wconf 94' lang='lat' dir='ltr'>in</span> <span class='ocrx_word' id='word_1_38' title='bbox 707 939 807 1003; x_wconf 83' lang='lat' dir='ltr'>fratre</span> <span class='ocrx_word' id='word_1_39' title='bbox 836 957 895 1002; x_wconf 91' lang='lat' dir='ltr'>suo</span> <span class='ocrx_word' id='word_1_40' title='bbox 924 938 1065 1019; x_wconf 85' lang='lat' dir='ltr'>praetore</span> <span class='ocrx_word' id='word_1_41' title='bbox 1093 953 1171 998; x_wconf 92' lang='lat' dir='ltr'>usus</span> <span class='ocrx_word' id='word_1_42' title='bbox 1195 936 1254 1008; x_wconf 88' lang='lat' dir='ltr'>est,</span> 
     </span>
     <span class='ocr_line' id='line_1_7' title="bbox 53 1038 1254 1126; baseline -0.007 -15"><span class='ocrx_word' id='word_1_43' title='bbox 53 1047 222 1112; x_wconf 75' lang='lat' dir='ltr'>rectissimi</span> <span class='ocrx_word' id='word_1_44' title='bbox 245 1067 285 1111; x_wconf 81' lang='lat' dir='ltr'>ex</span> <span class='ocrx_word' id='word_1_45' title='bbox 309 1046 369 1110; x_wconf 91' lang='lat' dir='ltr'>illis</span> <span class='ocrx_word' id='word_1_46' title='bbox 386 1046 516 1111; x_wconf 85' lang='lat' dir='ltr'>scholiis</span> <span class='ocrx_word' id='word_1_47' title='bbox 532 1045 781 1121; x_wconf 90' lang='lat' dir='ltr'>substituerunt,</span> <span class='ocrx_word' id='word_1_48' title='bbox 806 1043 894 1126; x_wconf 92' lang='lat' dir='ltr'>quod</span> <span class='ocrx_word' id='word_1_49' title='bbox 910 1040 1106 1108; x_wconf 77' lang='lat' dir='ltr'>vocobulum</span> <span class='ocrx_word' id='word_1_50' title='bbox 1124 1038 1254 1104; x_wconf 88' lang='lat' dir='ltr'>laudem</span> 
     </span>
     <span class='ocr_line' id='line_1_8' title="bbox 50 1146 1310 1236; baseline -0.009 -16"><span class='ocrx_word' id='word_1_51' title='bbox 50 1153 157 1220; x_wconf 86' lang='lat' dir='ltr'>babet</span> <span class='ocrx_word' id='word_1_52' title='bbox 179 1153 298 1236; x_wconf 78' lang='lat' dir='ltr'>ingenii</span> <span class='ocrx_word' id='word_1_53' title='bbox 326 1172 392 1218; x_wconf 94' lang='lat' dir='ltr'>non</span> <span class='ocrx_word' id='word_1_54' title='bbox 421 1150 559 1217; x_wconf 89' lang='lat' dir='ltr'>contorti</span> <span class='ocrx_word' id='word_1_55' title='bbox 589 1170 649 1215; x_wconf 89' lang='lat' dir='ltr'>nec</span> <span class='ocrx_word' id='word_1_56' title='bbox 679 1150 772 1232; x_wconf 86' lang='lat' dir='ltr'>pravi</span> <span class='ocrx_word' id='word_1_57' title='bbox 800 1149 850 1233; x_wconf 91' lang='lat' dir='ltr'>(ut</span> <span class='ocrx_word' id='word_1_58' title='bbox 874 1169 975 1231; x_wconf 87' lang='lat' dir='ltr'>quum</span> <span class='ocrx_word' id='word_1_59' title='bbox 999 1146 1128 1212; x_wconf 81' lang='lat' dir='ltr'>auditor</span> <span class='ocrx_word' id='word_1_60' title='bbox 1151 1151 1253 1209; x_wconf 80' lang='lat' dir='ltr'>rectus</span> <span class='ocrx_word' id='word_1_61' title='bbox 1270 1157 1310 1198; x_wconf 77' lang='lat'>³1⁸</span> 
     </span>
     <span class='ocr_line' id='line_1_9' title="bbox 51 1255 1252 1343; baseline -0.01 -17"><span class='ocrx_word' id='word_1_62' title='bbox 51 1260 171 1326; x_wconf 91' lang='lat' dir='ltr'>dicitur</span> <span class='ocrx_word' id='word_1_63' title='bbox 201 1260 291 1343; x_wconf 84' lang='lat' dir='ltr'>apud</span> <span class='ocrx_word' id='word_1_64' title='bbox 321 1259 461 1324; x_wconf 89' lang='lat' dir='ltr'>Plinium</span> <span class='ocrx_word' id='word_1_65' title='bbox 494 1262 552 1323; x_wconf 85' lang='lat' dir='ltr'>aut</span> <span class='ocrx_word' id='word_1_66' title='bbox 583 1276 683 1340; x_wconf 86' lang='lat' dir='ltr'>quum</span> <span class='ocrx_word' id='word_1_67' title='bbox 715 1257 750 1320; x_wconf 90' lang='lat' dir='ltr'>L.</span> <span class='ocrx_word' id='word_1_68' title='bbox 775 1257 885 1322; x_wconf 74' lang='lat' dir='ltr'>Caesar</span> <span class='ocrx_word' id='word_1_69' title='bbox 913 1255 1027 1338; x_wconf 74' lang='lat' dir='ltr'>firmus</span> <span class='ocrx_word' id='word_1_70' title='bbox 1057 1260 1086 1317; x_wconf 85' lang='lat' dir='ltr'>et</span> <span class='ocrx_word' id='word_1_71' title='bbox 1107 1259 1252 1316; x_wconf 83' lang='lat' dir='ltr'>rectusa</span> 
     </span>
     <span class='ocr_line' id='line_1_10' title="bbox 52 1358 1253 1448; baseline -0.008 -16"><span class='ocrx_word' id='word_1_72' title='bbox 52 1365 209 1432; x_wconf 82' lang='lat' dir='ltr'>Cicerone</span> <span class='ocrx_word' id='word_1_73' title='bbox 239 1364 433 1448; x_wconf 85' lang='lat' dir='ltr'>appellatur,</span> <span class='ocrx_word' id='word_1_74' title='bbox 468 1364 512 1429; x_wconf 85' lang='lat' dir='ltr'>ad</span> <span class='ocrx_word' id='word_1_75' title='bbox 540 1364 631 1428; x_wconf 83' lang='lat' dir='ltr'>Fam.</span> <span class='ocrx_word' id='word_1_76' title='bbox 656 1362 723 1441; x_wconf 85' lang='lat' dir='ltr'>XII,</span> <span class='ocrx_word' id='word_1_77' title='bbox 748 1362 793 1443; x_wconf 83' lang='lat'>5),</span> <span class='ocrx_word' id='word_1_78' title='bbox 829 1362 871 1427; x_wconf 82' lang='lat' dir='ltr'>ab</span> <span class='ocrx_word' id='word_1_79' title='bbox 901 1365 963 1426; x_wconf 91' lang='lat' dir='ltr'>hoc</span> <span class='ocrx_word' id='word_1_80' title='bbox 990 1361 1062 1426; x_wconf 89' lang='lat' dir='ltr'>loco</span> <span class='ocrx_word' id='word_1_81' title='bbox 1092 1364 1124 1424; x_wconf 87' lang='lat' dir='ltr'>et</span> <span class='ocrx_word' id='word_1_82' title='bbox 1152 1358 1253 1423; x_wconf 86' lang='lat' dir='ltr'>abre</span> 
     </span>
     <span class='ocr_line' id='line_1_11' title="bbox 50 1464 1254 1555; baseline -0.007 -18"><span class='ocrx_word' id='word_1_83' title='bbox 50 1475 154 1555; x_wconf 80' lang='lat' dir='ltr'>atque</span> <span class='ocrx_word' id='word_1_84' title='bbox 177 1472 340 1536; x_wconf 89' lang='lat' dir='ltr'>sententia</span> <span class='ocrx_word' id='word_1_85' title='bbox 363 1471 514 1536; x_wconf 86' lang='lat' dir='ltr'>alienam.</span> <span class='ocrx_word' id='word_1_86' title='bbox 561 1471 646 1534; x_wconf 87' lang='lat' dir='ltr'>Nam</span> <span class='ocrx_word' id='word_1_87' title='bbox 675 1490 775 1552; x_wconf 88' lang='lat' dir='ltr'>quum</span> <span class='ocrx_word' id='word_1_88' title='bbox 805 1472 866 1534; x_wconf 93' lang='lat' dir='ltr'>hoc</span> <span class='ocrx_word' id='word_1_89' title='bbox 896 1467 1009 1534; x_wconf 89' lang='lat' dir='ltr'>Cicero</span> <span class='ocrx_word' id='word_1_90' title='bbox 1039 1466 1136 1543; x_wconf 84' lang='lat' dir='ltr'>dicat,</span> <span class='ocrx_word' id='word_1_91' title='bbox 1170 1464 1254 1530; x_wconf 83' lang='lat' dir='ltr'>ludi-</span> 
     </span>
     <span class='ocr_line' id='line_1_12' title="bbox 52 1572 1255 1660; baseline -0.008 -16"><span class='ocrx_word' id='word_1_92' title='bbox 52 1598 131 1645; x_wconf 90' lang='lat' dir='ltr'>cum</span> <span class='ocrx_word' id='word_1_93' title='bbox 155 1577 319 1643; x_wconf 90' lang='lat' dir='ltr'>consessui</span> <span class='ocrx_word' id='word_1_94' title='bbox 342 1597 460 1660; x_wconf 85' lang='lat' dir='ltr'>pamm</span> <span class='ocrx_word' id='word_1_95' title='bbox 492 1576 664 1641; x_wconf 88' lang='lat' dir='ltr'>convenire</span> <span class='ocrx_word' id='word_1_96' title='bbox 694 1576 795 1640; x_wconf 89' lang='lat' dir='ltr'>videri</span> <span class='ocrx_word' id='word_1_97' title='bbox 827 1575 994 1652; x_wconf 90' lang='lat' dir='ltr'>leviorum,</span> <span class='ocrx_word' id='word_1_98' title='bbox 1030 1577 1066 1638; x_wconf 93' lang='lat' dir='ltr'>ut</span> <span class='ocrx_word' id='word_1_99' title='bbox 1097 1572 1255 1638; x_wconf 81' lang='lat' dir='ltr'>Romanis</span> 
     </span>
     <span class='ocr_line' id='line_1_13' title="bbox 52 1679 1256 1767; baseline -0.007 -16"><span class='ocrx_word' id='word_1_100' title='bbox 52 1685 198 1767; x_wconf 81' lang='lat' dir='ltr'>antiquis</span> <span class='ocrx_word' id='word_1_101' title='bbox 233 1685 443 1760; x_wconf 86' lang='lat' dir='ltr'>videbantur,</span> <span class='ocrx_word' id='word_1_102' title='bbox 479 1682 597 1748; x_wconf 85' lang='lat' dir='ltr'>artium</span> <span class='ocrx_word' id='word_1_103' title='bbox 632 1687 702 1746; x_wconf 86' lang='lat' dir='ltr'>tam</span> <span class='ocrx_word' id='word_1_104' title='bbox 737 1682 867 1765; x_wconf 77' lang='lat' dir='ltr'>longam</span> <span class='ocrx_word' id='word_1_105' title='bbox 903 1679 1256 1755; x_wconf 86' lang='lat' dir='ltr'>commemorationem,</span> 
     </span>
     <span class='ocr_line' id='line_1_14' title="bbox 54 1785 1256 1875; baseline -0.007 -19"><span class='ocrx_word' id='word_1_106' title='bbox 54 1791 212 1875; x_wconf 86' lang='lat' dir='ltr'>quoniam</span> <span class='ocrx_word' id='word_1_107' title='bbox 235 1791 419 1855; x_wconf 85' lang='lat' dir='ltr'>severitatis</span> <span class='ocrx_word' id='word_1_108' title='bbox 441 1789 524 1868; x_wconf 84' lang='lat' dir='ltr'>laus,</span> <span class='ocrx_word' id='word_1_109' title='bbox 560 1809 633 1870; x_wconf 84' lang='lat' dir='ltr'>quae</span> <span class='ocrx_word' id='word_1_110' title='bbox 657 1789 780 1853; x_wconf 81' lang='lat' dir='ltr'>levitati</span> <span class='ocrx_word' id='word_1_111' title='bbox 805 1787 968 1854; x_wconf 85' lang='lat' dir='ltr'>contraria</span> <span class='ocrx_word' id='word_1_112' title='bbox 992 1790 1051 1861; x_wconf 90' lang='lat' dir='ltr'>est,</span> <span class='ocrx_word' id='word_1_113' title='bbox 1086 1785 1256 1861; x_wconf 91' lang='lat' dir='ltr'>iudicibus,</span> 
     </span>
     <span class='ocr_line' id='line_1_15' title="bbox 54 1893 1258 1982; baseline -0.007 -18"><span class='ocrx_word' id='word_1_114' title='bbox 54 1918 196 1982; x_wconf 86' lang='lat' dir='ltr'>quorum</span> <span class='ocrx_word' id='word_1_115' title='bbox 224 1898 368 1963; x_wconf 88' lang='lat' dir='ltr'>muneris</span> <span class='ocrx_word' id='word_1_116' title='bbox 398 1897 553 1961; x_wconf 86' lang='lat' dir='ltr'>severitas</span> <span class='ocrx_word' id='word_1_117' title='bbox 582 1897 715 1978; x_wconf 86' lang='lat' dir='ltr'>propria</span> <span class='ocrx_word' id='word_1_118' title='bbox 743 1899 802 1973; x_wconf 91' lang='lat' dir='ltr'>est,</span> <span class='ocrx_word' id='word_1_119' title='bbox 838 1893 997 1958; x_wconf 80' lang='lat' dir='ltr'>reservari</span> <span class='ocrx_word' id='word_1_120' title='bbox 1027 1893 1140 1970; x_wconf 88' lang='lat' dir='ltr'>debet,</span> <span class='ocrx_word' id='word_1_121' title='bbox 1176 1912 1258 1974; x_wconf 88' lang='lat' dir='ltr'>prse-</span> 
     </span>
     <span class='ocr_line' id='line_1_16' title="bbox 54 1998 1259 2084; baseline -0.007 -13"><span class='ocrx_word' id='word_1_122' title='bbox 54 2010 173 2084; x_wconf 87' lang='lat' dir='ltr'>torem,</span> <span class='ocrx_word' id='word_1_123' title='bbox 207 2025 249 2069; x_wconf 90' lang='lat' dir='ltr'>ne</span> <span class='ocrx_word' id='word_1_124' title='bbox 277 2005 347 2069; x_wconf 90' lang='lat' dir='ltr'>sine</span> <span class='ocrx_word' id='word_1_125' title='bbox 377 2004 558 2068; x_wconf 83' lang='lat' dir='ltr'>adiectione</span> <span class='ocrx_word' id='word_1_126' title='bbox 586 2002 741 2079; x_wconf 89' lang='lat' dir='ltr'>nominet,</span> <span class='ocrx_word' id='word_1_127' title='bbox 778 2001 942 2067; x_wconf 90' lang='lat' dir='ltr'>communi</span> <span class='ocrx_word' id='word_1_128' title='bbox 972 2000 1082 2083; x_wconf 83' lang='lat' dir='ltr'>aliqua</span> <span class='ocrx_word' id='word_1_129' title='bbox 1106 1998 1202 2063; x_wconf 82' lang='lat' dir='ltr'>laude</span> <span class='ocrx_word' id='word_1_130' title='bbox 1226 2002 1259 2063; x_wconf 91' lang='lat' dir='ltr'>et</span> 
     </span>
     <span class='ocr_line' id='line_1_17' title="bbox 56 2107 1258 2195; baseline -0.007 -18"><span class='ocrx_word' id='word_1_131' title='bbox 56 2131 132 2195; x_wconf 84' lang='lat' dir='ltr'>quae</span> <span class='ocrx_word' id='word_1_132' title='bbox 155 2112 258 2194; x_wconf 79' lang='lat' dir='ltr'>magis</span> <span class='ocrx_word' id='word_1_133' title='bbox 281 2111 324 2176; x_wconf 85' lang='lat' dir='ltr'>ad</span> <span class='ocrx_word' id='word_1_134' title='bbox 344 2111 534 2193; x_wconf 79' lang='lat' dir='ltr'>dignitatern</span> <span class='ocrx_word' id='word_1_135' title='bbox 554 2109 726 2191; x_wconf 87' lang='lat' dir='ltr'>pertineat,</span> <span class='ocrx_word' id='word_1_136' title='bbox 751 2111 956 2183; x_wconf 80' lang='lat' dir='ltr'>cohonestat3</span> <span class='ocrx_word' id='word_1_137' title='bbox 980 2107 1128 2172; x_wconf 91' lang='lat' dir='ltr'>modeste</span> <span class='ocrx_word' id='word_1_138' title='bbox 1147 2109 1258 2169; x_wconf 85' lang='lat' dir='ltr'>tamen</span> 
     </span>
     <span class='ocr_line' id='line_1_18' title="bbox 56 2208 1258 2299; baseline -0.006 -16"><span class='ocrx_word' id='word_1_139' title='bbox 56 2218 270 2284; x_wconf 89' lang='lat' dir='ltr'>lectissimum</span> <span class='ocrx_word' id='word_1_140' title='bbox 288 2218 375 2294; x_wconf 89' lang='lat' dir='ltr'>dicit,</span> <span class='ocrx_word' id='word_1_141' title='bbox 400 2218 535 2282; x_wconf 85' lang='lat' dir='ltr'>fratrem</span> <span class='ocrx_word' id='word_1_142' title='bbox 552 2235 667 2280; x_wconf 86' lang='lat' dir='ltr'>verens</span> <span class='ocrx_word' id='word_1_143' title='bbox 684 2217 914 2299; x_wconf 81' lang='lat' dir='ltr'>amplissimum</span> <span class='ocrx_word' id='word_1_144' title='bbox 929 2213 1106 2296; x_wconf 83' lang='lat' dir='ltr'>appellere.</span> <span class='ocrx_word' id='word_1_145' title='bbox 1117 2208 1143 2295; x_wconf 85' lang='lat'>¹)</span> <span class='ocrx_word' id='word_1_146' title='bbox 1177 2212 1258 2277; x_wconf 84' lang='lat' dir='ltr'>Pra-</span> 
     </span>
     <span class='ocr_line' id='line_1_19' title="bbox 56 2314 1258 2407; baseline -0.005 -19"><span class='ocrx_word' id='word_1_147' title='bbox 56 2323 130 2388; x_wconf 86' lang='lat' dir='ltr'>vius</span> <span class='ocrx_word' id='word_1_148' title='bbox 152 2327 264 2389; x_wconf 83' lang='lat' dir='ltr'>tumen</span> <span class='ocrx_word' id='word_1_149' title='bbox 288 2324 391 2389; x_wconf 91' lang='lat' dir='ltr'>multo</span> <span class='ocrx_word' id='word_1_150' title='bbox 415 2344 515 2407; x_wconf 84' lang='lat' dir='ltr'>quam</span> <span class='ocrx_word' id='word_1_151' title='bbox 539 2324 572 2387; x_wconf 86' lang='lat' dir='ltr'>In</span> <span class='ocrx_word' id='word_1_152' title='bbox 595 2322 657 2387; x_wconf 92' lang='lat' dir='ltr'>hoc</span> <span class='ocrx_word' id='word_1_153' title='bbox 680 2322 751 2387; x_wconf 92' lang='lat' dir='ltr'>Ioco</span> <span class='ocrx_word' id='word_1_154' title='bbox 775 2321 904 2386; x_wconf 88' lang='lat' dir='ltr'>scholiis</span> <span class='ocrx_word' id='word_1_155' title='bbox 927 2320 989 2385; x_wconf 89' lang='lat' dir='ltr'>illis</span> <span class='ocrx_word' id='word_1_156' title='bbox 1013 2314 1157 2384; x_wconf 81' lang='lat' dir='ltr'>Klotzius</span> <span class='ocrx_word' id='word_1_157' title='bbox 1180 2338 1258 2383; x_wconf 93' lang='lat' dir='ltr'>usus</span> 
     </span>
     <span class='ocr_line' id='line_1_20' title="bbox 58 2425 1313 2512; baseline -0.004 -18"><span class='ocrx_word' id='word_1_158' title='bbox 58 2433 110 2494; x_wconf 86' lang='lat' dir='ltr'>est</span> <span class='ocrx_word' id='word_1_159' title='bbox 132 2429 165 2493; x_wconf 91' lang='lat' dir='ltr'>in</span> <span class='ocrx_word' id='word_1_160' title='bbox 188 2431 335 2496; x_wconf 82' lang='lat' dir='ltr'>oratione</span> <span class='ocrx_word' id='word_1_161' title='bbox 358 2451 418 2512; x_wconf 91' lang='lat' dir='ltr'>pro</span> <span class='ocrx_word' id='word_1_162' title='bbox 442 2430 507 2494; x_wconf 81' lang='lat' dir='ltr'>llil.</span> <span class='ocrx_word' id='word_1_163' title='bbox 532 2428 549 2510; x_wconf 60' lang='grc' dir='ltr'>ᾗ</span> <span class='ocrx_word' id='word_1_164' title='bbox 576 2430 626 2505; x_wconf 78' lang='lat'>12,</span> <span class='ocrx_word' id='word_1_165' title='bbox 658 2429 715 2493; x_wconf 92' lang='lat' dir='ltr'>ubi</span> <span class='ocrx_word' id='word_1_166' title='bbox 739 2448 839 2511; x_wconf 89' lang='lat' dir='ltr'>quum</span> <span class='ocrx_word' id='word_1_167' title='bbox 863 2428 1064 2504; x_wconf 77' lang='lat' dir='ltr'>scholiastes,</span> <span class='ocrx_word' id='word_1_168' title='bbox 1099 2446 1140 2490; x_wconf 92' lang='lat' dir='ltr'>ne</span> <span class='ocrx_word' id='word_1_169' title='bbox 1164 2425 1259 2490; x_wconf 89' lang='lat' dir='ltr'>nimis</span> <span class='ocrx_word' id='word_1_170' title='bbox 1274 2436 1313 2476; x_wconf 66' lang='grc' dir='ltr'>ιιι</span> 
     </span>
     <span class='ocr_line' id='line_1_21' title="bbox 59 2532 1260 2616; baseline -0.005 -16"><span class='ocrx_word' id='word_1_171' title='bbox 59 2535 164 2600; x_wconf 80' lang='lat' dir='ltr'>mults</span> <span class='ocrx_word' id='word_1_172' title='bbox 188 2537 289 2602; x_wconf 86' lang='lat' dir='ltr'>verba</span> <span class='ocrx_word' id='word_1_173' title='bbox 313 2537 524 2613; x_wconf 88' lang='lat' dir='ltr'>describeret,</span> <span class='ocrx_word' id='word_1_174' title='bbox 555 2536 597 2600; x_wconf 87' lang='lat' dir='ltr'>ab</span> <span class='ocrx_word' id='word_1_175' title='bbox 621 2536 671 2600; x_wconf 92' lang='lat' dir='ltr'>his</span> <span class='ocrx_word' id='word_1_176' title='bbox 694 2536 803 2600; x_wconf 87' lang='lat' dir='ltr'>verbis</span> <span class='ocrx_word' id='word_1_177' title='bbox 832 2554 924 2599; x_wconf 88' lang='lat' dir='ltr'>orsus</span> <span class='ocrx_word' id='word_1_178' title='bbox 949 2537 1049 2598; x_wconf 89' lang='lat' dir='ltr'>esset:</span> <span class='ocrx_word' id='word_1_179' title='bbox 1085 2532 1260 2616; x_wconf 80' lang='lat' dir='ltr'>appelletur</span> 
     </span>
    </p>
   </div>
   <div class='ocr_carea' id='block_1_3' title="bbox 53 2638 1259 2833">
    <p class='ocr_par' dir='ltr' id='par_1_3' title="bbox 53 2638 1259 2833">
     <span class='ocr_line' id='line_1_22' title="bbox 59 2638 1259 2726; baseline -0.003 -20"><span class='ocrx_word' id='word_1_180' title='bbox 59 2643 107 2706; x_wconf 86' lang='lat' dir='ltr'>ito</span> <span class='ocrx_word' id='word_1_181' title='bbox 129 2663 215 2720; x_wconf 79' lang='lat' dir='ltr'>sorec,</span> <span class='ocrx_word' id='word_1_182' title='bbox 248 2663 286 2707; x_wconf 85' lang='lat' dir='ltr'>ac</span> <span class='ocrx_word' id='word_1_183' title='bbox 309 2647 431 2720; x_wconf 79' lang='lat' dir='ltr'>tamen,</span> <span class='ocrx_word' id='word_1_184' title='bbox 461 2663 525 2726; x_wconf 86' lang='lat' dir='ltr'>quo</span> <span class='ocrx_word' id='word_1_185' title='bbox 549 2648 712 2726; x_wconf 86' lang='lat' dir='ltr'>spectaret</span> <span class='ocrx_word' id='word_1_186' title='bbox 735 2663 798 2708; x_wconf 84' lang='lat' dir='ltr'>vox</span> <span class='ocrx_word' id='word_1_187' title='bbox 820 2643 877 2719; x_wconf 86' lang='lat' dir='ltr'>ito,</span> <span class='ocrx_word' id='word_1_188' title='bbox 912 2640 1125 2722; x_wconf 79' lang='lat' dir='ltr'>significasset</span> <span class='ocrx_word' id='word_1_189' title='bbox 1148 2638 1259 2703; x_wconf 87' lang='lat' dir='ltr'>addito</span> 
     </span>
     <span class='ocr_line' id='line_1_23' title="bbox 53 2746 1258 2833; baseline -0.002 -21"><span class='ocrx_word' id='word_1_190' title='bbox 53 2751 197 2833; x_wconf 83' lang='lat' dir='ltr'>potentia</span> <span class='ocrx_word' id='word_1_191' title='bbox 220 2749 281 2833; x_wconf 86' lang='lat' dir='ltr'>(ito</span> <span class='ocrx_word' id='word_1_192' title='bbox 303 2771 379 2815; x_wconf 81' lang='lat' dir='ltr'>sone</span> <span class='ocrx_word' id='word_1_193' title='bbox 390 2747 555 2833; x_wconf 81' lang='lat' dir='ltr'>potentio),</span> <span class='ocrx_word' id='word_1_194' title='bbox 579 2750 641 2815; x_wconf 89' lang='lat' dir='ltr'>hoc</span> <span class='ocrx_word' id='word_1_195' title='bbox 657 2749 710 2814; x_wconf 91' lang='lat' dir='ltr'>ille</span> <span class='ocrx_word' id='word_1_196' title='bbox 726 2749 830 2814; x_wconf 89' lang='lat' dir='ltr'>editor</span> <span class='ocrx_word' id='word_1_197' title='bbox 845 2748 878 2811; x_wconf 93' lang='lat' dir='ltr'>in</span> <span class='ocrx_word' id='word_1_198' title='bbox 894 2747 1056 2813; x_wconf 88' lang='lat' dir='ltr'>Ciceronis</span> <span class='ocrx_word' id='word_1_199' title='bbox 1079 2746 1258 2812; x_wconf 88' lang='lat' dir='ltr'>orationem</span> 
     </span>
    </p>
   </div>
   <div class='ocr_carea' id='block_1_4' title="bbox 88 2975 1265 4645">
    <p class='ocr_par' dir='ltr' id='par_1_4' title="bbox 88 2975 1265 4645">
     <span class='ocr_line' id='line_1_24' title="bbox 88 2975 1260 3045; baseline -0.004 -12"><span class='ocrx_word' id='word_1_200' title='bbox 88 2976 112 3045; x_wconf 92' lang='lat'>¹)</span> <span class='ocrx_word' id='word_1_201' title='bbox 130 2979 219 3034; x_wconf 87' lang='lat' dir='ltr'>Nihilo</span> <span class='ocrx_word' id='word_1_202' title='bbox 238 2980 337 3033; x_wconf 89' lang='lat' dir='ltr'>melius</span> <span class='ocrx_word' id='word_1_203' title='bbox 357 2979 409 3032; x_wconf 88' lang='lat' dir='ltr'>hoc</span> <span class='ocrx_word' id='word_1_204' title='bbox 427 2978 592 3034; x_wconf 85' lang='lat' dir='ltr'>adiectivum</span> <span class='ocrx_word' id='word_1_205' title='bbox 610 2988 699 3034; x_wconf 83' lang='lat' dir='ltr'>rectos</span> <span class='ocrx_word' id='word_1_206' title='bbox 718 2997 734 3033; x_wconf 84' lang='lat' dir='ltr'><strong>a</strong></span> <span class='ocrx_word' id='word_1_207' title='bbox 752 2978 890 3033; x_wconf 90' lang='lat' dir='ltr'>codicibus</span> <span class='ocrx_word' id='word_1_208' title='bbox 913 2982 942 3031; x_wconf 85' lang='lat' dir='ltr'>el</span> <span class='ocrx_word' id='word_1_209' title='bbox 965 2976 1159 3031; x_wconf 89' lang='lat' dir='ltr'>recentissimis</span> <span class='ocrx_word' id='word_1_210' title='bbox 1178 2975 1260 3029; x_wconf 89' lang='lat' dir='ltr'>edito·</span> 
     </span>
     <span class='ocr_line' id='line_1_25' title="bbox 132 3063 1261 3137; baseline -0.008 -14"><span class='ocrx_word' id='word_1_211' title='bbox 132 3069 209 3123; x_wconf 88' lang='lat' dir='ltr'>ribus</span> <span class='ocrx_word' id='word_1_212' title='bbox 227 3068 337 3123; x_wconf 90' lang='lat' dir='ltr'>obtrudi</span> <span class='ocrx_word' id='word_1_213' title='bbox 356 3068 464 3121; x_wconf 85' lang='lat' dir='ltr'>videtur</span> <span class='ocrx_word' id='word_1_214' title='bbox 482 3067 605 3122; x_wconf 86' lang='lat' dir='ltr'>Ciceroni</span> <span class='ocrx_word' id='word_1_215' title='bbox 629 3069 656 3122; x_wconf 91' lang='lat' dir='ltr'>iu</span> <span class='ocrx_word' id='word_1_216' title='bbox 681 3068 804 3122; x_wconf 83' lang='lat' dir='ltr'>oratioue</span> <span class='ocrx_word' id='word_1_217' title='bbox 827 3085 877 3137; x_wconf 88' lang='lat' dir='ltr'>pro</span> <span class='ocrx_word' id='word_1_218' title='bbox 901 3067 1029 3122; x_wconf 85' lang='lat' dir='ltr'>Deiotaro</span> <span class='ocrx_word' id='word_1_219' title='bbox 1047 3065 1064 3133; x_wconf 60' lang='grc' dir='ltr'><strong>ξ</strong></span> <span class='ocrx_word' id='word_1_220' title='bbox 1082 3065 1124 3129; x_wconf 84' lang='grc'>16,</span> <span class='ocrx_word' id='word_1_221' title='bbox 1153 3064 1200 3118; x_wconf 90' lang='lat' dir='ltr'>ubi</span> <span class='ocrx_word' id='word_1_222' title='bbox 1223 3063 1261 3115; x_wconf 88' lang='lat' dir='ltr'>sic</span> 
     </span>
     <span class='ocr_line' id='line_1_26' title="bbox 132 3152 1261 3226; baseline -0.005 -15"><span class='ocrx_word' id='word_1_223' title='bbox 132 3158 269 3212; x_wconf 89' lang='lat' dir='ltr'>scribunt:</span> <span class='ocrx_word' id='word_1_224' title='bbox 297 3160 363 3225; x_wconf 81' lang='lat' dir='ltr'>Quis</span> <span class='ocrx_word' id='word_1_225' title='bbox 382 3160 577 3212; x_wconf 78' lang='lat' dir='ltr'>consideratior</span> <span class='ocrx_word' id='word_1_226' title='bbox 595 3159 661 3211; x_wconf 80' lang='lat' dir='ltr'>ittet</span> <span class='ocrx_word' id='word_1_227' title='bbox 681 3160 743 3226; x_wconf 83' lang='lat' dir='ltr'>quis</span> <span class='ocrx_word' id='word_1_228' title='bbox 764 3161 882 3212; x_wconf 78' lang='lat' dir='ltr'>rectiori</span> <span class='ocrx_word' id='word_1_229' title='bbox 903 3160 964 3226; x_wconf 80' lang='lat' dir='ltr'>quis</span> <span class='ocrx_word' id='word_1_230' title='bbox 984 3156 1168 3224; x_wconf 76' lang='lat' dir='ltr'>prudentiori</span> <span class='ocrx_word' id='word_1_231' title='bbox 1193 3152 1261 3206; x_wconf 79' lang='lat' dir='ltr'>n‘am</span> 
     </span>
     <span class='ocr_line' id='line_1_27' title="bbox 131 3240 1260 3314; baseline -0.005 -15"><span class='ocrx_word' id='word_1_232' title='bbox 131 3255 221 3300; x_wconf 83' lang='lat' dir='ltr'>rectos</span> <span class='ocrx_word' id='word_1_233' title='bbox 239 3248 315 3301; x_wconf 84' lang='lat' dir='ltr'>homo</span> <span class='ocrx_word' id='word_1_234' title='bbox 335 3263 432 3314; x_wconf 86' lang='lat' dir='ltr'>neque,</span> <span class='ocrx_word' id='word_1_235' title='bbox 453 3250 483 3299; x_wconf 89' lang='lat' dir='ltr'>ut</span> <span class='ocrx_word' id='word_1_236' title='bbox 501 3245 731 3314; x_wconf 73' lang='lat' dir='ltr'>Stuerenburgius</span> <span class='ocrx_word' id='word_1_237' title='bbox 749 3246 817 3309; x_wconf 88' lang='lat' dir='ltr'>vult,</span> <span class='ocrx_word' id='word_1_238' title='bbox 836 3250 964 3300; x_wconf 82' lang='lat' dir='ltr'>constans</span> <span class='ocrx_word' id='word_1_239' title='bbox 983 3249 1011 3298; x_wconf 90' lang='lat' dir='ltr'>et</span> <span class='ocrx_word' id='word_1_240' title='bbox 1029 3243 1118 3312; x_wconf 77' lang='lat' dir='ltr'>gravis</span> <span class='ocrx_word' id='word_1_241' title='bbox 1137 3240 1260 3309; x_wconf 78' lang='lat' dir='ltr'>intelligi-</span> 
     </span>
     <span class='ocr_line' id='line_1_28' title="bbox 134 3331 1262 3402; baseline -0.005 -13"><span class='ocrx_word' id='word_1_242' title='bbox 134 3339 187 3399; x_wconf 86' lang='lat' dir='ltr'>tur,</span> <span class='ocrx_word' id='word_1_243' title='bbox 206 3339 350 3389; x_wconf 81' lang='lat' dir='ltr'>temerario</span> <span class='ocrx_word' id='word_1_244' title='bbox 369 3334 520 3388; x_wconf 83' lang='lat' dir='ltr'>contrarius</span> <span class='ocrx_word' id='word_1_245' title='bbox 538 3333 646 3400; x_wconf 80' lang='lat' dir='ltr'>(firmus</span> <span class='ocrx_word' id='word_1_246' title='bbox 664 3342 688 3387; x_wconf 83' lang='lat' dir='ltr'>et</span> <span class='ocrx_word' id='word_1_247' title='bbox 706 3342 794 3387; x_wconf 84' lang='lat' dir='ltr'>rectus</span> <span class='ocrx_word' id='word_1_248' title='bbox 812 3349 899 3402; x_wconf 86' lang='lat' dir='ltr'>quum</span> <span class='ocrx_word' id='word_1_249' title='bbox 918 3333 1026 3397; x_wconf 86' lang='lat' dir='ltr'>dicitur,</span> <span class='ocrx_word' id='word_1_250' title='bbox 1051 3331 1226 3401; x_wconf 74' lang='lat' dir='ltr'>sIgnificatur,</span> <span class='ocrx_word' id='word_1_251' title='bbox 1246 3347 1262 3382; x_wconf 83' lang='lat' dir='ltr'>s</span> 
     </span>
     <span class='ocr_line' id='line_1_29' title="bbox 133 3419 1262 3492; baseline -0.005 -15"><span class='ocrx_word' id='word_1_252' title='bbox 133 3428 208 3478; x_wconf 85' lang='lat' dir='ltr'>recta</span> <span class='ocrx_word' id='word_1_253' title='bbox 227 3424 271 3478; x_wconf 83' lang='lat' dir='ltr'>via</span> <span class='ocrx_word' id='word_1_254' title='bbox 290 3424 411 3492; x_wconf 84' lang='lat' dir='ltr'>ailquem</span> <span class='ocrx_word' id='word_1_255' title='bbox 431 3423 522 3491; x_wconf 86' lang='lat' dir='ltr'>pravis</span> <span class='ocrx_word' id='word_1_256' title='bbox 541 3422 660 3476; x_wconf 85' lang='lat' dir='ltr'>consiliis</span> <span class='ocrx_word' id='word_1_257' title='bbox 679 3439 735 3476; x_wconf 91' lang='lat' dir='ltr'>non</span> <span class='ocrx_word' id='word_1_258' title='bbox 754 3422 913 3487; x_wconf 85' lang='lat' dir='ltr'>demoveri),</span> <span class='ocrx_word' id='word_1_259' title='bbox 933 3436 1031 3490; x_wconf 89' lang='lat' dir='ltr'>neque,</span> <span class='ocrx_word' id='word_1_260' title='bbox 1056 3425 1087 3474; x_wconf 93' lang='lat' dir='ltr'>ut</span> <span class='ocrx_word' id='word_1_261' title='bbox 1110 3419 1262 3473; x_wconf 82' lang='lat' dir='ltr'>Beneckius</span> 
     </span>
     <span class='ocr_line' id='line_1_30' title="bbox 134 3507 1262 3582; baseline -0.005 -16"><span class='ocrx_word' id='word_1_262' title='bbox 134 3518 221 3582; x_wconf 88' lang='lat' dir='ltr'>putat,</span> <span class='ocrx_word' id='word_1_263' title='bbox 246 3513 294 3581; x_wconf 93' lang='lat' dir='ltr'>qui</span> <span class='ocrx_word' id='word_1_264' title='bbox 318 3517 391 3567; x_wconf 85' lang='lat' dir='ltr'>recte</span> <span class='ocrx_word' id='word_1_265' title='bbox 417 3511 526 3565; x_wconf 84' lang='lat' dir='ltr'>iudicat.</span> <span class='ocrx_word' id='word_1_266' title='bbox 563 3511 658 3580; x_wconf 82' lang='lat' dir='ltr'>Neque</span> <span class='ocrx_word' id='word_1_267' title='bbox 676 3512 735 3565; x_wconf 85' lang='lat' dir='ltr'>haec</span> <span class='ocrx_word' id='word_1_268' title='bbox 753 3516 810 3564; x_wconf 85' lang='lat' dir='ltr'>tam</span> <span class='ocrx_word' id='word_1_269' title='bbox 828 3511 884 3564; x_wconf 89' lang='lat' dir='ltr'>lete</span> <span class='ocrx_word' id='word_1_270' title='bbox 908 3515 1005 3579; x_wconf 85' lang='lat' dir='ltr'>petens</span> <span class='ocrx_word' id='word_1_271' title='bbox 1023 3510 1084 3563; x_wconf 83' lang='lat' dir='ltr'>leus</span> <span class='ocrx_word' id='word_1_272' title='bbox 1104 3512 1177 3562; x_wconf 86' lang='lat' dir='ltr'>recte</span> <span class='ocrx_word' id='word_1_273' title='bbox 1195 3507 1262 3560; x_wconf 92' lang='lat' dir='ltr'>iudi-</span> 
     </span>
     <span class='ocr_line' id='line_1_31' title="bbox 135 3595 1262 3668; baseline -0.005 -14"><span class='ocrx_word' id='word_1_274' title='bbox 135 3600 214 3655; x_wconf 87' lang='lat' dir='ltr'>candi</span> <span class='ocrx_word' id='word_1_275' title='bbox 237 3602 271 3655; x_wconf 86' lang='lat' dir='ltr'>sd</span> <span class='ocrx_word' id='word_1_276' title='bbox 297 3601 371 3655; x_wconf 88' lang='lat' dir='ltr'>hunc</span> <span class='ocrx_word' id='word_1_277' title='bbox 393 3601 484 3654; x_wconf 90' lang='lat' dir='ltr'>Iocum</span> <span class='ocrx_word' id='word_1_278' title='bbox 507 3605 572 3668; x_wconf 86' lang='lat' dir='ltr'>apta</span> <span class='ocrx_word' id='word_1_279' title='bbox 595 3606 645 3655; x_wconf 88' lang='lat' dir='ltr'>est.</span> <span class='ocrx_word' id='word_1_280' title='bbox 682 3601 761 3668; x_wconf 91' lang='lat' dir='ltr'>Quod</span> <span class='ocrx_word' id='word_1_281' title='bbox 785 3605 878 3654; x_wconf 86' lang='lat' dir='ltr'>autern</span> <span class='ocrx_word' id='word_1_282' title='bbox 897 3617 915 3653; x_wconf 84' lang='lat' dir='ltr'>a</span> <span class='ocrx_word' id='word_1_283' title='bbox 932 3600 993 3652; x_wconf 84' lang='lat' dir='ltr'>teeti</span> <span class='ocrx_word' id='word_1_284' title='bbox 1010 3599 1127 3653; x_wconf 78' lang='lat' dir='ltr'>hominis</span> <span class='ocrx_word' id='word_1_285' title='bbox 1145 3595 1262 3664; x_wconf 88' lang='lat' dir='ltr'>appella·</span> 
     </span>
     <span class='ocr_line' id='line_1_32' title="bbox 136 3683 1263 3750; baseline -0.005 -7"><span class='ocrx_word' id='word_1_286' title='bbox 136 3689 210 3743; x_wconf 90' lang='lat' dir='ltr'>tione</span> <span class='ocrx_word' id='word_1_287' title='bbox 234 3689 356 3743; x_wconf 86' lang='lat' dir='ltr'>honestae</span> <span class='ocrx_word' id='word_1_288' title='bbox 379 3688 513 3742; x_wconf 84' lang='lat' dir='ltr'>cautionis</span> <span class='ocrx_word' id='word_1_289' title='bbox 538 3689 678 3744; x_wconf 89' lang='lat' dir='ltr'>notionem</span> <span class='ocrx_word' id='word_1_290' title='bbox 703 3690 847 3744; x_wconf 85' lang='lat' dir='ltr'>excludere</span> <span class='ocrx_word' id='word_1_291' title='bbox 870 3691 1012 3750; x_wconf 85' lang='lat' dir='ltr'>conantur,</span> <span class='ocrx_word' id='word_1_292' title='bbox 1041 3690 1073 3741; x_wconf 92' lang='lat' dir='ltr'>ut</span> <span class='ocrx_word' id='word_1_293' title='bbox 1096 3683 1263 3741; x_wconf 79' lang='lat' dir='ltr'>fraudulenti</span> 
     </span>
     <span class='ocr_line' id='line_1_33' title="bbox 135 3773 1264 3846; baseline -0.004 -15"><span class='ocrx_word' id='word_1_294' title='bbox 135 3777 220 3831; x_wconf 82' lang='lat' dir='ltr'>animi</span> <span class='ocrx_word' id='word_1_295' title='bbox 239 3779 411 3846; x_wconf 84' lang='lat' dir='ltr'>relinquatur</span> <span class='ocrx_word' id='word_1_296' title='bbox 434 3776 518 3846; x_wconf 86' lang='lat' dir='ltr'>(quod</span> <span class='ocrx_word' id='word_1_297' title='bbox 537 3794 667 3831; x_wconf 73' lang='lat' dir='ltr'>occursus</span> <span class='ocrx_word' id='word_1_298' title='bbox 685 3787 710 3831; x_wconf 81' lang='lat' dir='ltr'>et</span> <span class='ocrx_word' id='word_1_299' title='bbox 728 3786 811 3833; x_wconf 76' lang='lat' dir='ltr'>tectim</span> <span class='ocrx_word' id='word_1_300' title='bbox 830 3779 857 3831; x_wconf 93' lang='lat' dir='ltr'>in</span> <span class='ocrx_word' id='word_1_301' title='bbox 881 3777 1045 3832; x_wconf 86' lang='lat' dir='ltr'>deteriorem</span> <span class='ocrx_word' id='word_1_302' title='bbox 1069 3779 1177 3843; x_wconf 83' lang='lat' dir='ltr'>portem</span> <span class='ocrx_word' id='word_1_303' title='bbox 1201 3773 1264 3827; x_wconf 92' lang='lat' dir='ltr'>dici·</span> 
     </span>
     <span class='ocr_line' id='line_1_34' title="bbox 135 3862 1264 3936; baseline -0.005 -15"><span class='ocrx_word' id='word_1_304' title='bbox 135 3865 204 3931; x_wconf 89' lang='lat' dir='ltr'>tur),</span> <span class='ocrx_word' id='word_1_305' title='bbox 233 3867 334 3920; x_wconf 80' lang='lat' dir='ltr'>trustra</span> <span class='ocrx_word' id='word_1_306' title='bbox 360 3883 472 3935; x_wconf 89' lang='lat' dir='ltr'>prorsus</span> <span class='ocrx_word' id='word_1_307' title='bbox 499 3866 632 3920; x_wconf 85' lang='lat' dir='ltr'>nituntur.</span> <span class='ocrx_word' id='word_1_308' title='bbox 674 3867 743 3920; x_wconf 87' lang='lat' dir='ltr'>Nam</span> <span class='ocrx_word' id='word_1_309' title='bbox 766 3883 856 3936; x_wconf 87' lang='lat' dir='ltr'>neque</span> <span class='ocrx_word' id='word_1_310' title='bbox 879 3866 996 3935; x_wconf 90' lang='lat' dir='ltr'>Philipp.</span> <span class='ocrx_word' id='word_1_311' title='bbox 1015 3864 1093 3929; x_wconf 87' lang='lat' dir='ltr'>XIII,</span> <span class='ocrx_word' id='word_1_312' title='bbox 1121 3862 1138 3915; x_wconf 85' lang='grc'>6</span> <span class='ocrx_word' id='word_1_313' title='bbox 1161 3862 1212 3916; x_wconf 90' lang='lat' dir='ltr'>nisi</span> <span class='ocrx_word' id='word_1_314' title='bbox 1237 3863 1264 3915; x_wconf 83' lang='lat' dir='ltr'>ri</span> 
     </span>
     <span class='ocr_line' id='line_1_35' title="bbox 135 3951 1264 4024; baseline -0.004 -15"><span class='ocrx_word' id='word_1_315' title='bbox 135 3955 259 4024; x_wconf 78' lang='lat' dir='ltr'>eripient,</span> <span class='ocrx_word' id='word_1_316' title='bbox 284 3956 374 4009; x_wconf 88' lang='lat' dir='ltr'>locum</span> <span class='ocrx_word' id='word_1_317' title='bbox 394 3962 420 4009; x_wconf 90' lang='lat' dir='ltr'>et</span> <span class='ocrx_word' id='word_1_318' title='bbox 439 3955 562 4008; x_wconf 82' lang='lat' dir='ltr'>Vaticani</span> <span class='ocrx_word' id='word_1_319' title='bbox 581 3955 680 4009; x_wconf 86' lang='lat' dir='ltr'>codIcis</span> <span class='ocrx_word' id='word_1_320' title='bbox 699 3973 716 4010; x_wconf 84' lang='lat' dir='ltr'><strong>a</strong></span> <span class='ocrx_word' id='word_1_321' title='bbox 734 3956 823 4024; x_wconf 84' lang='lat' dir='ltr'>prima</span> <span class='ocrx_word' id='word_1_322' title='bbox 841 3972 927 4010; x_wconf 84' lang='lat' dir='ltr'>manu</span> <span class='ocrx_word' id='word_1_323' title='bbox 945 3955 1079 4024; x_wconf 87' lang='lat' dir='ltr'>scriptura</span> <span class='ocrx_word' id='word_1_324' title='bbox 1098 3957 1126 4006; x_wconf 85' lang='lat' dir='ltr'>el</span> <span class='ocrx_word' id='word_1_325' title='bbox 1144 3951 1203 4020; x_wconf 87' lang='lat' dir='ltr'>ipse</span> <span class='ocrx_word' id='word_1_326' title='bbox 1221 3967 1264 4005; x_wconf 91' lang='lat' dir='ltr'>ce-</span> 
     </span>
     <span class='ocr_line' id='line_1_36' title="bbox 136 4043 1264 4114; baseline -0.005 -16"><span class='ocrx_word' id='word_1_327' title='bbox 136 4049 258 4098; x_wconf 88' lang='lat' dir='ltr'>terorum</span> <span class='ocrx_word' id='word_1_328' title='bbox 277 4043 486 4114; x_wconf 83' lang='lat' dir='ltr'>interpolatione</span> <span class='ocrx_word' id='word_1_329' title='bbox 504 4046 674 4111; x_wconf 79' lang='lat' dir='ltr'>(protectior)</span> <span class='ocrx_word' id='word_1_330' title='bbox 693 4044 831 4099; x_wconf 86' lang='lat' dir='ltr'>munitum</span> <span class='ocrx_word' id='word_1_331' title='bbox 850 4050 878 4099; x_wconf 90' lang='lat' dir='ltr'>et</span> <span class='ocrx_word' id='word_1_332' title='bbox 896 4043 1041 4107; x_wconf 84' lang='lat' dir='ltr'>sententis,</span> <span class='ocrx_word' id='word_1_333' title='bbox 1060 4057 1146 4110; x_wconf 82' lang='lat' dir='ltr'>equs</span> <span class='ocrx_word' id='word_1_334' title='bbox 1161 4045 1189 4093; x_wconf 85' lang='lat' dir='ltr'>et</span> <span class='ocrx_word' id='word_1_335' title='bbox 1203 4056 1264 4093; x_wconf 90' lang='lat' dir='ltr'>con·</span> 
     </span>
     <span class='ocr_line' id='line_1_37' title="bbox 136 4126 1265 4202; baseline -0.006 -16"><span class='ocrx_word' id='word_1_336' title='bbox 136 4133 243 4187; x_wconf 80' lang='lat' dir='ltr'>stantiae</span> <span class='ocrx_word' id='word_1_337' title='bbox 271 4138 298 4187; x_wconf 87' lang='lat' dir='ltr'>et</span> <span class='ocrx_word' id='word_1_338' title='bbox 326 4133 393 4186; x_wconf 89' lang='lat' dir='ltr'>recti</span> <span class='ocrx_word' id='word_1_339' title='bbox 422 4132 513 4187; x_wconf 90' lang='lat' dir='ltr'>iudicii</span> <span class='ocrx_word' id='word_1_340' title='bbox 540 4133 700 4201; x_wconf 76' lang='lat' dir='ltr'>significatio</span> <span class='ocrx_word' id='word_1_341' title='bbox 724 4133 861 4198; x_wconf 88' lang='lat' dir='ltr'>abhorret,</span> <span class='ocrx_word' id='word_1_342' title='bbox 890 4149 979 4202; x_wconf 90' lang='lat' dir='ltr'>neque</span> <span class='ocrx_word' id='word_1_343' title='bbox 1003 4131 1038 4185; x_wconf 88' lang='lat' dir='ltr'>de</span> <span class='ocrx_word' id='word_1_344' title='bbox 1061 4129 1136 4183; x_wconf 84' lang='lat' dir='ltr'>Oret.</span> <span class='ocrx_word' id='word_1_345' title='bbox 1154 4128 1188 4193; x_wconf 90' lang='lat'>11,</span> <span class='ocrx_word' id='word_1_346' title='bbox 1212 4126 1265 4179; x_wconf 75' lang='lat'>2913</span> 
     </span>
     <span class='ocr_line' id='line_1_38' title="bbox 137 4220 1265 4291; baseline -0.004 -17"><span class='ocrx_word' id='word_1_347' title='bbox 137 4221 315 4286; x_wconf 71' lang='lat' dir='ltr'>efficient-ut</span> <span class='ocrx_word' id='word_1_348' title='bbox 334 4222 477 4290; x_wconf 84' lang='lat' dir='ltr'>Antonius,</span> <span class='ocrx_word' id='word_1_349' title='bbox 496 4222 573 4276; x_wconf 90' lang='lat' dir='ltr'>cuius</span> <span class='ocrx_word' id='word_1_350' title='bbox 592 4238 679 4290; x_wconf 75' lang='lat' dir='ltr'>genus</span> <span class='ocrx_word' id='word_1_351' title='bbox 691 4222 737 4286; x_wconf 92' lang='lat' dir='ltr'>III,</span> <span class='ocrx_word' id='word_1_352' title='bbox 756 4220 791 4274; x_wconf 77' lang='lat'>32</span> <span class='ocrx_word' id='word_1_353' title='bbox 804 4224 1003 4291; x_wconf 72' lang='lat' dir='ltr'>premunitum</span> <span class='ocrx_word' id='word_1_354' title='bbox 1021 4226 1045 4272; x_wconf 82' lang='lat' dir='ltr'>et</span> <span class='ocrx_word' id='word_1_355' title='bbox 1057 4235 1090 4272; x_wconf 82' lang='lat' dir='ltr'>ex</span> <span class='ocrx_word' id='word_1_356' title='bbox 1102 4220 1265 4285; x_wconf 74' lang='lat' dir='ltr'>omniparis</span> 
     </span>
     <span class='ocr_line' id='line_1_39' title="bbox 137 4306 1265 4380; baseline -0.005 -16"><span class='ocrx_word' id='word_1_357' title='bbox 137 4319 251 4378; x_wconf 75' lang='lat' dir='ltr'>ereptum</span> <span class='ocrx_word' id='word_1_358' title='bbox 269 4310 433 4380; x_wconf 85' lang='lat' dir='ltr'>appelletur,</span> <span class='ocrx_word' id='word_1_359' title='bbox 461 4310 504 4363; x_wconf 91' lang='lat' dir='ltr'>hic</span> <span class='ocrx_word' id='word_1_360' title='bbox 527 4310 619 4378; x_wconf 81' lang='lat' dir='ltr'>potins</span> <span class='ocrx_word' id='word_1_361' title='bbox 636 4313 803 4364; x_wconf 82' lang='lat' dir='ltr'>rectissimus</span> <span class='ocrx_word' id='word_1_362' title='bbox 821 4310 850 4364; x_wconf 91' lang='lat' dir='ltr'>in</span> <span class='ocrx_word' id='word_1_363' title='bbox 869 4310 983 4363; x_wconf 87' lang='lat' dir='ltr'>dicendo</span> <span class='ocrx_word' id='word_1_364' title='bbox 1003 4306 1040 4374; x_wconf 88' lang='lat' dir='ltr'>(id</span> <span class='ocrx_word' id='word_1_365' title='bbox 1060 4310 1132 4360; x_wconf 85' lang='lat' dir='ltr'>essct</span> <span class='ocrx_word' id='word_1_366' title='bbox 1150 4323 1205 4359; x_wconf 83' lang='lat' dir='ltr'>non</span> <span class='ocrx_word' id='word_1_367' title='bbox 1223 4308 1265 4372; x_wconf 69' lang='lat' dir='ltr'>ot·</span> 
     </span>
     <span class='ocr_line' id='line_1_40' title="bbox 135 4396 1265 4466; baseline -0.005 -13"><span class='ocrx_word' id='word_1_368' title='bbox 135 4400 258 4466; x_wconf 73' lang='lat' dir='ltr'>frotetus,</span> <span class='ocrx_word' id='word_1_369' title='bbox 278 4405 309 4453; x_wconf 93' lang='grc' dir='ltr'>ιιι</span> <span class='ocrx_word' id='word_1_370' title='bbox 328 4398 441 4453; x_wconf 81' lang='lat' dir='ltr'>Caeseris</span> <span class='ocrx_word' id='word_1_371' title='bbox 460 4399 649 4453; x_wconf 83' lang='lat' dir='ltr'>commentarii</span> <span class='ocrx_word' id='word_1_372' title='bbox 668 4415 686 4452; x_wconf 87' lang='lat' dir='ltr'>a</span> <span class='ocrx_word' id='word_1_373' title='bbox 703 4398 832 4453; x_wconf 90' lang='lat' dir='ltr'>Cicerone</span> <span class='ocrx_word' id='word_1_374' title='bbox 854 4402 922 4452; x_wconf 83' lang='lat' dir='ltr'>recti</span> <span class='ocrx_word' id='word_1_375' title='bbox 944 4396 1089 4461; x_wconf 71' lang='lat' dir='ltr'>vocentur)</span> <span class='ocrx_word' id='word_1_376' title='bbox 1112 4411 1197 4463; x_wconf 83' lang='lat' dir='ltr'>quam</span> <span class='ocrx_word' id='word_1_377' title='bbox 1215 4403 1265 4448; x_wconf 85' lang='lat' dir='ltr'>tec-</span> 
     </span>
     <span class='ocr_line' id='line_1_41' title="bbox 137 4482 1264 4556; baseline -0.004 -15"><span class='ocrx_word' id='word_1_378' title='bbox 137 4491 259 4542; x_wconf 81' lang='lat' dir='ltr'>tissimus</span> <span class='ocrx_word' id='word_1_379' title='bbox 277 4488 391 4542; x_wconf 83' lang='lat' dir='ltr'>dicatur.</span> <span class='ocrx_word' id='word_1_380' title='bbox 428 4487 498 4541; x_wconf 84' lang='lat' dir='ltr'>Nem</span> <span class='ocrx_word' id='word_1_381' title='bbox 516 4496 599 4541; x_wconf 79' lang='lat' dir='ltr'>tectus</span> <span class='ocrx_word' id='word_1_382' title='bbox 617 4494 667 4552; x_wconf 90' lang='lat' dir='ltr'>est,</span> <span class='ocrx_word' id='word_1_383' title='bbox 695 4487 750 4556; x_wconf 86' lang='lat' dir='ltr'>qul,</span> <span class='ocrx_word' id='word_1_384' title='bbox 779 4491 810 4541; x_wconf 91' lang='lat' dir='ltr'>ut</span> <span class='ocrx_word' id='word_1_385' title='bbox 834 4487 873 4541; x_wconf 81' lang='lat' dir='ltr'>ait</span> <span class='ocrx_word' id='word_1_386' title='bbox 891 4486 1020 4540; x_wconf 83' lang='lat' dir='ltr'>Horatius</span> <span class='ocrx_word' id='word_1_387' title='bbox 1039 4483 1106 4551; x_wconf 80' lang='lat' dir='ltr'>(Sat.</span> <span class='ocrx_word' id='word_1_388' title='bbox 1126 4485 1146 4549; x_wconf 90' lang='lat' dir='ltr'>I,</span> <span class='ocrx_word' id='word_1_389' title='bbox 1165 4482 1191 4548; x_wconf 87' lang='grc'>3,</span> <span class='ocrx_word' id='word_1_390' title='bbox 1210 4483 1264 4549; x_wconf 83' lang='grc'>59),</span> 
     </span>
     <span class='ocr_line' id='line_1_42' title="bbox 138 4576 638 4645; baseline 0 -15"><span class='ocrx_word' id='word_1_391' title='bbox 138 4577 207 4630; x_wconf 89' lang='lat' dir='ltr'>nulli</span> <span class='ocrx_word' id='word_1_392' title='bbox 225 4577 299 4631; x_wconf 82' lang='lat' dir='ltr'>melo</span> <span class='ocrx_word' id='word_1_393' title='bbox 318 4577 391 4631; x_wconf 86' lang='lat' dir='ltr'>latus</span> <span class='ocrx_word' id='word_1_394' title='bbox 409 4576 486 4630; x_wconf 87' lang='lat' dir='ltr'>obdit</span> <span class='ocrx_word' id='word_1_395' title='bbox 503 4582 638 4645; x_wconf 87' lang='lat' dir='ltr'>apertum.</span> 
     </span>
    </p>
   </div>
   <div class='ocr_carea' id='block_1_5' title="bbox 0 0 1507 5190">
    <p class='ocr_par' dir='ltr' id='par_1_5' title="bbox 0 0 1507 5190">
     <span class='ocr_line' id='line_1_43' title="bbox 0 0 1507 5190; baseline 0 0"><span class='ocrx_word' id='word_1_396' title='bbox 0 0 1507 5190; x_wconf 95' lang='lat' dir='ltr'> </span> 
     </span>
    </p>
   </div>
  </div>
 </body>
</html>
