2948 5206
722 311 785 375 461

138 508 289 594 primus,
313 504 347 568 ni
375 503 480 582 fallor,
511 505 597 579 dico;
632 507 682 569 est
710 506 797 570 enim
827 506 860 569 in
884 506 1080 572 editionibus
1103 507 1211 573 Plauti
1234 511 1266 572 et
1290 508 1353 573 Te-

143 613 253 682 rentii
274 612 357 675 mira
379 611 413 674 in
440 610 502 674 bac
532 630 568 674 re
599 611 826 689 inconstantia,
861 614 907 677 sic
937 617 1049 678 tamen
1081 619 1281 696 comparata,
1316 620 1354 681 ut

150 718 308 785 iacillime
332 721 366 781 et
389 716 568 781 certissime
591 718 712 782 veritas
736 723 890 801 emergat.
937 720 1021 784 Nam
1046 727 1079 787 et
1100 720 1189 803 foco,
1219 723 1297 786 scies
1319 726 1353 786 et

155 827 248 909 faxo,
278 826 361 888 scias
384 829 418 890 et
438 824 529 907 faro,
563 824 648 889 dices
671 829 704 888 et
725 823 815 907 faxo,
850 825 940 890 dicos
969 828 1057 892 nullo
1081 828 1267 893 discrimine
1290 829 1352 912 legi

160 918 307 996 ridetur,
327 931 394 996 Nec
416 932 479 997 boc
502 931 582 997 satis
605 931 790 995 defenditur
814 934 1057 1014 comparatione
1081 932 1160 999 usus
1179 935 1352 1000 modomm

165 1039 192 1103 in
217 1037 518 1121 interrogationibus
536 1037 754 1120 pendentibus
775 1038 920 1103 nondum
942 1040 1022 1103 satis
1043 1040 1210 1105 constituti
1234 1040 1351 1123 (quan-

171 1164 258 1225 quam
277 1146 304 1210 is
327 1145 460 1228 quidem
484 1146 641 1209 hactenus
673 1148 811 1221 constat,
847 1150 883 1209 ut
911 1146 1008 1228 plane
1036 1150 1170 1228 superet
1198 1147 1351 1212 coniunc-

174 1248 271 1332 tivus),
291 1253 325 1316 in
339 1256 409 1316 tam
425 1252 599 1334 perspicua
613 1252 700 1314 enim
717 1250 924 1327 diiunctione,
948 1255 985 1315 ut
1001 1255 1059 1316 aut
1080 1254 1352 1336 coniungerentur

178 1354 232 1420 duo
249 1358 343 1423 rerba
365 1359 457 1423 iuxta
480 1359 588 1440 posita
611 1360 669 1421 aut
691 1356 829 1421 alterum
859 1358 951 1422 alteri
975 1358 1099 1423 directa
1122 1360 1247 1424 ratione
1271 1362 1351 1425 sub·

180 1460 355 1545 tingeretur,
396 1466 451 1528 vix
490 1464 641 1528 videntur
680 1463 779 1527 iidem
818 1464 992 1546 scriptores
1028 1466 1117 1530 casui
1153 1466 1350 1549 permisisse,

182 1570 267 1634 utrum
286 1571 374 1654 saxo,
410 1571 494 1634 dices
522 1590 566 1634 an
591 1569 682 1652 faxo,
717 1569 808 1634 dicas
834 1576 1003 1652 ponerent,
1039 1592 1141 1654 quum
1168 1574 1350 1655 praesertim

183 1690 320 1756 nunquam
344 1676 533 1758 scripserint
554 1675 689 1758 focium,
712 1678 800 1754 scies
830 1677 889 1741 sed
912 1679 1189 1742 constantissime:
1216 1679 1351 1761 faciam,

184 1784 302 1847 dedas.
347 1784 417 1848 Iam
440 1784 467 1846 si
491 1782 563 1865 quis
592 1782 680 1847 locos
710 1785 840 1846 tantum
868 1785 1059 1861 numerarit,
1094 1785 1121 1849 si
1150 1805 1282 1866 paucos,
1318 1784 1352 1849 in

184 1886 274 1965 quihus
295 1891 459 1973 discrepat
481 1890 652 1973 scriptura,
683 1889 855 1970 exceperit,
880 1890 969 1971 apud
992 1891 1145 1956 Plautum
1169 1894 1202 1955 et
1225 1891 1350 1956 Teren·
1364 1911 1391 1950 π

184 1988 244 2059 tium
263 1998 397 2081 amplius
421 1997 656 2080 quinquaginta
679 1995 757 2060 locis
781 1995 993 2059 indicativum
1011 1998 1152 2078 reperiet
1170 2001 1244 2079 post
1259 1997 1349 2078 faxo,

184 2100 391 2170 reductivum
427 2104 553 2169 circiter
586 2103 740 2168 sedecim.
792 2101 937 2179 Accedit,
973 2103 1061 2184 quod
1096 2104 1189 2168 facile
1224 2105 1348 2181 credas

183 2199 301 2275 librarios
334 2211 540 2276 insolentiam
575 2210 693 2274 veteris
722 2210 881 2273 sermonis
910 2209 1068 2274 mutando
1099 2210 1284 2275 traduxisse
1307 2212 1350 2276 ad

182 2324 238 2375 eam
256 2318 420 2394 rationem,
456 2338 529 2399 quae
559 2321 591 2381 et
620 2317 691 2398 ipsa
719 2335 778 2397 per
806 2334 842 2379 se
865 2319 1048 2398 occurreret
1072 2316 1181 2381 animo
1205 2321 1238 2380 et
1260 2319 1349 2400 apud

181 2409 328 2501 Virgilian,
353 2422 515 2503 Ovidium,
540 2424 666 2488 Livium
690 2422 760 2486 sola
784 2425 871 2486 esset
894 2421 1030 2497 usitata3
1053 2423 1087 2486 hi
1111 2423 1198 2487 enirn
1219 2444 1350 2506 semper·

182 2525 409 2607 coniunctirum,
444 2531 512 2594 sire
547 2529 660 2594 addita
694 2529 762 2593 sive
797 2527 919 2593 omissa
953 2529 1128 2609 particula,
1164 2529 1348 2594 subiiciunt.

179 2620 244 2701 (Vid-
264 2637 377 2701 Schell.
402 2640 435 2700 et
458 2635 605 2717 Forcell.)
651 2636 718 2699 Nec
747 2635 780 2699 id
809 2636 851 2698 ab
879 2637 942 2698 hac
970 2636 1154 2716 suspicione
1184 2635 1367 2726 abhorret,

177 2737 246 2806 quod
265 2762 327 2808 uno
351 2743 484 2807 omnino
507 2742 577 2807 loco
600 2744 634 2807 in
657 2743 809 2808 omnibus
826 2742 933 2806 Plauti
958 2741 1125 2806 comoediis
1150 2743 1248 2806 etiam
1272 2762 1348 2824 par-

176 2831 285 2912 ticulam
306 2849 430 2914 librarii
454 2848 658 2913 addiderunt.
669 2845 695 2930 ¹)
742 2849 861 2912 Verum
885 2849 956 2912 haec
985 2849 1094 2912 omnia
1123 2849 1246 2911 incerta
1276 2848 1349 2930 quis

173 2934 258 3027 ‘³5⁰³st
292 2956 371 3020 illud
411 2956 626 3021 certissimum
663 2960 713 3020 est
747 2974 943 3036 omnemque
979 2955 1061 3019 tollit
1095 2954 1347 3029 dubitationem;

171 3042 337 3144 ubicunque
360 3062 446 3126 enirn
470 3061 603 3145 syllabis
632 3066 665 3125 et
687 3081 850 3135 mensura,
886 3080 952 3125 non
983 3061 1052 3124 sola
1083 3061 1199 3124 litterae
1228 3083 1248 3124 α
1278 3065 1349 3125 ete

165 3163 400 3259 remunetione,
431 3189 451 3232 a
480 3168 682 3232 coniunctivo
706 3169 875 3250 praesentis
899 3168 1056 3248 temporis
1079 3167 1179 3231 distat
1203 3168 1347 3231 futurum

162 3259 325 3353 Indicatiri,
350 3279 387 3340 ut
409 3294 515 3356 neque
539 3294 647 3338 errore
672 3274 793 3339 librarii
817 3292 922 3354 neque
945 3273 1195 3355 interpolatione
1219 3274 1346 3338 oblitte-

156 3368 214 3431 sifl'
240 3398 351 3446 verum
375 3383 526 3464 potuerit,
551 3381 596 3445 ita
620 3384 807 3446 constanter
830 3380 975 3443 futurum
1000 3380 1165 3445 indicativi
1188 3384 1345 3456 servatur,

153 3467 254 3549 1¹th
275 3509 358 3553 unus
382 3488 514 3570 quidem
532 3488 621 3552 locus
640 3487 835 3569 excipiatur;
858 3487 1000 3568 triginta,
1025 3487 1168 3568 inquam,
1194 3490 1347 3569 quattuor

147 3559 223 3645 '⁰⁰¹'ss
262 3594 376 3678 legitur
405 3594 494 3676 foro,
529 3593 703 3657 invidebitis
733 3599 765 3658 et
793 3593 919 3669 similia,
954 3613 1117 3675 nusquam
1139 3594 1229 3674 suco,
1266 3601 1347 3656 aroer

140 3682 193 3742 ³¹¹st
225 3701 334 3766 simile
357 3702 541 3783 quicquam,
571 3703 620 3764 bis
644 3702 776 3765 omnino
798 3700 887 3781 faro,
911 3701 961 3776 sit,
986 3700 1042 3763 ubi
1066 3719 1180 3763 versus
1205 3699 1347 3762 admittit

134 3784 258 3887 ‘'fi-²)
300 3809 490 3874 Cavendum
514 3813 625 3872 tamen
648 3807 787 3884 videtur,
823 3806 978 3887 quoniam
1007 3807 1039 3869 in
1068 3826 1152 3869 novo
1182 3808 1346 3887 praecepto
1360 3832 1387 3871 ra

128 3908 414 3959 Nm„-

149 4000 173 4072 1)
204 4031 324 4093 Asinar.
344 4039 375 4102 V,
394 4038 419 4095 2.
438 4037 473 4090 48
489 4040 566 4104 faro,
594 4045 621 4088 ut
645 4039 716 4089 ocios
740 4035 778 4095 (in
803 4036 877 4089 exitu
896 4051 990 4089 versus
1010 4040 1118 4088 tetram.
1142 4035 1227 4089 troch.
1247 4033 1344 4098 catal).

205 4114 305 4182 Nemo
329 4128 464 4182 editorum
489 4126 580 4189 hesic
608 4141 673 4179 nam
698 4141 779 4177 uerno
803 4124 860 4177 iere
884 4141 916 4178 ex
940 4124 980 4185 iis,
1009 4125 1055 4193 qui
1079 4141 1175 4178 omnes
1199 4123 1346 4176 comoedias

204 4210 375 4279 ediderint,
410 4217 437 4269 in
466 4214 587 4283 diligenti
615 4215 804 4268 observatione
833 4214 932 4268 veteris
964 4213 1085 4282 syntaxis
1119 4212 1281 4274 elaboravit;
1314 4228 1346 4263 ac

204 4305 342 4374 Dierique
360 4312 420 4359 turn
440 4305 575 4368 vixerunt,
594 4320 679 4372 quum
699 4308 788 4356 totum
807 4304 859 4356 hoc
878 4320 963 4371 genus
982 4320 1081 4372 parum
1097 4302 1233 4355 subtiliter
1248 4306 1345 4354 tracta·

132 4432 146 4463 ,
203 4379 307 4448 batur.

146 4450 162 4505 1
202 4478 362 4552 Αρροιιαηι
387 4482 551 4544 testimonia,
580 4487 609 4535 ut
633 4481 774 4549 inspicere,
803 4480 850 4549 qui
879 4480 952 4544 velit,
980 4479 1072 4548 possit.
1109 4481 1189 4533 Faxo
1212 4484 1344 4548 sequente

209 4577 267 4626 aut
285 4573 455 4641 praecedente
474 4571 622 4625 indicativo
640 4570 682 4623 his
700 4570 767 4623 locis
787 4570 896 4638 legitur:
920 4570 1027 4623 Plaut.
1047 4568 1183 4636 Amphitr.
1200 4569 1220 4631 l,
1240 4568 1264 4634 1,
1284 4568 1344 4630 199,
