2948 5206
662 273 727 341 233

143 464 234 547 qudem
261 466 390 545 sufficit,
426 467 515 550 quod
548 469 661 550 gravia
695 487 795 533 onera
829 465 952 534 Latinis
982 469 1115 534 coloniis
1144 471 1292 552 impone-

141 570 230 637 butor.
258 573 361 639 Paulo
384 575 490 640 maior
505 594 661 640 mensura
676 576 744 658 agri
761 578 1045 653 commemoratur,
1070 576 1155 641 dena
1170 577 1292 659 iugera,

139 678 312 759 bSrmrnia,
347 700 423 764 quae
447 680 563 746 eodem
587 701 674 747 anno
698 679 791 764 (183)
818 682 852 745 in
880 681 1045 746 Etruriam
1074 678 1215 748 deducta
1244 687 1296 749 est

97 842 100 891 ἱ
138 784 188 866 1111.
204 786 343 865 XXXIX,
375 785 443 870 55),
478 787 584 853 minor
615 789 649 853 in
672 787 844 867 Graviscis
876 789 977 869 quina
1005 788 1117 872 iugera
1145 788 1203 872 (id.
1226 790 1293 869 XL,

97 898 99 983 ξ
135 890 180 975 a),
205 913 339 976 eamque
374 899 409 959 et
440 898 626 977 propterea,
662 898 695 959 et
723 894 811 976 quod
840 895 873 959 in
902 895 1031 960 Etruria
1059 899 1140 975 erat,
1176 897 1295 963 civium

97 998 100 1119 j
134 999 252 1066 cobrium
275 1000 378 1066 tuisse
407 1005 498 1083 puto.
545 1001 611 1066 Sed
642 1001 770 1066 duobus
801 1001 944 1066 millibus
976 1001 1096 1066 civium
1125 1003 1295 1068 Romano·

97 1126 100 1181 ι
132 1125 184 1185 uu,
207 1107 261 1190 qui
283 1127 317 1172 a.
342 1106 404 1188 177
430 1107 557 1171 Lunam
586 1107 717 1172 deducti
740 1111 826 1186 sunt,
858 1107 1089 1191 quinquagena
1112 1116 1144 1173 et
1167 1109 1295 1192 singula

97 1186 101 1329 l
131 1210 205 1295 lucra
225 1219 259 1279 et
281 1213 438 1279 semisses
462 1215 532 1296 agri
555 1214 624 1278 dati
647 1219 733 1293 sunt,
758 1214 879 1297 ingenti
903 1215 1089 1279 discrimine
1112 1213 1194 1298 (Liv.
1211 1215 1293 1295 XLI,

97 1332 101 1473 ι
132 1319 162 1397 13,
178 1320 211 1385 al.
236 1315 339 1402 17).)
376 1320 424 1385 Ea
448 1319 574 1385 colonia
597 1320 769 1403 Liguribus
792 1321 943 1404 opposita
967 1325 1017 1386 est
1040 1321 1111 1387 loco
1135 1329 1293 1404 opportu-

97 1478 100 1493 .
130 1443 225 1492 uerno

97 1500 101 1641 l
186 1533 325 1616 lamque,
349 1534 453 1613 ltalia,
478 1534 529 1599 cui
547 1532 652 1598 Gallia
669 1533 855 1615 Cispadane
873 1534 1027 1599 adiuncta
1044 1537 1126 1613 erat,
1150 1533 1295 1617 undique
1308 1556 1348 1598 aaa

130 1641 217 1704 nonita
239 1645 273 1705 et
297 1640 512 1718 coalescente,
542 1641 678 1722 antiqua
702 1639 902 1705 coloniarum
926 1639 1193 1705 deducendarum
1217 1658 1294 1705 con·

131 1744 176 1809 ntia
199 1767 291 1829 paene
320 1745 420 1811 finem
448 1746 646 1811 habuerunt.
696 1746 782 1811 Nam
816 1750 936 1829 praeter
970 1747 1158 1825 Auximum,
1193 1766 1293 1828 quarn

132 1850 251 1917 utonem
274 1854 309 1917 in
332 1852 489 1917 Picenum
513 1873 544 1917 a.
567 1854 629 1918 156
654 1857 712 1919 aut
737 1854 798 1917 157
824 1853 999 1918 deductam
1023 1852 1164 1917 Velleius
1182 1853 1295 1917 scribit

134 1954 243 2037 (biennio
265 1963 345 2024 ante
362 1958 512 2024 Cassirnn
529 1960 710 2042 Longinum
735 1979 913 2037 censorem,
938 1959 971 2024 id
995 1962 1055 2036 est,
1079 1962 1156 2024 ante
1174 1959 1293 2037 a.154,
1340 1980 1343 1985 ·

135 2062 332 2131 [reducentis
361 2068 456 2131 annis
488 2069 565 2132 ante
596 2087 696 2150 quam
727 2069 796 2149 ipse
829 2087 859 2131 a.
885 2066 949 2131 783
972 2086 1004 2130 u.
1030 2085 1058 2130 c.
1082 2065 1139 2148 (30
1160 2087 1194 2148 p.
1218 2065 1293 2131 Chr.

138 2168 165 2249 1.)
182 2173 361 2254 opusculum
391 2170 597 2255 composuit),
633 2174 686 2237 vix
717 2175 854 2255 reperio,
890 2178 973 2255 qua's
1004 2180 1116 2237 vetere
1146 2173 1294 2238 instituto

141 2277 241 2343 rodus
261 2283 387 2361 putem,
422 2280 485 2344 nisi
515 2280 599 2345 forte
627 2280 817 2358 Dertonam,
852 2280 886 2344 in
915 2279 1096 2362 Liguribus,
1132 2279 1173 2344 de
1203 2280 1294 2344 cuius

143 2378 244 2450 tducte
264 2405 352 2451 anno
370 2405 436 2450 non
454 2390 582 2452 constat
591 2381 629 2468 ²),
654 2391 687 2452 ei
704 2387 911 2469 Eporediam,
935 2406 1009 2468 quae
1028 2407 1057 2450 a.
1077 2385 1295 2451 100-condita

145 2488 252 2556 darer
265 2493 451 2575 Vagiennos
471 2495 505 2557 in
521 2493 627 2559 Gallia
645 2493 895 2577 Transpadana,
920 2492 1095 2576 Sibyllinis,
1119 2498 1156 2558 ut
1172 2493 1294 2557 Plinius

147 2642 356 2661 κ.-

164 2729 220 2798 lta
234 2741 319 2811 aliqua
337 2741 366 2795 in
389 2741 441 2795 hac
465 2742 571 2795 colonia
594 2741 748 2795 difficultas.
786 2740 854 2794 Nam
883 2742 955 2809 apud
985 2741 1092 2794 Livium
1120 2740 1148 2792 in
1177 2738 1296 2793 editione

191 2827 256 2892 puna
271 2836 313 2884 est
331 2833 454 2890 Lunum
483 2830 557 2899 quod
576 2831 755 2899 Kreyssigius,
780 2830 827 2899 qui
846 2830 976 2893 codicem,
1005 2830 1052 2898 qui
1071 2845 1143 2884 unus
1162 2832 1295 2897 superest,

100 2950 106 2996 ⁴·
192 2914 302 2983 rubuit,
330 2921 436 2974 Lucum
460 2918 552 2984 edidit,
580 2919 795 2973 Drakenborchii
819 2919 845 2971 id
870 2918 1089 2973 commendantis
1112 2917 1233 2972 rationes
1256 2933 1296 2971 se

193 3010 249 3061 ntus
264 3025 320 3063 esse
344 3013 442 3078 potest
480 3008 561 3077 Apud
585 3008 720 3062 Velleiurn
744 3012 838 3061 autem
861 3024 885 3060 a.
906 3006 957 3058 178
981 3006 1127 3074 (189-11)
1150 3008 1228 3059 Lucu
1252 3006 1296 3060 de

97 3082 101 3087 ⁵
195 3091 252 3149 lucta
282 3098 394 3162 dicitur,
427 3114 511 3167 quarn
540 3097 614 3166 apud
641 3097 749 3151 Livium
777 3096 956 3161 substituunt.
1007 3096 1060 3150 Sed
1088 3095 1236 3165 quominus
1264 3112 1297 3149 ea
1366 3156 1369 3163 ¹

105 3257 108 3261 Ι
195 3179 266 3238 dnum
288 3202 346 3241 me
370 3186 498 3256 potuerit,
526 3187 625 3250 obstat,
654 3186 727 3253 quod
752 3186 844 3239 Cicero
868 3184 913 3250 (ad
932 3185 1027 3240 Famil.
1046 3185 1118 3250 XIII,
1143 3184 1188 3250 13)
1208 3183 1296 3238 muni-

104 3290 108 3297 ’
195 3268 268 3337 tipiurn
290 3275 413 3329 Lucense
437 3275 570 3339 nominat,
599 3280 626 3329 et
648 3274 745 3328 Festus
763 3273 794 3339 (s.
814 3291 839 3328 v.
859 3274 1053 3343 Municipium)
1076 3274 1147 3327 inter
1171 3273 1297 3341 exempla

97 3363 105 3404 -’
196 3371 272 3425 toron,
298 3365 344 3434 qui
363 3365 399 3418 ad
418 3363 558 3418 civitatem
578 3380 612 3417 ex
630 3364 823 3432 peregrinitate
842 3364 1025 3433 pervenerint,
1053 3364 1191 3416 Lucenses
1209 3362 1295 3431 ponit.

97 3469 102 3507 ε
196 3443 264 3518 litque
280 3453 363 3508 Lunae
385 3469 487 3507 nomen
511 3469 544 3506 eo
572 3452 659 3520 magis
686 3453 887 3506 restituendum
915 3459 982 3522 puto
1011 3451 1162 3522 Velleiique
1190 3456 1296 3505 textum

97 3600 99 3605 ,
196 3537 261 3600 iltius
281 3558 312 3596 ex
337 3542 452 3595 liviano
477 3541 690 3603 emendandum,
719 3542 793 3609 quod
818 3542 890 3610 apud
915 3542 972 3596 Liv.
992 3541 1070 3605 XLV,
1100 3540 1133 3592 13
1157 3543 1297 3594 Lunenses

197 3623 259 3680 coloni
283 3630 443 3684 Romania.
463 3628 515 3682 168
543 3647 606 3683 curn
635 3630 741 3684 Pisanis
768 3631 984 3685 controversiam
1012 3631 1046 3684 de
1075 3646 1139 3698 agro
1167 3627 1297 3682 habuisse

197 3723 320 3782 uratur
339 3719 386 3788 qui
406 3720 479 3788 quod
499 3718 659 3772 remotiores
672 3737 689 3772 a
702 3719 807 3772 Pisanis
820 3719 1042 3772 Drakenborcbio
1056 3719 1191 3781 videntur,
1211 3717 1295 3770 nesci·
1413 3752 1417 3760 ·

196 3814 247 3866 mus,
261 3823 339 3875 quarn
356 3808 412 3862 late
432 3807 506 3876 regio
525 3808 699 3862 circumiecta
718 3808 745 3861 in
765 3808 872 3861 dicione
890 3808 1024 3871 Pisarunr,
1051 3806 1249 3861 florentissimae
1268 3805 1296 3858 in

196 3885 233 3943 ¹¹³⁰
249 3893 354 3952 bruris
377 3902 455 3967 parte
480 3897 606 3962 civitatis,
631 3897 720 3950 fuerit.
758 3894 801 3964 [ln
825 3896 917 3951 codice
941 3894 1146 3950 Vindobonensi
1169 3894 1297 3947 scribitur

195 3984 277 4036 duno
301 3982 426 4053 colonia]
463 3984 568 4039 1180
595 3985 687 4039 Pisani
716 3985 848 4040 Romanis
876 4004 972 4056 agrurn
1000 3984 1113 4056 polliciti
1140 3988 1213 4047 suut,
1242 3999 1297 4052 quo

196 4064 275 4124 launa
290 4074 395 4129 colonia
413 4074 607 4137 deduceretur;
636 4079 719 4143 atque
742 4074 777 4127 ad
801 4090 862 4128 earn
886 4092 945 4129 rern
970 4073 1106 4129 triumviri
1130 4071 1214 4125 creati
1233 4074 1298 4125 sunt

194 4151 246 4216 (Ut-
260 4159 307 4224 XL,
325 4161 385 4228 43),
414 4179 448 4218 ea
471 4163 518 4216 ubi
542 4163 636 4216 sedem
661 4162 796 4224 hahuerit,
822 4163 926 4223 nescim
957 4180 1023 4216 nam
1050 4166 1157 4215 mutato
1184 4158 1297 4213 consilio

97 4244 102 4303 l
195 4239 278 4302 Lunam
295 4251 395 4306 civium
414 4269 465 4322 pro
483 4251 582 4305 Latina
603 4251 749 4305 deductam
769 4250 861 4315 luisse,
880 4252 926 4305 vix
945 4249 1115 4306 crediderim.

97 4312 100 4357 l
164 4321 179 4389 ²)
192 4330 224 4383 Dt
237 4336 343 4395 Dertona
362 4341 472 4409 ambigi,
500 4340 620 4394 Velleius
645 4340 737 4394 scribit
762 4340 833 4395 inter
851 4341 1022 4410 Carthaginis
1045 4338 1080 4406 (a.
1101 4334 1163 4403 123)
1186 4340 1214 4389 et
1232 4335 1297 4389 Nar·

194 4417 256 4477 bonis
270 4425 301 4491 (a
318 4428 383 4496 118)
400 4428 579 4484 mentionem.
