2956 5190
744 279 808 343 lta

185 477 446 543 circumducatur
469 473 743 555 confirmeturque
767 476 916 552 materia,
952 494 1026 555 quae
1054 472 1099 538 ad
1117 492 1190 537 rem
1213 472 1361 555 pertineat,

185 583 274 649 omni
304 585 457 664 congesta
487 585 520 645 et
549 580 715 663 disposita.
761 581 846 645 Nam
880 581 942 645 hoc
977 598 1107 662 quoque
1141 579 1225 657 fieri,
1258 582 1363 663 quoties

185 691 326 754 maiores
361 687 564 769 antiquitatis
598 686 659 751 loci
695 687 1027 769 comprehendantur,
1062 685 1160 751 valde
1196 686 1306 764 refert,
1332 708 1364 753 ne

185 798 320 878 propter
341 814 441 859 unam
466 798 499 859 et
521 795 659 859 alteram
683 813 752 858 rem
776 779 946 875 partemve
969 793 1118 857 materiae
1135 812 1269 876 semper
1283 794 1366 859 sitatl

185 902 286 967 libros
309 920 427 983 parum
450 901 593 983 alioquin
616 904 736 965 nostrae
760 900 866 964 aetatis
889 901 961 965 usui
985 903 1081 982 aptos
1097 900 1367 965 recurrendumet

187 1011 372 1073 commenta
395 1008 584 1090 opinionum
607 1006 734 1088 pridem
758 1007 951 1071 reiectarum
976 1006 1176 1083 devoranda,
1201 1026 1268 1089 quo
1289 1007 1368 1073 alitur

187 1118 348 1197 praeterea
371 1114 565 1196 pravissima
586 1113 787 1177 consuetudo
804 1113 987 1195 fragmenta
1005 1114 1226 1196 repugnantia
1244 1114 1368 1198 undique

188 1220 400 1286 contrahendi
424 1224 456 1285 et
479 1221 513 1284 in
530 1221 568 1285 iis
585 1219 822 1301 acquiescendi.
856 1220 965 1302 Atque
983 1220 1080 1284 huius
1095 1240 1208 1302 operae
1225 1222 1370 1287 uarauda

187 1326 326 1392 subinde
350 1347 403 1391 me
427 1327 534 1409 ipsum
558 1326 699 1408 impetus
724 1327 818 1408 cepit,
843 1346 942 1407 quum
967 1327 1028 1391 has
1049 1346 1103 1391 res
1122 1326 1246 1392 scholis
1257 1324 1371 1392 'amda-

188 1433 279 1498 micis
293 1452 505 1516 exponerem
529 1433 615 1515 quod
630 1432 796 1522 consilium
815 1437 1068 1499 exsecuturusne
1085 1435 1192 1499 totum
1211 1432 1372 1516 aliquando

189 1542 260 1616 sim,
299 1541 417 1617 nescio,
453 1559 539 1604 nunc
567 1538 697 1621 quidem
727 1539 872 1603 nondum
901 1541 1011 1604 omnia
1034 1539 1186 1604 videntur
1208 1540 1290 1604 satis
1311 1558 1373 1622 per

189 1646 319 1729 quisita,
348 1650 382 1710 et
410 1646 552 1728 alioquin
576 1645 673 1710 aliam
698 1646 881 1727 scriptionis
904 1646 1044 1711 formam
1067 1646 1254 1728 postulant;
1287 1665 1374 1711 unam
1419 1712 1421 1729 ¹

133 1776 174 1816 su
189 1753 285 1817 huius
319 1752 380 1816 loci
413 1755 551 1834 partem,
587 1753 619 1815 in
654 1771 729 1834 qua,
764 1773 864 1833 quum
893 1772 959 1817 non
986 1772 1061 1817 raro
1089 1752 1165 1819 hinc
1194 1754 1375 1820 extollenda

189 1859 371 1941 prudentiae
394 1857 553 1924 Romanae
578 1859 715 1922 materia
738 1855 914 1941 petatur¹),
949 1865 1060 1924 tamen
1091 1860 1214 1925 relictae
1239 1860 1376 1925 videntru

189 1967 357 2049 opiniones
381 1969 414 2031 et
436 1984 546 2030 rerum
570 1963 739 2029 historiam
769 1971 800 2029 et
824 1965 1044 2030 institutorum
1073 1967 1301 2032 Romanorum
1329 1986 1377 2031 na·

188 2078 297 2139 turam
321 2071 603 2153 constantiamque
626 2071 849 2149 obscurantes,
886 2076 919 2137 et
946 2093 1020 2155 quae
1048 2092 1107 2155 per
1135 2093 1173 2138 se
1195 2072 1377 2155 pertractari

188 2200 286 2263 posse
308 2180 447 2257 videtur,
483 2178 545 2242 hoc
572 2182 730 2260 tempore,
766 2178 916 2257 collectis,
953 2200 1027 2261 quae
1055 2180 1196 2245 adrem
1226 2181 1377 2263 pertinere

189 2286 340 2364 arbitror,
375 2304 436 2350 uec
467 2289 579 2350 tamen
610 2285 756 2349 omnium
787 2284 993 2367 opinionibus
1025 2286 1120 2351 anxie
1143 2287 1333 2369 conquisitis
1352 2288 1379 2350 et

189 2392 354 2474 expositis,
379 2393 541 2475 explicare
565 2392 703 2470 decrevi,
728 2392 768 2456 de
787 2391 985 2457 coloniarum
1003 2392 1113 2475 populi
1130 2393 1276 2458 Romani
1292 2412 1379 2476 gene·

187 2500 280 2564 ribus
305 2505 434 2564 etcum
464 2500 586 2582 populo
615 2500 849 2563 coniunctione.
901 2499 984 2564 Nam
1016 2520 1090 2582 quau
1118 2500 1161 2564 ad
1190 2500 1274 2564 ritus
1303 2499 1379 2564 colo-

190 2606 318 2671 niarum
336 2606 601 2672 deducendarum
618 2612 651 2671 et
667 2606 709 2670 ad
732 2606 894 2670 internam
918 2626 1031 2671 earum
1055 2607 1195 2671 tonnam
1215 2605 1380 2688 pertinent,

189 2716 315 2790 omitto,
340 2714 404 2791 illa,
430 2715 506 2796 quia
529 2713 675 2795 vulgaria
699 2718 784 2789 sunt,
809 2713 889 2791 haec,
913 2715 990 2794 quia
1014 2714 1057 2777 ab
1081 2715 1234 2778 universa
1258 2734 1294 2779 re
1317 2732 1381 2779 ruu-

190 2822 320 2903 nicipali
345 2819 483 2901 disiungi
506 2839 571 2883 non
595 2824 742 2900 possunt.
789 2820 857 2884 Erit
885 2825 995 2885 autem
1024 2820 1244 2886 necessarium
1274 2819 1382 2885 intelli·

191 2929 308 3010 gantiae
333 2947 432 2992 causa
456 2925 611 2990 nonnulla
635 2927 820 2990 communia
849 2931 906 2991 aut
935 2944 974 2989 ex
1003 2926 1158 3008 proximis
1187 2926 1383 3010 antiquitatis

192 3037 340 3117 partibus
376 3036 544 3115 attingere,
581 3033 669 3115 quod
704 3034 820 3098 faciam
857 3034 1008 3109 breviter,
1044 3036 1090 3110 et,
1126 3037 1288 3115 quantum
1322 3030 1384 3098 fieri

192 3142 320 3223 poterit,
345 3143 406 3205 nisi
431 3159 585 3205 concessa
609 3144 665 3204 aut
690 3141 731 3203 ab
756 3139 826 3203 aliis
849 3141 914 3204 iam
939 3140 1087 3204 confecta
1111 3145 1168 3205 aut
1190 3144 1310 3222 suapte
1332 3160 1385 3204 na-

193 3251 267 3311 tura
290 3248 462 3329 perspicua
486 3268 551 3312 non
575 3247 748 3324 adhibebo,
779 3267 820 3310 ne
843 3267 937 3311 novae
961 3247 1189 3329 disputationis
1213 3246 1387 3311 necessitas

193 3354 390 3435 imponatur.

283 3460 318 3522 ln
341 3460 442 3537 ltalia,
473 3461 750 3542 quemadmodum
780 3460 811 3523 in
835 3460 997 3542 plerisque
1021 3460 1091 3524 aliis
1115 3459 1277 3542 gentibus,
1308 3458 1389 3524 anti·

193 3567 349 3647 quissimo
373 3570 521 3649 tempore
546 3567 623 3644 fero,
660 3567 714 3648 qui
746 3586 951 3631 communem
976 3567 1093 3629 urbem
1122 3585 1306 3649 agrumque
1335 3565 1390 3631 ad·

195 3672 312 3737 lectum
336 3673 504 3751 tenebant,
537 3678 604 3751 aut,
640 3675 666 3737 si
690 3673 820 3737 vicatim
845 3674 932 3756 regio
956 3673 1066 3754 aliqua
1089 3672 1304 3750 incolebatur,
1340 3670 1391 3753 qui

196 3783 321 3843 tantum
347 3781 415 3862 agri
439 3782 605 3859 tenebant,
630 3785 666 3844 ut
685 3780 854 3845 commode
873 3781 1045 3844 convenire
1063 3779 1220 3844 inlocum
1240 3778 1392 3861 religione

194 3886 299 3949 aliave
323 3906 357 3950 re
382 3886 539 3969 insignem
563 3907 681 3969 resque
705 3907 780 3951 suas
804 3887 864 3968 ipsi
888 3906 984 3969 agere
1008 3889 1151 3969 possent,
1176 3885 1276 3950 iidem
1300 3905 1392 3949 suam

194 3992 364 4057 habebant
397 4013 467 4057 rem
496 3994 660 4074 publicam
698 4015 717 4058 a
747 3994 877 4075 reliquis
912 3995 1103 4070 seiunctam,
1138 4013 1198 4056 nec
1231 3992 1295 4057 alia
1325 3994 1393 4056 erat

196 4100 295 4176 urbis,
330 4099 395 4163 alia
418 4100 528 4181 populi
553 4100 675 4178 civitas,
712 4120 771 4163 nec
800 4101 865 4164 ulla
895 4100 1094 4164 urbanarum
1123 4120 1233 4164 rerum
1257 4099 1391 4164 admini-

196 4207 310 4270 stratio
337 4206 388 4288 ab
426 4208 586 4270 uuiversae
621 4208 667 4270 rei
696 4207 835 4289 publicae
866 4205 1146 4272 administratione
1171 4207 1312 4272 discreta
1335 4225 1392 4270 nec

226 4450 246 4518 ¹)
266 4454 319 4507 Cir.
344 4455 465 4524 Heynius
490 4456 523 4509 de
547 4455 734 4509 Rornanorum
762 4455 907 4524 prudentia
937 4455 963 4507 in
993 4454 1104 4508 coloniis
1133 4454 1257 4523 regendis
1285 4452 1391 4523 (Opusc

269 4542 352 4595 Acad.
371 4543 401 4597 T.
421 4544 468 4609 lll)
488 4550 515 4598 et
534 4545 578 4597 all.
