2948 5206
624 1625 713 1717 XVI
743 1622 831 1721 (IV).

181 1791 237 1885 lie
262 1793 374 1886 locis
402 1794 580 1912 aliquot
608 1774 843 1892 Iuvenalis
873 1797 1163 1917 explicandis
1192 1800 1286 1891 dis-

526 1939 709 2056 putatio
738 1938 901 2031 altera.
912 1937 937 2041 ¹)
1331 1934 1336 1945 ’

228 2226 503 2344 Ᾰηηίνεῑεπίυηι
539 2282 601 2344 boc
636 2279 798 2344 scribendi
832 2299 951 2344 munus
988 2281 1146 2345 eiusmodi
1182 2286 1245 2359 est,
1284 2286 1329 2360 ut,
1346 2299 1384 2339 1⁶⁷

91 2396 101 2435 ²·-
163 2396 238 2459 quum
259 2404 297 2450 ex
311 2388 491 2467 praesentis
515 2386 670 2470 temporis
701 2387 870 2451 occasione
899 2387 1037 2450 ducatur
1066 2391 1099 2450 et
1128 2406 1200 2451 oum
1231 2388 1331 2452 futuri

91 2466 99 2577 ρ’
163 2504 206 2565 spe
223 2493 422 2557 coniunctum
446 2494 497 2572 sit,
533 2514 687 2576 magnam
718 2497 829 2558 tamen
860 2493 983 2562 habeat
1013 2494 1078 2557 vim
1111 2494 1155 2558 ad
1183 2495 1331 2577 praeteri·

163 2592 245 2660 lorum
264 2601 454 2664 memoriam
479 2600 627 2683 scriptori
651 2601 766 2664 saltem
791 2601 1024 2664 renovandam.
1070 2600 1144 2664 Sive
1169 2602 1255 2665 enim
1280 2620 1330 2677 ea,

91 2694 93 2703 ¹
163 2705 268 2782 lropter
288 2726 361 2788 quae
386 2708 659 2772 adscribendum
684 2709 828 2780 vocatur,
862 2707 970 2770 animo
995 2708 1243 2789 contemplatur,
1274 2711 1332 2771 aut

91 2850 93 2855 -
164 2805 251 2883 Optimi
270 2812 353 2894 regis
377 2832 441 2878 non
464 2818 535 2878 tam
558 2834 661 2878 annos
685 2816 875 2894 computare
900 2815 932 2876 in
956 2816 1100 2877 mentem
1121 2814 1210 2878 venit
1233 2834 1331 2895 quam

91 2938 93 2951 ·
164 2924 202 2973 res
220 2917 344 2999 singulis
369 2919 462 2983 annis
486 2940 546 3001 pro
570 2921 676 2985 salute
700 2922 817 2984 civium
841 2924 949 3002 gestas
973 2921 1136 2985 recordari
1160 2924 1193 2984 et
1209 2920 1332 2984 nullam

165 3014 219 3083 u'tae
237 3029 360 3105 partem
384 3046 404 3090 a
427 3028 473 3091 rei
496 3027 636 3110 publicae
668 3048 745 3091 cura
776 3047 925 3103 vacuam,
955 3031 1013 3092 aut
1044 3028 1234 3104 litterarum,
1264 3031 1333 3090 stu·

164 3118 271 3207 diorum,
295 3132 517 3198 institutorum
542 3134 802 3199 academicorum
833 3134 1069 3197 vicissitudines
1098 3134 1332 3215 bominumque

161 3245 201 3293 res
217 3239 383 3303 mutabiles
406 3239 631 3318 obversantur,
656 3242 722 3304 sive
747 3241 789 3304 ab
813 3241 876 3304 hac
896 3240 1037 3322 imagine
1060 3243 1146 3304 retro
1168 3239 1331 3304 adsemel

158 3333 243 3418 ipsum
273 3346 420 3409 animum
455 3349 619 3412 revocavit
653 3345 738 3429 (quis
774 3350 824 3410 est
858 3349 954 3423 enim,
991 3348 1041 3410 cui
1071 3366 1136 3411 non
1166 3348 1199 3410 in
1228 3346 1332 3410 maxi·

154 3463 263 3514 marrim
295 3471 405 3516 rerum
445 3455 640 3536 cogitatione
678 3473 812 3517 suarum
853 3472 982 3535 quoque
1023 3473 1131 3517 rerum
1176 3452 1334 3517 memoria

148 3554 271 3622 subinde
292 3559 531 3642 intercurrat),
564 3560 753 3625 continuum
783 3559 878 3637 illud,
911 3559 945 3622 in
977 3559 1032 3640 qui
1063 3563 1228 3638 versatur,
1264 3563 1333 3623 stu·
1413 3568 1417 3575 '

146 3661 261 3727 diorum
273 3666 469 3731 curriculum
482 3668 575 3749 quasi
593 3668 788 3749 quibusdam
808 3666 893 3731 notis
912 3666 1098 3730 distinctum
1118 3666 1333 3748 conspicatur,

140 3774 178 3835 ut
198 3776 229 3834 et
249 3775 492 3855 progressiones
516 3781 549 3836 et
576 3775 730 3838 flexiones
762 3773 994 3853 anfractusque
1027 3772 1153 3835 facilius
1185 3771 1334 3836 animad-

139 3880 249 3942 vertat.
304 3880 341 3944 ln
382 3900 447 3962 quo
488 3882 674 3962 spectaculo
715 3900 814 3962 quarn
850 3882 882 3944 in
917 3879 1025 3943 varias
1060 3881 1170 3960 partes
1206 3879 1334 3942 animus

134 3986 290 4064 trabatur,
314 4005 417 4068 quum
441 3986 515 4063 alia,
540 3987 567 4050 si
591 4006 656 4051 non
680 3986 840 4059 absoluta,
865 3990 900 4050 at
915 3990 1012 4050 aucta
1028 3989 1140 4049 tamen
1157 3989 1190 4049 el
1209 3985 1334 4066 longius

131 4095 294 4177 provecta,
329 4094 395 4159 alia
424 4113 463 4158 ac
487 4093 626 4159 fortasse
649 4093 743 4175 plura
766 4094 919 4158 inchoata
942 4112 981 4156 ac
1005 4091 1122 4156 deinde
1146 4092 1331 4156 intermissa

165 4354 187 4423 Ι)
203 4358 280 4413 Edita
298 4377 324 4413 a.
338 4358 409 4412 1837
428 4376 523 4413 mense
542 4359 669 4412 Ianuario
688 4358 716 4411 in
729 4359 873 4412 indicendo
893 4364 964 4412 coetu
979 4336 1134 4411 academico
1152 4357 1187 4410 ad
1206 4355 1335 4410 natalicia

207 4447 276 4516 regis
294 4447 430 4502 Frederici
450 4450 486 4502 Vl
505 4449 619 4518 agenda.
657 4447 734 4501 Prior
753 4447 900 4517 disputatio
919 4452 1008 4501 exstat
1031 4447 1060 4499 in
1079 4444 1222 4514 Opusculis
1242 4444 1337 4514 priori·

206 4535 259 4589 bus
277 4553 339 4605 ap.
358 4535 394 4589 29
412 4538 447 4590 ad
467 4536 510 4592 63.
