2948 5206
689 330 754 395 543

205 528 369 610 Deinceps
399 527 489 592 locos
520 526 643 608 aliquot
666 527 836 608 attingam,
871 525 905 589 in
935 525 1054 608 quibus
1085 546 1106 590 a
1137 546 1216 591 vera
1245 547 1320 591 ver·

117 634 237 699 borum
266 633 501 716 significatione
536 637 570 697 et
603 634 840 696 sententiarum
876 635 1102 697 consecutione
1130 634 1375 699 aberraturum

121 746 178 806 est.
225 740 372 819 Quorum
397 740 522 822 primus
546 741 598 815 sit,
628 740 682 820 qui
711 740 744 802 in
768 739 909 820 septima
932 740 1033 803 satira
1062 740 1178 822 legitur
1200 741 1320 805 iudea

123 866 217 913 rersu
257 847 328 925 106,
365 846 421 910 ubi
457 849 555 928 poeta
590 848 756 910 oratorum
793 846 928 927 praemia
962 865 1027 910 non
1062 847 1170 912 minus
1205 849 1321 931 exigua

128 973 193 1019 esse
216 954 303 1030 dicit,
340 972 441 1034 quam
469 972 543 1034 quae
573 953 670 1016 ceteri
700 954 950 1034 consequantur,
985 952 1040 1033 qui
1064 954 1190 1018 artibus
1214 958 1246 1018 et
1269 955 1322 1019 lit·

131 1061 200 1125 teris
221 1080 356 1143 operam
384 1060 477 1123 dent:

302 1220 361 1284 Dic
384 1219 491 1301 igitur,
517 1217 595 1298 quid
619 1217 790 1282 causidicis
814 1218 919 1282 civilia
942 1221 1099 1300 praestent

303 1326 420 1391 Officia
445 1328 477 1389 et
500 1343 620 1406 magno
644 1325 778 1388 comites
802 1325 836 1387 in
859 1326 948 1389 fasce
971 1325 1080 1390 libelli.

305 1434 371 1515 lpsi
393 1452 513 1515 magna
537 1436 665 1509 sonant,
689 1431 748 1495 sed
770 1436 857 1509 tunc,
883 1452 983 1513 quum
1008 1433 1147 1497 creditor
1170 1433 1271 1511 audit,

304 1540 484 1621 Praecipue,
508 1538 560 1601 vel
584 1539 611 1602 si
635 1539 739 1621 tetigit
763 1542 848 1603 latus
872 1540 976 1602 acrior
999 1538 1063 1617 illo,

303 1646 366 1724 Qui
390 1646 479 1709 venit
501 1644 544 1708 ad
568 1644 704 1709 dubium
727 1665 847 1727 magno
871 1665 945 1709 cum
969 1646 1079 1710 codiee
1102 1666 1233 1712 nomen.

303 1753 398 1817 Tunc
421 1751 582 1815 immensa
607 1752 677 1815 cari
701 1753 827 1834 spirant
849 1752 1021 1816 mendacia
1045 1752 1137 1818 folles

302 1858 565 1941 Conspuiturque
588 1856 688 1921 sinus.
735 1858 854 1921 Veram
878 1858 1080 1939 deprendere
1103 1881 1245 1926 messem

303 1967 338 2033 Si
362 1965 451 2041 libet,
476 1965 552 2028 hinc
575 1967 705 2029 centum
731 1965 928 2046 patrimonia
951 1966 1198 2046 causidicorum,

302 2074 402 2139 Parte
425 2071 490 2136 alia
514 2070 617 2135 solum
644 2072 762 2135 russati
786 2091 871 2152 pone
895 2073 1059 2137 Lacernae.

158 2226 255 2299 bboc
287 2235 359 2299 loco
394 2230 483 2314 qdod
517 2230 643 2294 initium
680 2234 750 2293 erat
783 2234 882 2294 rectae
917 2231 1206 2314 interpretationis,
1241 2232 1321 2297 Hei-

158 2338 256 2405 uenus
277 2340 369 2405 vidit.
406 2338 514 2416 Quum
538 2336 624 2400 enim
650 2336 745 2417 vulgo
768 2336 870 2400 verba
896 2336 965 2421 Ipsi
987 2360 1105 2423 inagna
1128 2346 1241 2402 sonunt
1259 2343 1320 2404 cet.

158 2440 188 2507 de
202 2447 358 2513 causidicis
384 2447 418 2510 in
442 2444 512 2509 loro
540 2442 723 2507 dicentibus
752 2443 976 2525 intelligerent,
1013 2445 1056 2509 ad
1088 2467 1187 2528 quam
1219 2446 1321 2511 inter-

158 2556 337 2628 pretationem
368 2550 577 2628 Schmidtius,
613 2548 791 2613 Heineckio
820 2553 1028 2631 reprehenso,
1065 2553 1159 2617 rediit
1191 2557 1224 2618 et
1247 2573 1320 2617 eam

158 2658 281 2724 ructate
303 2661 415 2740 aliqua
439 2655 616 2731 exornavit,
641 2654 838 2719 Heineckius
863 2657 951 2733 vidit,
981 2659 1069 2739 quod
1093 2664 1125 2724 et
1149 2680 1189 2724 ex
1212 2661 1320 2724 verbis

157 2755 213 2839 ipsis
229 2766 413 2848 intelligitur
437 2763 567 2847 (arrogata
591 2762 717 2839 corrant)
747 2770 779 2825 et
808 2783 848 2826 ex
879 2784 991 2828 versus
1023 2769 1085 2829 112
1114 2767 1204 2831 initio
1227 2765 1322 2849 (Cou-

156 2872 305 2959 auitoque
320 2874 420 2946 arran,
444 2891 517 2953 quae
534 2869 635 2933 rerba
652 2873 745 2932 retus
769 2869 959 2934 scholiastes
983 2877 1071 2936 recte
1089 2874 1320 2955 interpretatus

134 2973 202 3055 4⁵1)
227 2985 254 3045 et
287 3000 327 3045 ex
362 2977 673 3043 commemoratione
709 2976 876 3040 creditoris
912 2983 944 3041 et
974 2979 1107 3043 alterius
1136 2980 1230 3057 illius,
1266 2981 1322 3062 qui

157 3085 234 3150 emus
253 3087 338 3151 latus
360 3085 474 3166 tangit,
504 3086 670 3164 postremo
694 3084 803 3146 autem
828 3087 999 3166 perspicue
1023 3106 1063 3150 ex
1086 3087 1136 3151 his
1160 3087 1321 3152 contrarie

155 3185 251 3257 relatis:
287 3192 371 3275 Ipsi
399 3210 517 3273 unoquo
550 3195 663 3251 sorrunt
692 3191 724 3251 ct
755 3189 870 3252 Verum
904 3191 1098 3274 deprendere
1131 3215 1259 3257 arcessam
1293 3197 1322 3257 si

156 3285 207 3359 litu
224 3303 289 3377 cet,
316 3297 502 3361 Iuvenalem
526 3295 668 3375 primum
694 3295 929 3362 causidicorum
954 3319 1031 3364 suas
1055 3301 1223 3366 mercedes
1247 3321 1321 3365 rer·

154 3390 191 3465 lt
207 3402 463 3489 exaggerantium
491 3401 662 3464 mendacia
694 3405 726 3464 et
758 3403 936 3469 vanitatem
961 3407 1077 3472 ridere.
1124 3409 1159 3471 ln
1188 3407 1321 3489 singulis

153 3513 270 3587 uruhus
293 3509 440 3577 nonnihil
464 3507 575 3589 lapsus
599 3512 658 3572 est.
700 3509 780 3572 Haec
804 3513 854 3573 est
877 3511 982 3593 igitur,
1012 3519 1057 3591 ut,
1088 3517 1209 3580 omissa
1231 3514 1320 3578 relu-

152 3614 263 3697 lalione,
305 3618 434 3682 veriora
475 3633 695 3696 exponamuS,
739 3617 974 3683 sententiarum
1012 3621 1211 3704 progressio:
1256 3620 1320 3702 lpsi

148 3726 255 3807 quidem
277 3726 389 3791 omnia
412 3741 533 3803 magna
561 3719 747 3801 loquuntur,
784 3743 920 3805 magnas
952 3728 1012 3791 sibi
1044 3729 1210 3793 mercedes
1239 3728 1319 3792 solvi

141 3834 228 3899 solere
256 3834 366 3897 dicunt
398 3828 529 3912 (inagna
560 3828 701 3907 sou‹1nt);
736 3828 794 3892 scd
830 3830 961 3910 quando
992 3835 1052 3897 hoc
1084 3837 1215 3900 dicunt?
1234 3839 1319 3921 'tum

134 3942 295 4027 praecipue,
331 3956 433 4020 quum
461 3935 482 3997 ii
506 3932 653 4008 audiunt,
690 3955 770 4015 quos
803 3937 1040 4004 causidicorum
1072 3944 1205 4007 interest
1237 3944 1320 4006 bene

128 4050 168 4115 de
189 4047 314 4112 illorum
346 4042 505 4106 reditibus
536 4040 656 4102 sentire
688 4043 720 4103 et
751 4062 887 4124 magnas
897 4090 909 4125 ¹,
920 4046 980 4111 illis
1012 4051 1178 4114 mercedes
1209 4050 1375 4113 venirem

190 4315 298 4371 venalis
315 4313 376 4366 loco
396 4304 569 4361 Heinricbius
588 4305 694 4360 urum
714 4316 814 4377 tuetur,
834 4333 953 4383 praesens
973 4334 1035 4370 cum
1055 4318 1147 4370 tuturo
1166 4321 1239 4370 recte
1258 4332 1320 4369 con·

188 4406 266 4474 iungi
286 4404 441 4459 affirmans;
460 4398 508 4453 sed
528 4397 617 4463 ipsum
636 4412 685 4462 per
703 4416 732 4452 se
751 4420 871 4470 praesens
891 4407 1002 4461 omnino
1018 4407 1178 4460 excluditur.
1207 4406 1320 4472 Deinde,

188 4501 221 4550 ut
242 4495 297 4549 duo
315 4494 442 4565 supplicii
461 4512 561 4564 genera
580 4496 689 4559 alliciat,
710 4514 758 4565 pro
778 4505 801 4550 et
820 4497 913 4551 scribit
932 4505 988 4549 out.
1028 4495 1117 4563 1842]
