2948 5206
675 315 738 380 129
801 359 804 364 -

151 515 240 576 mum
258 511 297 576 cd
317 520 470 590 metram,
494 518 602 574 utrum
624 509 753 574 taudem
776 512 838 575 cet.
880 510 1051 576 Veniamus
1074 512 1230 595 scriptum
1254 517 1305 578 est

148 622 245 702 propter
263 627 413 683 nostram.
422 612 448 700 ¹)

208 725 333 791 Gravius
356 727 429 790 erat
451 723 609 788 mendum
631 723 770 805 proximi
794 722 866 802 loci,
891 743 918 788 c.
942 724 973 801 8,
997 724 1051 789 25.
1086 725 1236 808 lsvulgo
1258 727 1305 790 ita

144 831 324 897 suibehatiu:
359 831 503 917 Atque
490 851 526 894 m
552 829 609 893 boc
632 829 758 914 quidem
780 830 827 894 ool
849 851 920 894 ciem
942 831 1178 910 mordaciori
1200 831 1305 913 cutis

140 939 285 1022 Memini
299 957 364 1022 per
386 958 435 1001 me
457 937 537 1013 licet,
560 957 614 1000 coo
630 936 832 1020 prouinciam
853 935 955 1018 foisse
974 937 1097 1002 Oaeoari
1118 937 1305 1020 tradituros,

140 1045 273 1110 cumea
303 1044 391 1108 Varo
415 1051 443 1108 et
466 1043 655 1130 quibusdam
678 1043 754 1107 otiis
770 1043 926 1127 prohibiti
949 1046 1064 1109 cerdic
1111 1043 1179 1128 Epo
1202 1050 1307 1108 autem

137 1150 280 1233 coicior,
313 1151 442 1235 crctpam
469 1171 533 1215 esec
560 1148 702 1235 Ligarii,
736 1151 792 1236 qui
818 1171 871 1215 vos
897 1157 995 1215 tanta
1017 1150 1126 1215 leudis
1147 1152 1307 1215 occasione

132 1258 290 1341 peraruit.
336 1257 404 1323 Sed
437 1277 497 1340 pro
532 1258 656 1322 eume
689 1257 849 1322 Patricius
876 1259 941 1322 uisi
968 1257 1067 1323 scribi
1095 1257 1207 1336 voluit,
1242 1257 1306 1335 alii,

89 1422 91 1427 .
136 1362 219 1429 Ursini
244 1363 401 1442 codicem,
436 1363 558 1442 idest,
593 1365 813 1429 coniecturam
844 1366 957 1443 secuti,
992 1366 1022 1429 si
1048 1386 1070 1429 c
1105 1363 1308 1448 Varo-pro-

134 1469 204 1534 liiiti
221 1490 283 1535 oon
308 1471 430 1548 eccam
463 1471 584 1552 itaque,
619 1475 731 1536 utrum
753 1473 821 1536 aiat
843 1490 887 1536 an
909 1474 1007 1553 neget
1029 1475 1149 1550 orator,
1178 1475 1308 1537 contro·

133 1572 218 1643 versia
238 1581 297 1642 est.
344 1577 387 1642 Et
408 1576 555 1660 profecto
577 1581 647 1642 tam
671 1580 721 1642 est
743 1596 899 1660 perversa
921 1577 1054 1661 vulgata
1076 1578 1247 1660 scriptura,
1271 1581 1308 1642 ut

132 1683 190 1749 ideo
212 1683 355 1748 refutare
383 1683 426 1748 sit
448 1682 588 1761 difficile,
619 1684 717 1765 quod,
746 1684 911 1766 quomodo
940 1684 1146 1762 defendatur,
1174 1683 1228 1748 vix
1251 1702 1308 1748 en·

132 1792 220 1872 putari
240 1790 354 1874 possit.
395 1789 588 1855 Tuberones
611 1809 648 1856 se
672 1810 692 1855 a
714 1791 852 1874 Ligario,
875 1810 942 1857 non
965 1811 986 1857 a
1007 1790 1104 1869 Varo,
1128 1789 1309 1873 prohibitos

131 1897 275 1978 provincia
299 1897 540 1979 querebantur;
563 1896 729 1978 quomodo
751 1896 858 1980 igitur,
881 1897 939 1963 ubi
961 1897 1034 1976 illis,
1060 1901 1096 1962 ut
1112 1897 1195 1961 falso
1211 1895 1308 1979 glori·

132 2007 220 2081 eninr,
240 2002 449 2086 permittitur,
472 2002 596 2068 mentio
618 2003 685 2069 ulla
700 2003 778 2069 Vari
801 2008 834 2068 et
856 1989 1219 2086 quorundam'aliorum
1237 2021 1310 2068 esse
1324 2023 1363 2068 reo

131 2113 242 2192 polest?
270 2110 345 2175 Non
368 2112 419 2174 est
441 2113 552 2174 autem
575 2108 647 2174 haec
669 2110 827 2192 gloriatio,
851 2110 910 2175 sed
932 2109 1030 2193 plane
1047 2129 1145 2174 sensu
1162 2112 1309 2174 carentes
1387 2154 1389 2159 ,

133 2235 225 2300 noge:
256 2215 416 2282 Prohibiti
448 2235 561 2280 sumus
594 2234 635 2279 ea
665 2216 842 2298 provincia,
877 2234 978 2297 quam
1009 2215 1130 2282 Caesari
1153 2215 1312 2281 tradituri

133 2321 244 2401 inimm,
266 2322 397 2386 etiamsi
420 2355 464 2364 -
486 2320 642 2418 probibiti
666 2341 813 2387 essemus
837 2320 887 2405 (ca
898 2323 1085 2406 procincio3
1108 2321 1150 2387 de
1166 2341 1207 2387 ea
1224 2322 1310 2388 enirn

134 2428 331 2509 prohibitione
353 2427 556 2510 disputatum
590 2428 649 2493 sed
678 2429 794 2494 eadem
823 2448 862 2494 ac
889 2430 958 2494 fere
987 2430 1092 2495 maior
1119 2429 1156 2493 fit
1178 2447 1311 2518 perver-

135 2533 209 2612 aas,
222 2536 249 2599 si
263 2533 436 2616 intelligas,
446 2533 603 2617 prohibiti
618 2530 804 2617 tradere).²)
838 2536 924 2600 Nihil
942 2537 986 2601 illi
1003 2535 1133 2619 gloriari
1149 2539 1311 2617 poterant,

135 2640 185 2704 nisi
203 2641 277 2724 quid
299 2640 417 2706 tacturi
441 2639 588 2719 fuissent,
612 2641 640 2706 si
656 2661 719 2705 ooo
735 2642 889 2724 prohibiti
907 2645 1027 2706 essent.
1062 2642 1182 2706 Verum
1198 2645 1312 2706 tamen

138 2745 204 2811 alsa
235 2752 283 2812 est
315 2747 455 2824 illorum,
491 2767 572 2828 quos
604 2749 793 2825 memoravi,
828 2749 976 2814 mutatio.
1022 2749 1107 2813 Nam
1130 2767 1241 2829 quum,
1275 2751 1313 2812 ut

139 2850 198 2929 dixi,
219 2854 381 2936 Ligarium
405 2853 598 2919 Tuberones
622 2859 825 2931 accusarent,
850 2855 1024 2919 dicendum
1048 2858 1118 2918 erat
1141 2874 1181 2918 ex
1198 2873 1311 2918 eorum

140 2960 277 3024 sententia
300 2961 365 3024 uisi
388 2979 409 3023 a
433 2958 578 3042 Ligurio.
613 2960 778 3025 Praeterea
800 2962 834 3025 in
853 2964 915 3025 hac
933 2963 1058 3026 ratione
1074 2960 1163 3024 nulla
1181 2960 1312 3024 omnino

142 3068 180 3128 est
198 3066 347 3130 connexio
371 3068 469 3130 huius
493 3074 526 3130 et
542 3067 699 3149 proximae
716 3068 902 3132 sententiae:
927 3065 994 3150 Epo
1018 3073 1121 3129 cnon
1138 3064 1312 3147 confitebor,

143 3188 197 3248 nec,
216 3192 285 3254 quae
307 3174 349 3237 sit
372 3172 436 3236 ista
459 3172 618 3238 confessio
641 3174 682 3238 de
706 3175 843 3255 Ligario,
867 3173 1064 3254 intelligitur,
1089 3192 1189 3254 quum
1208 3172 1313 3237 Varus

89 3304 91 3323 ι
146 3279 169 3338 et
186 3267 232 3342 alii
252 3280 395 3344 accusati
419 3283 539 3343 essent.
574 3279 640 3344 Sed
663 3280 808 3344 veritatis
832 3279 1064 3361 investigandae
1082 3280 1169 3344 viam
1187 3280 1313 3345 codices

89 3366 92 3383 ’
147 3386 311 3450 monstrant
357 3385 442 3450 Nam
466 3404 506 3449 ex
529 3387 660 3468 optimis
684 3386 880 3451 Erfurtensis
907 3390 940 3450 et
963 3385 1163 3465 Dresdensis,
1193 3407 1233 3451 en
1256 3386 1314 3450 de·

150 3487 291 3556 tertoribus
312 3490 515 3556 Hauniensis
539 3492 804 3575 Oxoniensesque
824 3497 978 3574 quattuor
996 3513 1055 3575 pro
1073 3500 1176 3556 aretem
1192 3493 1316 3558 habent

174 3762 190 3831 ²)
204 3766 326 3835 [Persona
358 3776 540 3830 mutationem
573 3776 713 3831 ferendam
743 3776 825 3829 luisse
854 3775 989 3844 disputavi
1018 3777 1052 3830 ad
1080 3776 1133 3830 Cic.
1161 3777 1195 3831 de
1222 3776 1280 3829 rin.
1303 3777 1315 3830 1

178 3938 195 4005 'l
208 3945 251 4001 {lec
261 3953 401 4018 probibere
419 3958 461 4008 est
479 3954 676 4023 impedimenta
699 3953 792 4022 aliqua
814 3951 930 4006 obiicere
955 3952 1002 4017 rei,
1030 3952 1068 4005 ita
1091 3959 1121 4007 ut
1144 3959 1236 4007 tamen
1259 3951 1316 4018 fiat,

211 4041 317 4108 nequis
344 4042 423 4096 nobis
450 4043 522 4096 hanc
549 4043 675 4097 conficiat
702 4041 964 4110 interpretationem,
992 4042 1100 4110 gloriari
1128 4042 1317 4097 Tuberonihus

213 4122 287 4192 licere,
311 4146 348 4195 se,
375 4131 399 4185 si
421 4131 533 4185 admissi
557 4137 649 4185 essent
672 4149 689 4186 a
712 4130 827 4198 Ligario,
856 4129 1003 4183 tradituros
1026 4130 1125 4183 Caesari
1148 4130 1316 4198 provinciam

216 4211 290 4280 faiae,
312 4218 417 4273 etiamsi
437 4226 632 4289 repugnassent
651 4226 746 4289 postea
766 4219 819 4272 alii.
857 4219 910 4271 Sed
929 4219 1040 4271 omnino
1060 4219 1093 4271 de
1112 4235 1167 4272 uno
1185 4219 1232 4272 illo
1250 4225 1317 4272 tern-
1406 4267 1410 4273 .

218 4316 269 4367 pore
284 4309 461 4374 querebatur,
488 4325 543 4377 quo
568 4310 737 4377 provinciam
763 4309 864 4361 intrare
889 4308 965 4360 vetiti
989 4313 1074 4360 erant.
1111 4307 1170 4360 Non
1189 4313 1230 4361 est
1249 4323 1318 4375 opus

219 4389 271 4445 alias
294 4397 409 4451 rauones
437 4399 599 4466 excogitare,
627 4415 695 4466 quas
723 4398 848 4451 refutem.
896 4397 966 4450 Satis
994 4397 1067 4449 enirn
1091 4413 1124 4448 ex
1147 4396 1176 4449 P.
1195 4395 1318 4459 Manutii,

219 4481 296 4546 optim
313 4485 473 4554 interpretis,
496 4487 613 4540 obscura
632 4492 659 4540 et
679 4488 809 4555 perplexa
827 4492 892 4539 nota
911 4485 1024 4552 intelligi
1043 4489 1140 4553 potest,
1159 4500 1243 4596 quam
1263 4499 1318 4537 non

223 4572 328 4632 procedat
346 4575 461 4644 vulgatae
479 4576 620 4643 scripturae
638 4574 790 4643 explicatio.

1091 4660 1107 4713 9
