2956 5190
633 297 699 362 679

12 472 25 587 ,ἶ
52 490 98 559 in
120 490 262 576 Mando
282 492 380 557 nimia
402 513 462 575 pro
485 493 581 557 nimia
603 491 754 575 nefando,
778 512 839 558 neo
855 491 1085 558 animadvertit
1100 492 1146 555 sic
1161 490 1265 557 multo

10 590 24 626 '³
54 598 164 665 etiam
186 597 460 665 incredibiliorem
484 599 624 665 formam
649 599 749 665 effici:
784 606 848 664 tom
880 597 1021 681 wando
1043 598 1149 662 nmo.
1195 597 1265 679 Ap·

10 692 17 732 ³
52 708 168 791 paret,
201 707 299 771 ηἰηοίε
320 705 604 788 interpretamenti
627 706 699 772 loco
730 706 772 772 ad
795 706 934 771 sacrius
956 704 1159 788 adscriptum
1182 722 1264 769 esse.

10 800 18 845 ³
51 810 164 879 Miror
185 811 328 890 omnino,
364 831 430 877 non
459 811 608 879 diffidere
638 813 701 879 sibi
731 814 764 879 in
792 813 850 878 tali
873 812 1093 895 disputatione
1116 810 1265 876 homines

53 916 150 985 adeo
171 936 237 984 non
260 918 385 984 Latinae
409 919 565 985 orationis
588 919 707 986 idonea
721 919 857 986 scientia
872 920 1057 995 instructos,
1082 922 1118 982 ut
1128 924 1265 1002 mutar-

54 1025 187 1090 mieisae
214 1027 247 1090 et
263 1025 557 1110 precaminum
577 1025 679 1109 fuisse
701 1030 889 1111 permutent
912 1025 958 1111 (p.
982 1024 1039 1108 50)
1067 1025 1196 1107 aliaque
1223 1023 1265 1090 si·

53 1130 155 1197 milia
177 1132 311 1197 minime
334 1150 410 1197 raro
433 1132 650 1199 committant.

152 1237 219 1304 Sed
240 1241 386 1321 praestat,
411 1239 533 1304 omissa
555 1239 720 1305 refutandi
744 1244 778 1305 et
792 1239 1054 1322 reprehendendi
1075 1239 1264 1318 acerbitate,

57 1344 149 1411 duas
170 1364 224 1411 res
247 1345 390 1411 breviter
413 1347 582 1429 attingere,
607 1365 682 1429 quae
706 1347 749 1412 ad
772 1349 876 1411 lotam
900 1346 986 1410 bano
1002 1365 1071 1411 rem
1089 1346 1266 1429 prudenter

54 1450 272 1517 indicandam
295 1453 391 1518 valde
414 1453 589 1536 pertinent.
624 1454 773 1519 Primum
796 1453 882 1518 enim
906 1452 1049 1518 Sallustii
1072 1452 1267 1518 auctoritate

55 1558 110 1624 sic
133 1559 267 1642 quidam
291 1563 437 1638 utuntur,
473 1561 568 1643 quasi
596 1561 623 1625 is
651 1560 805 1625 minimas
830 1560 929 1626 etiam
953 1579 1063 1625 rerum
1088 1558 1265 1643 particulas

56 1665 311 1748 incomparabili
339 1666 448 1732 studio
478 1668 682 1733 examinatas
711 1688 778 1733 non
805 1666 931 1732 minore
961 1666 1127 1749 diligentia
1153 1685 1266 1731 narra·

56 1771 157 1851 verit,
191 1775 228 1837 ut
251 1772 350 1836 etiam
374 1773 548 1851 orationes,
584 1793 667 1856 quas
695 1773 827 1839 habitas
850 1773 993 1857 exponit,
1028 1773 1071 1838 ad
1094 1771 1265 1837 veritatem

58 1896 236 1961 expressas
259 1882 386 1961 putent.
432 1879 495 1958 Qui
518 1880 615 1945 valde
637 1884 759 1946 errant.
800 1881 887 1945 Nam
909 1880 1054 1945 Sallustii
1077 1879 1149 1943 laus
1166 1878 1267 1944 totius

57 2002 173 2051 rerum
196 1984 345 2067 imaginis
361 1986 564 2069 explicandae
579 1990 660 2065 arte,
685 1987 793 2052 iudicii
814 1986 1004 2063 subtilitate,
1028 1985 1267 2051 sententiarum
1312 2068 1316 2076 Ι

58 2091 218 2174 pondere,
248 2092 403 2158 orationis
433 2095 594 2175 gravitate
623 2097 774 2160 censetur
804 2093 1006 2176 (quanquam
1035 2093 1086 2158 his
1114 2092 1267 2158 omnibus

60 2198 228 2265 affectatio
252 2199 399 2265 admixta
423 2198 502 2280 est);
531 2201 620 2266 illam
644 2201 847 2283 singularum
870 2219 981 2265 rerum
1005 2219 1169 2265 summam
1194 2198 1267 2263 dili·

60 2305 207 2388 gentiam
242 2307 340 2370 bomo
376 2306 563 2388 praetorius,
598 2308 792 2390 eloquentiae
828 2309 861 2372 et
894 2306 1064 2390 prudentis
1098 2305 1266 2389 gravimtis

62 2409 200 2495 gloriam
225 2416 350 2494 petens,
379 2432 445 2479 non
473 2414 579 2497 primo
602 2415 673 2480 loco
696 2413 823 2479 babuit.
869 2414 915 2492 ld,
945 2415 973 2480 si
997 2414 1069 2496 quis
1093 2413 1195 2477 libere
1217 2414 1266 2477 at·
1281 2434 1320 2474 sco

61 2517 216 2595 tenderit,
245 2518 278 2582 in
301 2519 387 2584 bello
410 2520 599 2603 lugruthino
622 2522 732 2586 multis
755 2521 881 2586 indiciis
904 2519 1150 2605 deprehendere
1172 2522 1266 2602 pote·

56 2619 148 2707 rit.¹)
192 2625 258 2691 Sed
291 2626 326 2691 in
359 2628 431 2709 ipsa
465 2628 661 2693 Catilinariae
696 2627 927 2693 coniurationis
962 2625 1102 2692 historia
1136 2626 1170 2689 in
1199 2643 1267 2690 non

57 2731 177 2814 exigua
200 2732 322 2798 ordinis
346 2734 566 2817 temporisque
588 2735 777 2799 confusione
794 2734 987 2799 manifestus
1003 2736 1143 2798 tenetur.
1179 2731 1264 2796 Nam

57 2837 234 2904 Sallustius
267 2841 407 2921 primum
439 2841 646 2906 notissimum
680 2841 712 2905 in
744 2841 843 2906 domo
873 2840 916 2904 Μ.
941 2841 1045 2906 Lae‘cae
1069 2842 1265 2905 conventum

57 2949 93 3011 et
116 2945 285 3010 consilium
304 2945 466 3011 Ciceronis
483 2946 567 3012 inter
583 2949 779 3013 matutinam
802 2946 1036 3012 salutationem
1053 2944 1266 3012 interficiendi

57 3055 174 3117 narrat
198 3051 240 3135 (o.
263 3052 317 3130 27,
341 3049 414 3134 28);
449 3053 567 3118 deinde
590 3054 713 3132 scribit,
748 3055 874 3119 interea
897 3053 1053 3119 Manlium
1077 3054 1112 3117 in
1135 3051 1264 3116 Etruria

57 3158 191 3243 plebem
215 3159 406 3225 sollicitasse
429 3162 462 3223 et
484 3159 549 3224 alia
572 3161 721 3226 molitum
752 3180 839 3236 esse;
874 3160 912 3225 iis
941 3159 1108 3235 nuntiatiS,
1141 3159 1266 3223 iactum

59 3285 136 3331 esse
159 3266 491 3344 senatusconsultum,
526 3269 562 3330 ut
591 3267 739 3332 viderent
768 3268 927 3344 consules,
962 3286 1004 3331 ne
1028 3265 1104 3348 quid
1128 3284 1180 3329 res
1203 3284 1265 3347 pu·
1321 3278 1324 3283 ·

57 3372 146 3438 blica
169 3373 356 3438 detrimenti
381 3377 514 3456 caperet
537 3371 624 3456 (29);
656 3377 725 3439 tum
756 3377 831 3457 post
853 3392 975 3456 paucos
998 3372 1068 3437 dies
1092 3373 1126 3437 in
1148 3374 1265 3437 senatu

57 3481 214 3546 recitatas
239 3480 363 3545 litteras
387 3480 497 3544 Manlii
520 3480 667 3563 aliosque
696 3482 829 3546 nuntios
852 3479 992 3558 auditos,
1022 3479 1264 3560 decretumque,

58 3591 97 3651 ut
120 3587 281 3653 exercitus
306 3593 584 3669 compararentur,
610 3593 642 3652 et
666 3587 730 3652 alia
753 3586 795 3670 (c.
814 3585 886 3667 30);
910 3587 961 3651 his
985 3587 1083 3651 rebus
1107 3606 1208 3669 quum
1231 3585 1265 3649 in

59 3713 179 3776 magno
210 3697 302 3758 motu
332 3697 365 3758 et
397 3694 514 3758 timore
544 3693 658 3759 civitas
688 3697 784 3770 esset,
815 3692 987 3759 Catilinam
1022 3693 1122 3758 nihilo
1157 3693 1264 3759 minus

59 3800 194 3865 consilia
223 3820 284 3865 sua
314 3803 523 3883 persecutum
554 3819 642 3864 esse:
682 3802 884 3882 ,postremo‘
920 3800 1017 3864 etiam
1050 3799 1083 3863 in
1114 3803 1264 3864 senatum

61 3906 288 3972 dissimulandi
312 3926 411 3971 causa
442 3907 586 3983 venisse3
621 3906 666 3971 ibi
696 3905 885 3972 Ciceronem
917 3906 1097 3972 orationem
1127 3907 1160 3970 in
1189 3925 1265 3970 eum

92 4116 115 4184 ι)
133 4119 246 4173 Frustra
265 4136 379 4188 quaeras,
408 4119 472 4188 quid
498 4119 623 4173 Metellus
647 4118 724 4172 initio
742 4118 806 4173 belli
826 4119 861 4173 ab
880 4118 1012 4187 Iugurtha
1031 4117 1184 4187 postularit,
1211 4116 1266 4171 fru'

132 4213 197 4274 stra,
216 4209 282 4278 qnid
301 4208 426 4262 Metellus
444 4213 503 4262 toto
523 4209 610 4262 altero
629 4225 702 4262 anno
721 4207 814 4276 egerit.
851 4207 879 4262 C.
899 4206 933 4260 54
952 4207 1077 4276 legimus,
1102 4207 1193 4277 ipsum
1212 4206 1265 4260 lle·

132 4298 229 4352 tellum
248 4298 377 4352 statuisse
395 4313 451 4351 non
470 4296 567 4365 proelio
586 4313 676 4366 neque
695 4297 753 4350 acie
772 4296 875 4350 bellum
893 4312 1000 4366 gerere;
1021 4312 1043 4350 o.
1059 4295 1094 4349 56
1108 4296 1182 4350 idem
1196 4295 1265 4350 dolis

132 4386 262 4456 longatus
282 4387 317 4441 ab
336 4386 468 4456 iugurtha
486 4386 594 4451 dicitur,
613 4386 660 4454 qui
679 4385 819 4455 pugnandi
838 4385 945 4454 copiam
957 4400 1013 4439 non
1028 4386 1121 4440 lecerit
1135 4384 1264 4454 cupienti.

134 4474 162 4529 (ὲ
177 4474 208 4526 11
224 4475 358 4545 iugurtha
376 4480 501 4529 materno
519 4491 618 4544 genere
636 4474 726 4543 impar
744 4473 855 4538 dicitur;
874 4479 903 4527 at
922 4473 1030 4528 macula
1049 4473 1073 4528 ei
1092 4478 1204 4543 epatre
1223 4472 1262 4527 in·

133 4562 269 4624 haerebat3
288 4564 332 4618 hio
351 4569 468 4618 matrem
487 4563 624 4619 inferioris
642 4564 750 4633 generis
770 4564 911 4618 babuerat.
