2956 5190
632 270 699 336 495

156 463 273 528 Restat
295 463 443 529 infinitivi
466 465 663 548 perfectum3
698 485 775 530 narn
807 485 848 530 nc
879 466 920 531 de
949 468 1018 531 eius
1047 465 1179 548 quidem
1203 486 1264 530 usu
1280 485 1321 523 no

61 570 109 637 ud
132 588 278 653 praesens
301 571 477 635 accedente
501 573 580 636 satis
604 572 755 637 distincte
783 572 940 637 traditum
970 577 1029 649 est,
1065 591 1263 655 quanquam,

61 676 156 760 quod
178 675 221 740 ad
244 695 364 740 nornen
393 677 519 755 attinet,
550 679 600 743 cui
629 698 696 744 non
720 679 824 743 dictus
848 678 974 762 Hylas?
1007 679 1153 743 Primum
1178 678 1263 742 enirn

62 783 133 849 ium
157 783 210 848 alii
234 781 337 864 (velut
360 783 531 865 Zumptius
554 782 572 866 ἕ
595 784 674 867 590)
703 805 723 850 a
747 784 862 850 ceteris
886 805 925 849 ea
948 785 1049 849 verba
1072 785 1264 850 locutiones·

10 946 14 951 .
62 909 130 973 que
154 893 374 971 segregarunt,
399 890 518 973 quibus
541 891 741 974 significatur
763 891 917 956 iudicium
941 892 1076 956 adrem
1100 893 1165 955 iam
1189 910 1264 974 per·

63 994 187 1060 sectam
210 999 373 1077 spectans,
398 998 559 1062 cautiores
582 1018 680 1080 quarn
707 998 892 1063 Vechnerus
915 982 1130 1080 (Hellenolex.
1149 1018 1180 1080 p.
1201 997 1266 1061 144

64 1100 118 1167 ed.
143 1100 238 1167 Goth.
265 1100 364 1183 1733)
399 1107 433 1167 et
466 1102 689 1186 Heusingerus
726 1103 772 1187 (in
806 1105 891 1169 notis
926 1103 970 1168 ad
999 1124 1073 1168 eum
1103 1102 1177 1185 loc.)
1207 1107 1266 1168 aut

63 1207 234 1274 Walchius
266 1205 322 1288 (ad
350 1209 490 1292 Agricol.
515 1232 547 1292 p.
574 1208 660 1291 133),
693 1210 748 1292 qui
779 1210 889 1275 omnia
920 1210 1133 1276 confundunt.
1186 1211 1266 1275 Post

62 1314 121 1380 illa
144 1316 230 1379 enim
255 1315 356 1380 verba
379 1316 561 1398 perfectum
584 1316 742 1393 infinitivi,
768 1320 827 1382 etsi
851 1319 894 1382 ad
912 1323 1041 1383 nostras
1057 1336 1153 1381 aures
1176 1316 1264 1382 inso-

63 1421 184 1487 lentius
218 1421 336 1486 accidit
370 1425 543 1505 potestque
577 1425 676 1488 etiarn
712 1424 826 1489 Latine
856 1443 1001 1506 praesens
1030 1423 1116 1505 poni,
1151 1425 1264 1487 tamen

63 1528 200 1593 minime
235 1528 502 1610 significationem
534 1532 691 1613 praeteriti
721 1530 877 1612 temporis
907 1529 1037 1595 amittit.
1083 1529 1150 1594 Nec
1173 1549 1262 1603 sane,

64 1635 154 1717 quod
177 1654 219 1698 nc
242 1635 411 1718 Zumptius
436 1636 567 1718 quidem
591 1637 867 1714 commemoravit,
904 1637 1020 1701 eodem
1049 1635 1147 1700 modo
1175 1637 1264 1718 apud

64 1741 175 1806 omnio
198 1741 330 1822 ponitur
353 1741 544 1824 perfectum,
574 1744 633 1808 scd
656 1743 689 1807 in
712 1743 783 1808 aliis
806 1742 898 1824 (sotir
921 1749 974 1824 ert,
1003 1749 1162 1807 concentus
1183 1763 1263 1822 sune,

63 1849 144 1913 cotio
165 1846 276 1929 habeo,
300 1869 402 1932 operoe
419 1851 560 1932 pretium
584 1858 637 1932 eoi,
663 1850 824 1914 ‘honestum
850 1856 893 1913 cst
916 1850 1023 1926 alicui,
1053 1848 1121 1912 Liv.
1144 1848 1182 1926 ΙΙ,
1207 1849 1263 1928 24)

64 1958 200 2037 propter
223 1954 466 2037 significationis
489 1959 640 2021 naturam
660 1957 758 2020 etiam
776 1959 852 2038 post
867 1975 1023 2037 praesens
1047 1954 1081 2018 in
1097 1954 1168 2018 aliis
1188 1953 1261 2035 (non

57 2060 191 2146 piqcbit,
213 2061 326 2126 metius
349 2060 421 2144 erit)
457 2066 585 2127 tanturn
617 2067 691 2145 post
722 2063 867 2127 futurum
896 2062 938 2126 de
961 2061 1121 2144 promisso
1145 2066 1264 2126 eventu

62 2167 111 2232 rei
146 2168 281 2245 iuturae;
316 2188 377 2233 nec
405 2168 506 2252 prodet
534 2168 646 2251 fecisse
674 2188 733 2250 pro
761 2187 809 2245 eo,
845 2168 934 2251 quod
957 2171 1007 2233 est
1022 2167 1124 2252 podet
1144 2168 1262 2250 facere,

63 2273 154 2357 apud
176 2275 272 2339 bonae
302 2275 409 2340 aetatis
433 2276 607 2356 scriptores
639 2294 745 2357 prosae
768 2275 924 2341 orationis
947 2274 1121 2339 invenitur.
1130 2270 1156 2355 ¹)
1201 2274 1262 2339 His
1362 2258 1364 2263 Ι

64 2380 291 2463 adiungendus
315 2385 364 2446 est
387 2385 484 2447 notus
507 2381 695 2447 Latinorum
720 2401 791 2447 mos
816 2382 933 2460 verbis,
963 2400 1037 2463 quae
1060 2381 1260 2446 voluntatem

63 2488 257 2571 significant,
292 2487 488 2552 sententiam
521 2487 680 2552 infinitam
710 2489 874 2570 passivam
899 2486 970 2570 (aut
992 2487 1085 2553 verbi
1108 2487 1262 2552 intransi-

61 2591 134 2681 tivi)
157 2593 292 2676 perfecti
315 2595 472 2675 temporis
494 2593 695 2671 subiiciendi,
731 2595 819 2677 quod
847 2594 998 2659 voluntas
1028 2595 1070 2659 ad
1094 2593 1141 2658 rei
1163 2595 1261 2659 abso-

63 2699 220 2765 lutionem
247 2704 385 2783 spectat.
431 2699 582 2784 (Erpctc't,
618 2700 705 2783 quod
735 2720 801 2766 non
824 2701 891 2766 fere
919 2704 1106 2778 annotatur,
1142 2703 1262 2782 praeter

63 2806 204 2871 Ennium
234 2806 299 2871 Cic.
328 2807 369 2872 de
392 2806 485 2872 Offie.
509 2807 537 2871 11
560 2804 578 2887 ἕ
602 2806 655 2884 23,
684 2807 730 2870 sic
758 2809 867 2889 posuit
897 2808 1030 2872 Terent.
1055 2805 1135 2870 Hec.
1159 2806 1211 2884 IV,
1240 2806 1262 2868 ἵ)

63 2912 115 2995 (V,
141 2909 184 2993 1),
211 2914 244 2976 1:
278 2934 327 2976 mc
349 2920 529 2977 concordam
553 2934 616 2978 cose
639 2914 760 2997 expetit,
785 2917 819 2978 et
841 2913 949 2978 Livius
972 2913 1038 2990 XL,
1065 2912 1120 2976 10:
1139 2912 1262 2995 perisse
1276 2930 1317 2969 120

63 3016 147 3101 (me)
170 3018 339 3102 expetunt.)
385 3020 466 3085 Haec
489 3019 572 3086 adeo
595 3020 638 3086 ab
661 3020 782 3086 acrisio
805 3020 968 3099 differunt,
1004 3038 1144 3102 quocum
1174 3038 1261 3084 corn·

62 3128 234 3209 parantur,
260 3129 306 3203 ut,
330 3126 357 3190 si
381 3126 460 3209 quid
481 3126 587 3192 simile
610 3127 721 3192 Graece
736 3127 858 3209 fingere
872 3126 963 3204 velis,
986 3125 1132 3208 perfecto
1147 3144 1260 3190 neces·

62 3232 150 3297 sario
185 3232 344 3296 utendum
379 3234 422 3297 sit
456 3233 499 3297 ad
534 3233 719 3316 exemplum
752 3232 929 3298 Herodotei
964 3232 1048 3297 illius
1082 3230 1133 3314 (ΙΙ,
1167 3229 1259 3312 173);

62 3342 157 3397 ἐθέλω
184 3342 421 3400 κατεσπουδάσθαι
456 3343 513 3404 aut
546 3340 643 3404 huius
676 3339 846 3423 Polybiani
880 3338 941 3404 loci
976 3339 1046 3421 (III,
1075 3338 1148 3421 62):
1176 3335 1260 3416 ἔφ’)ιΙ

62 3438 110 3494 πᾶν
135 3440 189 3511 μὲν
217 3440 364 3506 νικήσαντα
391 3442 421 3497 ui
450 3451 611 3514 προκείμενα
638 3439 789 3513 λαμβάνειν
814 3438 898 3505 ἆθλα,
927 3440 975 3494 τόν
992 3442 1022 3494 δὲ
1041 3447 1188 3508 νικηθέντα
1207 3446 1262 3495 τῶν

62 3536 206 3610 παρόντων
230 3536 405 3613 anquam
429 3546 529 3606 κακῶν,
552 3538 738 3605 τελευτήσαντα
761 3539 809 3593 τὸν
829 3546 901 3607 βίον.
955 3533 1034 3615 (Cir.
1058 3533 1260 3617 Bernhardyi

62 3640 217 3724 syntaxis
242 3641 359 3724 linguae
383 3642 505 3707 Graecae
527 3662 560 3725 p.
584 3639 674 3723 379.)
683 3636 709 3722 ²)

136 3905 206 3960 redit
224 3907 260 3961 ad
277 3912 453 3977 praeceptum,
472 3907 546 3976 quod
565 3907 620 3961 iam
639 3911 703 3960 anto
720 3910 850 3975 posuerat
868 3920 893 3959 v.
913 3904 965 3958 557
984 3922 1042 3973 sqq.
1068 3905 1129 3958 Non
1147 3921 1260 3974 possum

135 3995 228 4050 mirari
248 3995 380 4056 desinere.
399 4011 482 4064 quam
502 3995 561 4050 sine
579 3996 636 4050 ulla
654 4012 720 4050 cura
738 3993 880 4050 sententio
898 3999 926 4048 et
944 3993 1116 4048 cohaerentiae
1129 3994 1260 4048 orationis

134 4084 331 4153 grammaticus
350 4083 396 4137 illo
413 4085 487 4138 iocos
505 4084 669 4154 scriptorum
688 4083 840 4139 corroserit.

90 4169 115 4239 ¹)
134 4174 196 4228 Non
220 4174 357 4242 punirem
383 4189 494 4226 curasse
520 4171 625 4240 (Quint
645 4173 665 4238 Ι,
690 4172 715 4237 1,
737 4170 783 4239 34)
810 4172 862 4226 etsi
889 4177 943 4226 est:
972 4187 1027 4225 non
1054 4171 1189 4240 gravabor
1216 4187 1260 4223 cu-

133 4278 204 4327 rare,
232 4267 326 4316 tomen
353 4267 411 4315 torn
438 4261 612 4330 perspicuam
639 4261 723 4315 habet
751 4262 894 4325 rationem,
922 4265 954 4314 ut
980 4260 1008 4313 in
1033 4275 1181 4314 numerum
1204 4275 1259 4313 non

135 4350 260 4404 referam.

92 4435 114 4506 ¹)
132 4439 235 4493 Eadem
254 4443 296 4492 cst
312 4437 383 4491 ratio
396 4437 600 4507 participiorum
613 4437 743 4507 preteriti
754 4438 884 4508 temporis
897 4437 988 4491 verbis
1000 4439 1070 4505 noio,
1088 4439 1153 4504 voto,
1172 4439 1259 4505 cupio,

135 4526 329 4592 subiectorum,
348 4542 410 4595 quae
427 4542 491 4581 cum
509 4525 693 4582 locutionibus
711 4542 823 4595 prorsus
841 4526 911 4581 alius
929 4527 1036 4595 generis
1058 4523 1151 4594 (habeo
1170 4528 1260 4595 explo-
