2956 5190
703 273 769 340 505

127 490 331 553 persequens
356 474 388 535 et
411 475 576 551 utcunque
600 490 761 535 exornans
792 469 902 534 mendi
933 469 1045 533 sedem
1076 486 1143 532 non
1173 487 1332 550 perspex-

128 596 225 642 erarn
250 578 354 642 aliove
378 577 476 641 modo
499 596 520 641 a
550 596 626 641 vero
650 577 892 642 aberraveram.
939 575 1020 640 Haee
1043 594 1155 656 quum,
1190 578 1228 638 ut
1257 573 1333 651 dixi,

129 686 253 766 saepius
278 683 424 748 animum
452 684 627 761 subissent,
662 688 838 766 postquam
869 683 932 747 hac
963 686 1079 746 aestate
1110 681 1192 745 duos
1223 685 1334 762 poste·

128 791 236 855 riores
259 790 359 855 libros
383 792 423 856 de
439 791 564 873 legibus
581 790 699 855 scholis
715 809 869 854 enarrare
886 790 1047 866 constitui,
1072 787 1214 870 cogitare
1238 786 1333 868 coepi,

130 901 193 962 aut
216 916 302 962 nunc
325 897 404 962 illud
428 897 596 962 consilium
620 897 864 978 exsequendum
889 915 960 961 esse
993 899 1051 959 aut
1081 894 1219 958 sortasse
1251 894 1334 958 abii·

132 1004 298 1069 ciendum.
333 1003 458 1068 Deinde
481 1003 524 1068 ad
547 1004 632 1068 hanc
656 1003 756 1067 animi
779 1002 1021 1067 inclinationem
1044 1002 1182 1065 accessit
1198 999 1333 1064 alterius

131 1109 230 1186 illius,
260 1129 359 1190 quam
384 1112 584 1175 extrinsecus
608 1110 742 1175 allatam
766 1108 953 1192 significavi,
989 1127 1097 1172 causae
1120 1110 1333 1172 momentum.

132 1214 244 1294 Quum
269 1218 355 1280 eninr
378 1218 490 1295 sciam,
526 1217 559 1280 in
581 1215 715 1281 Batavis
745 1235 865 1279 novam
897 1215 1053 1280 librorum
1083 1214 1124 1278 de
1152 1213 1278 1296 legibus
1302 1216 1336 1278 et

131 1323 357 1388 recensionem
400 1330 432 1388 et
472 1325 711 1388 enarrationem
752 1341 853 1403 quum
888 1324 1030 1387 maxime
1064 1322 1174 1403 parari
1209 1340 1230 1384 a
1263 1319 1333 1384 viro

133 1429 265 1510 egregie
288 1429 332 1493 ad
355 1449 428 1494 earn
451 1450 522 1494 rem
546 1430 714 1504 instructo,
744 1428 929 1493 laciendum
952 1429 1090 1505 videtur,
1123 1430 1169 1505 ut,
1205 1425 1334 1507 siquid

133 1553 196 1617 ego
220 1535 263 1599 ad
287 1536 454 1600 meliorem
477 1537 595 1601 horum
622 1535 779 1600 librorum
803 1536 944 1600 sormam
969 1534 1115 1599 conferre
1137 1533 1272 1615 possim,
1302 1531 1336 1597 id

132 1659 222 1704 nunc
245 1642 451 1723 potissimum
475 1647 654 1724 promatur,
687 1661 752 1722 quo
774 1643 811 1719 is,
846 1642 874 1706 si
897 1641 984 1720 velit,
1019 1641 1066 1705 uti
1089 1641 1203 1722 possit.
1249 1638 1335 1703 Malo

133 1748 239 1824 enim,
280 1748 358 1829 quid
392 1767 479 1813 nunc
514 1749 554 1812 de
590 1746 700 1811 multis
734 1746 812 1812 locis
847 1748 1002 1823 sentiam,
1043 1746 1126 1810 scire
1159 1735 1268 1827 ipsum
1304 1748 1337 1809 et

134 1852 276 1917 fortasse
312 1854 411 1918 etlam
446 1856 516 1919 aliis
550 1873 694 1932 narrare,
730 1874 829 1935 quarn
865 1851 944 1935 quid
971 1856 1047 1916 ante
1083 1852 1196 1916 decern
1231 1870 1335 1916 annos

134 1959 306 2023 senserim.

227 2067 397 2131 Librorum
422 2067 463 2130 de
486 2066 611 2149 legibus
636 2067 763 2131 codices
787 2085 900 2131 omnes
924 2085 965 2130 ex
988 2084 1053 2129 nno
1069 2063 1176 2129 lacero
1192 2069 1225 2129 et
1241 2063 1336 2128 valde

136 2177 292 2255 corrupto
316 2177 348 2238 et
370 2173 570 2255 negligenter
593 2169 748 2256 scripto¹l
772 2173 909 2238 derivati
932 2176 1019 2250 sunt,
1054 2172 1088 2234 in
1120 2190 1184 2252 quo
1216 2174 1336 2252 praeter

135 2280 203 2344 alia
226 2279 347 2344 menda
370 2299 458 2362 saepe
487 2279 586 2345 etiam
617 2283 752 2362 propter
775 2278 968 2361 compendia
991 2277 1153 2342 scribendi
1177 2276 1263 2340 male
1287 2277 1337 2339 in·

136 2387 268 2451 tellecta
292 2390 435 2451 erratum
460 2392 531 2451 erat
539 2381 566 2468 ²)
590 2390 623 2451 et
645 2405 746 2467 quum
770 2386 804 2450 hi
827 2389 898 2449 tum
927 2384 982 2449 alii
1013 2401 1138 2448 errores
1168 2402 1234 2447 non
1262 2401 1336 2446 raro
1399 2366 1408 2386 ’

136 2497 275 2557 eatenus
298 2493 460 2571 occultati,
484 2497 530 2571 ut,
555 2494 582 2558 si
598 2512 663 2557 non
679 2493 850 2557 sententiae
867 2493 1011 2574 integrae,
1035 2494 1070 2555 at
1088 2508 1204 2554 vocum
1226 2493 1337 2554 tamen

137 2599 345 2663 efficerentur·
374 2600 487 2665 lormae
518 2600 652 2664 Latinae.
661 2595 688 2681 ⁸)
733 2599 976 2679 Nonnunquam
1011 2597 1075 2660 iam
1112 2616 1202 2660 error
1235 2614 1337 2660 novos
1353 2611 1391 2650 ¹³2

137 2726 266 2771 errores
289 2711 456 2789 genuerat.
466 2701 492 2786 ⁴)
515 2707 625 2771 Unum
649 2710 720 2771 erat
743 2705 906 2788 singulare
929 2703 1123 2767 mendorum
1146 2721 1248 2785 genus
1272 2721 1337 2766 non

137 2814 327 2895 infrequens
350 2813 383 2877 in
406 2813 515 2877 verbis
539 2813 677 2891 omissis,
706 2813 798 2876 cuius
821 2812 945 2892 aliquot
968 2809 1118 2891 exempla
1141 2812 1256 2891 postea
1279 2809 1337 2872 de·

138 2921 340 2998 monstrabo,
364 2939 466 2985 unum
491 2923 525 2984 et
547 2920 687 2985 alterum
710 2920 775 2984 iarn
794 2919 837 2982 ab
854 2918 925 2982 aliis
941 2919 1091 2981 notatum
1108 2910 1223 2995 erat.⁶)
1258 2915 1338 2979 Haec

138 3045 242 3107 quum
264 3027 311 3091 ita
334 3027 408 3104 sint,
443 3026 547 3091 multo
578 3025 674 3108 plura
704 3025 824 3089 menda
856 3023 1073 3088 demonstrari
1105 3023 1138 3085 in
1168 3022 1219 3086 his
1248 3021 1337 3085 libris

139 3140 276 3215 possunt
299 3153 398 3214 quarn
421 3132 635 3215 probabiliter
658 3132 788 3214 corrigi3
817 3131 851 3194 in
874 3129 1081 3194 emendando
1104 3132 1214 3193 autern
1238 3129 1337 3210 paulo

140 3238 274 3303 liberius
297 3239 422 3304 versari
445 3239 596 3303 iubemur
619 3258 719 3320 quam
747 3237 841 3302 iniis
865 3236 965 3314 libris,
995 3254 1134 3316 quorum
1157 3234 1283 3316 antiqui
1306 3238 1339 3298 et

168 3535 191 3604 ¹)
209 3538 385 3608 Negligentiae
404 3544 432 3594 et
449 3538 630 3593 festinationis
649 3537 755 3607 insigne
773 3537 912 3606 specimen
931 3535 1019 3590 estin
1038 3552 1079 3599 eo,
1104 3535 1177 3604 quod
1196 3551 1277 3588 voces
1296 3551 1339 3588 ex·

212 3633 300 3682 trema
318 3633 396 3697 parte
413 3625 486 3696 (quae
504 3627 666 3696 compendio
684 3632 779 3680 notata
798 3625 867 3691 erat)
891 3630 1031 3680 truncatas
1050 3640 1112 3678 cum
1132 3624 1193 3677 aliis
1212 3622 1340 3677 librarius

212 3716 347 3780 conflavit,
371 3717 447 3771 velut
465 3717 489 3769 11
509 3714 525 3783 5
544 3716 579 3770 50
592 3718 751 3784 pontificum
770 3731 803 3769 ex
817 3710 958 3783 pontifices
976 3731 1044 3777 cum,
1064 3713 1088 3766 ll
1107 3710 1123 3779 5
1142 3712 1176 3764 57
1195 3719 1339 3766 contractet

213 3822 245 3859 ex
265 3813 431 3860 contractam
449 3813 474 3859 et
492 3810 543 3859 cet.

169 3891 192 3960 ²)
212 3894 271 3948 vid.
291 3893 409 3963 exempli
428 3910 518 3958 causa,
542 3909 604 3961 quae
622 3892 712 3946 dicam
731 3893 808 3946 dell
827 3890 843 3959 5
861 3889 896 3943 32
920 3889 1050 3956 (summos
1068 3906 1101 3943 ex
1120 3892 1154 3943 si.
1172 3907 1199 3943 n.
1218 3890 1288 3952 deos,
1313 3893 1340 3941 et

213 3986 284 4052 quod
302 3999 335 4036 ex
354 3981 416 4048 dic).
444 3982 546 4037 Contra
565 3982 588 4035 ll
607 3978 624 4047 5
641 3980 676 4032 47
696 3979 771 4049 (erpo
789 3997 823 4034 ex
841 3980 882 4046 eo)
901 3997 951 4049 pro
970 3979 1132 4049 compendio
1150 3977 1277 4031 librarius
1296 3991 1340 4029 ac·

213 4071 293 4141 cepit,
312 4072 386 4140 quod
404 4071 517 4141 plenum
536 4075 603 4124 erat.

170 4157 191 4227 ³)
211 4161 247 4215 Ut
265 4161 289 4214 ll
308 4159 325 4226 5
343 4159 378 4210 22
396 4163 530 4230 quocirca.

169 4246 192 4315 ⁴)
211 4250 293 4303 Velut
311 4249 335 4303 ll
354 4247 370 4316 5
389 4248 432 4314 56,
450 4263 537 4318 quum
557 4263 590 4300 ex
609 4246 743 4301 adiectiro
761 4247 854 4315 aliquo
866 4246 994 4300 effectum
1013 4249 1084 4299 esset
1098 4247 1126 4297 in
1138 4261 1175 4308 eo,
1195 4259 1244 4312 pro
1256 4245 1339 4307 hored,

214 4339 287 4407 quod
305 4338 480 4406 sequebatur,
499 4336 631 4406 scriptum
651 4337 789 4404 estquod.
1184 4346 1189 4357 ·

169 4424 194 4492 ⁵)
213 4427 249 4481 Ut
267 4428 278 4481 l
297 4425 314 4494 5
332 4427 367 4480 26
385 4428 515 4482 obscurae
534 4443 580 4479 nec
598 4427 667 4479 sutis
685 4423 699 4453 ⁸
717 4426 908 4492 intelligentias
927 4423 1067 4476 inchoavit.
