2956 5190
755 233 819 298 180

187 427 276 492 nulla
287 427 354 492 iam
372 431 465 510 parte
482 427 685 510 publicomm
702 428 924 494 institutorum
942 429 986 494 ad
1001 431 1089 496 hanc
1106 431 1250 498 formam
1267 452 1362 500 ooure·

187 535 312 611 niente,
346 554 407 600 nec
441 553 517 599 vere
551 534 595 598 ad
628 554 698 599 rem
722 535 888 618 publicam
912 535 1212 604 administrandam
1234 541 1365 607 omuibus

188 642 276 706 Italis
306 640 467 719 admissis,
503 642 558 723 qui
592 641 683 706 obire
718 642 848 707 comitia
882 642 999 708 Romoe
1027 662 1105 709 non·
1128 648 1294 726 poteraut,
1322 647 1368 712 set

187 752 315 812 tantum
343 748 497 813 vilissima
528 749 721 830 populorum
753 749 843 826 laece,
878 767 952 830 quoe
982 749 1127 833 undique
1158 751 1196 816 in
1226 754 1369 819 sentinam

134 869 174 909 22²
187 854 277 918 urbis
301 850 531 935 confluebat.¹)
577 855 617 919 Et
639 859 750 920 tamen
773 854 857 919 adeo
879 855 950 920 haec
977 859 1113 939 propter
1139 858 1275 924 insitam
1301 859 1370 925 anti·

188 959 297 1043 quitus
321 960 437 1025 animis
460 961 684 1027 Romanorum
714 961 880 1026 notionem
903 961 949 1026 rei
973 962 1114 1045 publicae
1144 983 1216 1030 non
1239 964 1371 1031 mmm-

188 1068 409 1146 vertebantur,
434 1071 469 1132 ut
492 1067 603 1132 Cicero
632 1067 678 1150 (in
707 1069 796 1133 libris
820 1068 860 1133 de
884 1068 925 1133 R.
946 1068 983 1133 P.
1007 1072 1041 1135 et
1063 1070 1105 1135 de
1128 1069 1245 1156 legg.)
1267 1072 1373 1155 aliquid

188 1194 224 1239 se
248 1182 397 1239 acturum
421 1179 455 1239 et
476 1175 590 1240 salutis
614 1175 815 1240 inveniendae
839 1176 926 1239 viam
950 1180 1213 1245 monstraturum
1232 1179 1373 1256 crederet,

188 1282 215 1347 si
250 1281 326 1346 huic
360 1282 480 1364 populo
515 1302 588 1347 eam
623 1282 763 1347 formam
797 1281 1001 1364 publicorum
1035 1282 1280 1364 institutorum,
1314 1306 1373 1368 qua

189 1392 266 1453 ante
289 1389 471 1471 Scipionem
504 1393 537 1452 91
568 1389 703 1453 Lalium
735 1388 859 1464 fuisset,
894 1388 1118 1470 proposuisset
1152 1394 1187 1456 et
1222 1411 1373 1458 commen

189 1497 310 1561 desset.
345 1497 412 1560 Nec
435 1514 564 1577 semper
587 1498 674 1559 recte
697 1495 777 1558 salis
800 1495 841 1559 de
863 1494 914 1559 his
938 1496 1142 1578 temporibus
1160 1517 1182 1562 a
1199 1499 1373 1564 recentiori·

188 1602 251 1667 bus
274 1603 445 1668 iudicatur.

277 1709 343 1775 Sed
365 1709 407 1773 ab
431 1709 491 1786 his,
516 1728 588 1790 quae
613 1709 673 1772 etsi
695 1727 755 1771 nec
779 1726 864 1772 nova
886 1710 964 1772 sunt
985 1726 1046 1774 nec
1063 1709 1211 1777 difficilia
1227 1713 1373 1783 videntur.

188 1819 310 1894 tamen,
346 1815 422 1898 quia
444 1816 519 1881 hinc
543 1814 706 1879 enascitur
729 1814 833 1879 onmis
857 1815 1039 1882 intellectus
1063 1836 1187 1896 eorum,
1225 1838 1300 1902 quae
1321 1819 1374 1883 dis·
1419 1872 1421 1899 ,

189 1923 336 2005 putanda
359 1925 464 2000 erunt,
489 1921 795 2003 comprehendenda
812 1921 955 1986 breviter
973 1923 1095 2005 putavi,
1120 1925 1320 1991 veniendum
1335 1930 1375 1989 est
1419 1918 1421 2001 ff

189 2028 232 2093 ad
255 2029 355 2111 ipsius
378 2029 424 2092 rei
448 2027 622 2110 propositae
646 2027 870 2108 quaestionem,
895 2048 996 2110 quum
1019 2030 1141 2107 dixero,
1166 2036 1375 2113 praeterquam

189 2135 277 2217 quod
300 2135 334 2199 iu
357 2135 480 2216 aliquot
506 2132 656 2215 partibus
684 2133 828 2198 historiae
857 2134 968 2217 populi
996 2139 1030 2200 et
1058 2135 1185 2219 imperii
1215 2139 1375 2204 crescentis

190 2240 408 2305 monumentis
431 2240 528 2321 plane
552 2239 768 2318 destituimur,
804 2260 869 2304 non
902 2259 973 2305 esse
1006 2242 1138 2307 omnino
1166 2243 1213 2308 ita
1244 2244 1375 2326 ascrip

190 2347 315 2411 toribus
344 2347 495 2427 antiquis,
531 2366 669 2428 quorum
698 2345 771 2410 libri
799 2356 984 2429 supersunt,
1020 2348 1175 2414 traditam
1205 2349 1375 2423 historiam,

190 2456 227 2517 ut
250 2453 291 2517 de
313 2453 383 2517 iure
406 2453 536 2535 publico
559 2457 592 2517 et
615 2452 655 2516 de
679 2452 770 2516 varia
793 2453 961 2518 hominum
991 2455 1179 2520 condicione
1208 2457 1376 2522 admodum

190 2564 385 2643 quaererent.
431 2560 526 2637 Nam,
561 2579 601 2624 ne
631 2578 884 2623 commemorem
913 2560 1026 2625 insitas
1055 2561 1225 2643 opiniones
1251 2564 1291 2628 de
1313 2583 1377 2646 per·

189 2670 289 2750 petua
323 2667 434 2749 populi
468 2666 609 2731 Romani
644 2665 880 2744 dominatione,
922 2668 991 2730 tum
1031 2667 1247 2749 scripserunt,
1288 2690 1377 2752 quum

189 2774 358 2839 interiecto
392 2777 466 2855 post
500 2773 622 2837 bellum
652 2772 770 2836 sociale
805 2773 900 2854 longo
935 2774 1092 2855 temporis
1127 2776 1236 2857 spatio
1272 2777 1378 2842 veteris

191 2882 237 2945 rei
253 2880 392 2963 publicae
416 2881 529 2945 lomrae
554 2884 586 2944 et
602 2879 760 2943 memoria
776 2879 951 2944 obscurata
969 2883 1003 2943 et
1021 2898 1098 2944 cura
1114 2881 1292 2948 imminuta
1307 2886 1378 2948 erat.

190 2987 302 3052 Velleii
325 2987 457 3069 quidem
480 2987 641 3050 Paterculi
665 2985 860 3067 negligentia
883 2985 971 3050 nullo
989 2985 1057 3051 fere
1074 2986 1145 3053 loco
1162 2989 1270 3071 magis
1287 3009 1380 3072 appa·

190 3098 242 3158 ret
265 3114 363 3175 quam
387 3095 419 3158 in
443 3094 491 3172 iis,
527 3114 601 3174 quae
630 3093 671 3156 de
699 3092 829 3155 civitate
857 3091 985 3173 populis
1015 3092 1093 3158 data
1117 3096 1149 3157 et
1173 3095 1309 3161 coloniis
1331 3096 1381 3160 de·

262 3337 320 3392 τινά
338 3347 406 3411 μίαν
424 3337 471 3405 τήν
489 3337 618 3410 §parique
640 3335 719 3390 πόλιν
737 3339 876 3402 οἶκοῦνιες,
899 3337 944 3387 καὶ
966 3333 1061 3401 ταύτην
1078 3338 1129 3408 μὲν
1146 3335 1229 3398 ὄντως
1246 3337 1334 3403 πόλιν,
1357 3338 1383 3392 ια’

263 3430 292 3481 δὲ
311 3427 343 3493 δή
362 3434 473 3499 σφέτερα
492 3425 593 3497 ἅγρούς
611 3428 655 3478 καὶ
674 3423 768 3496 κώμας
786 3428 937 3496 νομίζοντες
955 3423 1046 3495 rivae]
1286 3422 1292 3432 ”

223 3518 244 3587 ¹)
263 3521 327 3574 Eius
347 3520 373 3573 in
392 3523 497 3588 partem
517 3518 688 3586 negotiorum
707 3517 879 3586 publicorum
899 3517 1027 3570 veniendi
1051 3517 1172 3583 rationis,
1200 3535 1263 3588 quae
1288 3526 1389 3575 constat

264 3609 331 3663 alios
350 3626 399 3662 suo
418 3608 546 3675 suffragio
565 3607 600 3659 ad
620 3623 652 3659 ea
671 3607 816 3659 tractanda
834 3607 967 3660 mittendo
994 3606 1279 3675 (repraesentationem
1304 3608 1389 3679 appel·

263 3696 340 3763 lant),
364 3696 391 3749 in
411 3696 524 3764 singulis
543 3695 681 3749 veteribus
701 3696 782 3749 rebus
801 3695 875 3763 publ.
895 3695 976 3763 plane
996 3695 1140 3760 inusitatae,
1167 3696 1283 3766 vestigia
1301 3698 1389 3766 aliqua

263 3792 291 3840 91
309 3786 387 3840 initia
406 3791 483 3839 erant
503 3785 529 3839 in
550 3785 602 3838 illis
621 3784 742 3853 plurium
767 3785 908 3838 civitatum
932 3785 1080 3839 foederibus
1102 3785 1292 3854 conciliisque;
1322 3788 1390 3840 ride·

264 3882 363 3944 turque
382 3874 538 3928 huiusmodi
558 3874 661 3942 aliquid
680 3874 755 3926 Italis
774 3875 882 3942 populis
901 3875 1077 3928 observatum
1098 3892 1157 3929 asse
1176 3875 1204 3928 in
1218 3892 1251 3929 ea
1263 3876 1304 3930 rei
1317 3875 1388 3945 publ.

265 3965 360 4023 forma.
389 3980 450 4032 quae
474 3963 546 4016 bello
572 3962 685 4015 Marsico
710 3963 819 4015 Corfinii
844 3963 992 4016 constituta
1015 3963 1144 4028 traditur,
1175 3964 1297 4018 maxime
1320 3964 1388 4035 apud

265 4054 341 4106 Diod.
353 4053 404 4106 Sic.
417 4069 473 4106 exc.
484 4051 530 4105 lib.
541 4051 649 4103 XXXVI
660 4069 686 4119 p.
698 4051 845 4105 53811999.
874 4052 928 4107 Nec
941 4071 1008 4107 sane
1021 4055 1072 4107 hoc
1091 4053 1209 4107 civitatis
1228 4054 1389 4122 accipienda

266 4143 355 4206 modo,
374 4158 429 4210 quo
447 4141 511 4193 datu
531 4146 572 4193 est
591 4139 694 4201 narsis.
715 4141 892 4205 Samnitibus,
912 4143 1017 4207 ceteris,
1043 4144 1124 4212 ipsos,
1148 4159 1233 4211 quum
1254 4144 1340 4198 semel
1358 4142 1388 4195 ad

266 4230 428 4283 memoriam
447 4229 546 4283 veteris
565 4229 698 4283 libertatis
717 4230 827 4284 excitati
847 4237 945 4295 essent,
970 4236 1112 4285 contentos
1131 4232 1224 4289 fuisse.
1248 4231 1388 4285 ostendere

267 4318 374 4372 videtur
393 4319 457 4372 belli
476 4319 583 4371 socialis
602 4319 723 4383 historia,
743 4320 793 4373 etsi
813 4322 892 4374 valde
911 4321 1017 4374 exiliter
1036 4326 1064 4374 91
1082 4320 1195 4374 confuse
1214 4321 1249 4375 ab
1264 4320 1297 4374 iis
1312 4320 1386 4388 scrip·

267 4406 380 4470 loribus,
404 4409 451 4476 qui
470 4413 625 4477 supersunt,
650 4409 759 4462 tradita.
797 4409 877 4475 Quod
896 4410 930 4463 de
950 4409 1081 4463 institutis
1100 4409 1164 4476 dixi,
1189 4411 1315 4479 exemplo
1334 4424 1387 4463 emo

267 4499 358 4562 potest
375 4502 474 4564 praeter
493 4498 613 4566 suffragii
633 4497 764 4551 lationem
783 4514 905 4552 censurae
924 4498 1050 4553 universa
1070 4499 1147 4553 ratio.
