2948 5206
688 316 732 382 63

148 515 190 578 etsi
216 513 249 576 de
282 531 384 577 censu
411 513 576 577 senatorio
599 512 816 594 antiquissimi
850 513 1008 595 temporis
1042 512 1122 576 nihil
1157 513 1309 591 traditur,

147 597 473 701 omnemoranturque
498 618 650 700 exempla
671 637 854 700 pauperum
877 621 1066 682 senatorum
1090 616 1172 700 (Liv.
1192 619 1230 697 ll,
1256 620 1307 699 16,

145 725 191 806 33),
213 725 349 790 dubitari
377 728 491 790 tamen
514 744 580 790 non
602 729 720 806 potest,
750 726 827 806 quin
851 728 909 789 aut
931 725 975 789 ab
997 725 1089 789 initio
1112 728 1170 790 aut
1192 725 1309 791 admo-

145 831 198 897 dun
216 835 341 896 mature
365 850 483 896 census
506 833 650 914 equestri
673 833 777 896 maior
804 833 946 896 senatori
974 833 1177 913 prestitutus
1200 831 1307 909 suerit,
1322 846 1350 887 ⁷⁹

144 937 296 1020 lruuaque
329 939 383 1016 sit,
418 942 456 1002 ut
488 938 522 1003 in
556 938 652 1003 simili
687 937 923 1017 declamatione
958 938 1013 1002 alii
1047 938 1150 1016 multi,
1185 938 1309 1003 Plinius

142 1043 217 1109 llaior
230 1042 276 1127 (in
291 1044 386 1126 praef.
403 1044 459 1109 lib.
477 1042 573 1125 XIV),
597 1044 662 1127 qui,
686 1047 833 1109 veterum
858 1047 1044 1126 temporum
1066 1044 1309 1127 simplicitatem

141 1149 294 1229 adunans,
330 1139 449 1233 postea'
480 1154 667 1216 senatorem
701 1152 910 1234 equitemque
938 1170 1038 1215 censu
1065 1151 1135 1215 fieri
1164 1153 1309 1234 coeptum
1401 1157 1405 1163 “

139 1261 233 1322 narrat
277 1256 412 1322 Nullum
435 1259 522 1322 enim
545 1261 655 1339 potest
683 1278 755 1324 esse
784 1257 952 1323 consilium
976 1259 1147 1323 hominum
1170 1256 1215 1320 ad
1237 1257 1311 1321 citis

136 1361 206 1444 fiscus
226 1365 275 1427 rei
290 1363 430 1448 pecblicoe
445 1367 701 1448 propositorum,
729 1365 919 1449 stipendium
947 1385 1011 1429 non
1033 1365 1264 1447 accipientium,
1289 1385 1310 1426 a

136 1478 231 1554 posu
257 1477 448 1534 renatorum
481 1470 731 1554 (antiquissimas
759 1476 836 1536 sunt
864 1472 951 1536 enim
978 1471 1077 1553 leges,
1114 1489 1188 1551 quae
1211 1488 1309 1534 sena-

135 1578 217 1641 torem
250 1577 419 1659 publieum
453 1578 614 1662 redimere
647 1581 776 1654 vetant,
816 1598 877 1643 nec
911 1597 1032 1642 novum
1066 1577 1234 1641 inventum
1269 1574 1309 1653 Q.

134 1680 237 1747 OEsudii
260 1687 430 1768 senatores
458 1704 479 1749 a
502 1688 687 1750 mercatura
710 1687 860 1762 arcentis,
884 1686 952 1750 Liv.
973 1683 1056 1760 XXI,
1081 1682 1147 1766 63),
1172 1682 1309 1759 nullum,

131 1789 255 1871 inquam,
291 1790 357 1855 tale
388 1792 568 1869 consilium,
604 1792 647 1857 ab
677 1792 926 1857 Atheniensium
957 1791 1159 1872 aliorumque
1190 1791 1306 1853 senatu

186 2090 218 2143 de
236 2091 289 2144 bac
306 2107 336 2145 re
354 2108 371 2146 a
389 2068 501 2162 reliquis
519 2093 651 2148 institutis
668 2094 792 2149 seiuncta
809 2090 960 2163 disputare)
978 2092 1060 2161 plane
1078 2089 1235 2160 sumpsisse,
1253 2103 1309 2142 non

186 2179 322 2248 probasse,
350 2186 378 2235 et
405 2181 444 2236 ita
471 2183 629 2252 sumpsisse,
657 2187 687 2254 pt
715 2199 732 2236 a
755 2183 813 2236 veri
835 2181 1013 2236 similitudine
1035 2181 1155 2235 multum
1179 2178 1310 2241 discedat,

187 2268 299 2324 videtur.
336 2269 406 2324 llam
425 2287 514 2339 neque
533 2287 644 2325 causam
663 2271 692 2325 in
710 2288 739 2324 re
758 2270 876 2340 positam
898 2271 1017 2325 ostendit
1040 2285 1129 2338 neque
1152 2267 1310 2322 testimonia

185 2372 272 2425 neque
291 2356 380 2413 udum
397 2359 542 2429 vestigium
556 2360 621 2414 ‚eius
639 2360 679 2414 rei
696 2366 793 2429 postea
810 2365 931 2415 mutatu.
959 2358 1025 2414 llihi
1043 2359 1155 2428 quidem
1174 2363 1201 2411 et
1219 2373 1236 2410 a
1251 2360 1309 2410 toto

187 2446 296 2499 oonsilio
323 2446 513 2516 descriptionis
541 2448 613 2502 illius
640 2449 766 2504 militaris
792 2450 940 2504 abhorrere
971 2450 1023 2503 hoc
1050 2448 1171 2511 ridetur,
1205 2444 1311 2499 militia

187 2532 274 2587 locum
292 2540 320 2589 et
338 2535 447 2590 civilem
465 2537 499 2589 ad
519 2537 663 2590 facultates
676 2537 845 2606 singulorum
861 2537 1101 2602 accommodantis,
1121 2541 1148 2590 et
1167 2552 1184 2589 a
1202 2534 1244 2588 rei
1262 2551 1311 2602 pu·

187 2622 261 2675 blica
273 2623 406 2677 Romanae
419 2624 536 2693 ingenio,
555 2625 583 2679 in
598 2642 653 2693 qua
667 2626 768 2679 ordinis
783 2632 811 2680 et
830 2627 968 2695 dignitatis
986 2629 1045 2681 iure
1064 2626 1216 2680 coniuncta
1234 2625 1310 2677 here

189 2711 282 2764 ditaris
305 2713 465 2781 propagatio
492 2714 569 2767 nulla
591 2731 714 2783 unquam
737 2715 796 2769 fuit.
834 2716 1013 2770 Patriciorurn
1036 2716 1110 2770 enim
1133 2731 1219 2783 genus
1243 2718 1310 2775 erat,

189 2805 217 2852 ut
234 2800 413 2868 plebeiorum,
432 2818 488 2855 non
506 2802 585 2860 ordo;
605 2804 732 2857 nobilitas
751 2804 885 2858 inferioris
904 2805 991 2858 aetatis
1010 2806 1069 2859 iure
1088 2805 1159 2858 cirili
1179 2803 1309 2858 aceteris

189 2904 240 2941 non
259 2889 385 2942 discreta
422 2889 491 2944 Illud
511 2908 620 2959 quoque
638 2893 835 2958 animadverto,
859 2910 914 2947 non
934 2894 1055 2962 intelligi,
1078 2894 1125 2962 qui
1143 2891 1263 2962 potuerit
1281 2892 1310 2945 in

189 2976 233 3029 tali
251 2978 417 3046 republica,
441 2979 552 3047 qualem
574 2982 626 3034 sub
645 2983 753 3050 rcm'hus
772 2983 856 3036 fuisse
874 2983 932 3051 ipse
951 2982 992 3036 vir
1011 2982 1203 3037 celeberrimus
1222 2986 1309 3050 putat,

190 3081 242 3118 non
260 3066 376 3120 describi
394 3069 522 3136 populus,
540 3070 588 3122 sed
607 3087 669 3138 pars
687 3071 780 3140 aliqua
798 3071 873 3139 seligi
893 3077 920 3124 et
938 3072 972 3125 ad
991 3078 1153 3141 perpetuam
1171 3071 1311 3140 dignitatis

189 3155 387 3222 possessionem
405 3157 504 3211 vocari.
542 3158 602 3226 Ipse
629 3175 695 3213 sane
723 3161 757 3213 de
784 3160 961 3228 patriciorum
985 3161 1088 3230 origine
1110 3160 1218 3214 tabulas
1241 3160 1310 3213 eius-

190 3244 260 3296 modi
283 3244 390 3312 pridem
413 3245 525 3314 expulit.
563 3246 641 3312 Quod
666 3252 759 3302 autem
783 3248 887 3317 Polybii
916 3250 974 3302 loco
1003 3250 1089 3304 utitur
1111 3250 1154 3313 Vl,
1183 3248 1226 3314 20,
1254 3264 1310 3302 non

189 3336 275 3399 potest
298 3332 331 3386 iis
354 3333 444 3388 verbis
468 3331 636 3398 (πλουτίνδην
662 3331 750 3386 αὐτῶν
777 3340 956 3406 γεγενημένης
981 3333 1033 3388 eino*
1060 3342 1106 3388 τοῦ
1132 3341 1241 3406 τιμητοῦ
1267 3340 1313 3399 τῆς

189 3418 307 3487 khyrie)
334 3423 488 3492 significari,
515 3429 645 3491 insueto,
673 3433 703 3478 ut
730 3428 873 3493 descriptio
900 3445 918 3480 a
941 3444 1047 3481 comere
1071 3445 1151 3481 censu
1176 3429 1234 3494 fiat,
1262 3427 1310 3479 sed

190 3514 304 3573 tautum,
321 3513 398 3577 facta
416 3531 433 3566 a
451 3530 558 3567 censore
576 3516 759 3581 descriptione.
797 3514 952 3569 Perfectum
964 3516 1080 3584 scriptor
1092 3516 1190 3584 posuit,
1210 3520 1311 3569 utnon

189 3598 331 3666 repetitam
350 3604 377 3654 et
402 3601 436 3654 ad
460 3602 580 3670 singulos
603 3601 724 3655 delectus
747 3603 981 3657 accommodatam
1004 3605 1213 3674 descriptionem
1237 3603 1310 3671 equi-

190 3691 248 3740 tum
267 3687 439 3756 signiticaret,
467 3690 515 3743 sed
538 3696 701 3759 perpetuum
725 3692 803 3759 quasi
826 3687 982 3759 κατάλογον,
1010 3709 1044 3746 ex
1062 3710 1117 3761 quo
1136 3695 1170 3746 ad
1189 3693 1310 3761 singulas

190 3776 373 3844 expeditiones
391 3777 497 3845 equites
516 3779 698 3846 deligerentur
716 3778 866 3846 (γεγένηται
879 3779 909 3830 δὲ
920 3776 970 3843 ἤδη
984 3780 1142 3842 πλουτίνδην
1160 3775 1176 3842 ἦ
1195 3774 1309 3846 ἐκλογή).

190 3864 241 3919 Nec
269 3866 412 3933 Polybius,
440 3866 463 3919 si
491 3867 626 3921 diversam
655 3869 790 3937 deligendi
818 3885 945 3922 normam
972 3870 1161 3938 significasset,
1191 3869 1310 3937 priorem

190 3954 334 4018 omisisset,
358 3972 445 4023 quum
468 3956 614 4025 superioris
637 3958 725 4011 atatis
748 3958 887 4011 diversum
911 3957 1032 4011 delectus
1050 3958 1173 4011 ordinem
1193 3962 1309 4011 notaret.

190 4043 297 4109 Eorum
325 4045 372 4112 qui
396 4061 510 4098 censum
532 4030 673 4109 haberent,
702 4046 730 4099 in
753 4063 824 4114 equo
848 4047 993 4100 tribuendo
1016 4046 1153 4115 dignitatis
1172 4046 1308 4099 delectum

192 4132 321 4195 habitum,
340 4134 423 4201 plane
441 4135 589 4198 consentio,
609 4141 844 4203 propagatumque
863 4138 897 4190 ad
916 4137 1003 4190 fllium
1023 4153 1055 4189 ex
1075 4152 1115 4200 eo,
1140 4136 1213 4203 quod
1232 4139 1310 4203 pater

190 4238 257 4289 equo
274 4222 384 4290 publico
409 4224 561 4286 meruisset,
588 4224 740 4291 splendoris
763 4224 874 4293 aliquid,
903 4230 1008 4279 eertum
1033 4230 1081 4277 est.
1119 4224 1158 4276 De
1182 4222 1312 4289 universo

193 4310 364 4376 patriciorum
387 4329 503 4366 numero
527 4314 646 4381 equestri
670 4313 758 4366 ordini
782 4318 963 4366 annumerato
990 4317 1017 4366 et
1045 4313 1072 4365 in
1100 4328 1147 4365 ser
1176 4311 1311 4379 suffragiis

193 4400 384 4467 comprehenso
403 4401 504 4454 similia
522 4401 574 4454 diei
593 4406 715 4469 possunt.
752 4402 820 4454 Nam
845 4406 872 4454 et
897 4401 977 4454 nimis
1002 4417 1117 4469 magnus
1136 4400 1261 4468 equitum
1280 4402 1311 4453 lit

195 4502 319 4542 numerus
341 4487 451 4557 (loquor
474 4488 507 4542 de
530 4489 649 4557 patriciis
674 4490 796 4543 Serviani
820 4489 963 4557 temporis)
991 4494 1018 4542 et
1045 4489 1127 4543 nimis
1150 4490 1247 4559 exigua
1271 4490 1313 4542 vis

116 4586 119 4592 '
195 4576 363 4641 patriciorum
382 4577 411 4631 in
430 4580 568 4632 comittctu
587 4581 705 4632 macinae
723 4579 817 4646 populi
836 4578 961 4631 Romani.
