2948 5206
702 402 747 468 XI

135 620 244 664 manus
267 618 360 663 meas
383 598 519 661 veniret.
565 597 621 661 Eae
650 598 736 662 enim
759 601 835 661 sunt
857 597 916 661 viri
940 596 1109 663 clarissimi
1132 599 1320 665 eruditionis

136 728 164 787 et
185 722 354 804 elegantiae
378 721 502 798 laudes,
532 740 571 786 eo
593 741 647 784 me
670 720 777 786 iudicii
800 721 1041 805 verborumque
1063 724 1186 788 honore
1209 743 1321 806 prose-

133 852 221 912 cutus
249 851 311 923 est,
346 865 420 910 earn
452 844 533 910 mibi
562 844 823 910 benevolentiam
853 865 888 910 re
919 850 951 910 et
974 846 1069 911 factis
1090 848 1250 929 prestitit,
1286 851 1322 913 ut

132 975 241 1036 oontm
264 989 340 1034 eum
364 969 484 1052 saepius
500 969 724 1052 disputaturus
745 969 814 1034 sine
829 969 929 1035 animi
944 969 1094 1036 molestia
1108 993 1175 1039 non
1189 973 1321 1051 tuerim3

132 1100 311 1171 notamen,
342 1113 385 1158 ne
415 1092 552 1159 diversae
580 1094 642 1159 viae
665 1112 704 1158 ac
726 1093 868 1159 rationes
892 1095 1141 1174 confundantur,
1169 1095 1321 1161 dissimu-

133 1219 196 1284 lare
218 1239 285 1284 non
307 1238 442 1301 possum
466 1237 571 1301 neque
594 1218 710 1295 debeo,
733 1218 902 1301 aliquanto
918 1219 993 1298 aba,
1016 1223 1117 1302 atque
1133 1217 1252 1284 Bakins
1269 1217 1322 1283 hic

134 1347 163 1407 et
183 1345 216 1407 in
238 1342 388 1408 scholicis
410 1341 674 1426 hypomnematis
696 1361 775 1407 ustis
788 1338 859 1420 est,
883 1342 1023 1408 formula
1043 1344 1220 1435 regendam
1242 1343 1322 1409 mihi

135 1472 231 1531 artem
257 1466 404 1531 criticam
428 1467 530 1531 videri
558 1486 659 1548 quum
687 1467 721 1531 in
748 1464 875 1531 mendis
904 1468 1117 1550 coarguendis
1140 1472 1173 1533 et
1195 1486 1321 1534 correc-

135 1592 222 1656 tionis
245 1590 442 1656 necessitate
462 1581 736 1668 demonstranda,
765 1594 835 1655 tum
863 1589 897 1655 in
921 1592 1156 1657 emendationis
1180 1591 1320 1673 exquisi-

136 1716 215 1781 tione
237 1717 326 1781 intra
349 1719 456 1781 certos
477 1715 559 1781 fines
583 1716 729 1781 codicum
753 1714 895 1798 vestigiis
917 1716 1109 1781 terminatos
1128 1714 1320 1794 cohibenda,

136 1843 293 1921 postremo
321 1840 356 1904 in
378 1840 464 1905 veris
486 1840 581 1907 firma
603 1858 643 1905 ac
666 1842 755 1904 certa
777 1842 856 1904 nota
879 1839 1202 1922 comprehendendis.
1248 1840 1321 1905 Non

137 1961 266 2029 libenter
287 1963 361 2028 hac
383 1964 473 2041 dico;
501 1964 561 2029 sed
589 1962 708 2029 criticae
735 1982 801 2060 non
828 1963 1061 2046 superstitiosa
1085 1982 1219 2029 causam
1241 1962 1321 2028 mihi

137 2088 288 2170 agendam
313 2089 468 2171 summis
484 2088 564 2153 nihil
591 2107 725 2171 possum
752 2087 822 2170 pati
844 2085 977 2167 adiungi
1000 2086 1029 2150 ei
1053 2105 1171 2165 causae,
1199 2085 1321 2167 inquo

139 2211 263 2278 libertas
285 2211 339 2276 vel
361 2212 533 2277 minimum
555 2211 599 2277 ad
621 2211 785 2276 licentiam
807 2210 963 2276 inclmare
984 2209 1143 2274 rideatur.

237 2388 344 2454 Scrib.
368 2389 477 2454 Haun.
500 2388 584 2471 prid.
607 2387 676 2454 cal.
699 2385 1079 2453 Nov.atmcccxn11.
