2956 5190
708 325 772 390 389

131 518 271 584 biennio
294 522 369 602 post
391 519 582 602 petitionem
605 519 803 602 gladiatores
827 519 898 583 dari
922 539 982 583 sua
1005 519 1075 600 lege
1097 520 1249 585 vetuisse.
1295 520 1340 584 At

131 625 218 709 quid
241 625 274 689 id
299 625 341 689 ad
366 626 525 691 ambitum
550 630 584 691 et
605 626 671 691 vim
696 646 735 691 ex
758 625 914 709 petitione
937 626 1115 691 tollendam
1133 627 1340 709 pertinebat?

132 737 197 797 aut
232 733 305 814 quis
340 736 437 815 putat
471 752 510 797 ea
543 733 614 815 lege
648 733 869 815 magistratus,
905 735 1005 800 immo
1040 733 1127 814 ipsos
1163 733 1282 809 aediles,
1319 753 1339 797 a

131 838 376 923 gladiatoribus
408 839 526 903 dandis
558 839 704 905 exclusos
737 843 830 904 esse?
848 839 1035 904 decedunt
1064 838 1142 920 legis
1173 839 1275 904 verba
1306 839 1340 904 in

132 944 287 1011 oratione
315 946 349 1010 in
378 945 543 1010 Vatinium
569 946 620 1022 15,
650 946 703 1011 37.
750 945 882 1010 Falsum
911 949 961 1010 est
987 946 1085 1028 igitur
1106 947 1244 1029 petierit,
1280 966 1340 1010 nec

133 1055 253 1117 tamen
276 1052 514 1135 corrigendum,
539 1052 597 1116 sed
621 1053 778 1118 eiicienda
795 1054 925 1137 petie-rit
940 1060 1005 1131 aut,
1029 1052 1142 1116 addita
1161 1054 1204 1117 ab
1220 1051 1339 1134 aliquo,

133 1158 196 1241 qui
220 1159 328 1224 locum
358 1158 497 1225 similem
526 1158 708 1245 Vatinianae
738 1159 810 1225 loco
841 1159 949 1224 tacere
980 1159 1090 1236 voluit,
1125 1161 1158 1223 in
1193 1163 1340 1241 tempore

135 1264 234 1329 verbi
258 1285 381 1330 errans.
427 1266 540 1331 Cicero
562 1267 625 1330 hoc
652 1265 723 1331 loco
753 1266 788 1330 id
818 1267 927 1348 posuit
956 1266 1071 1343 solum,
1107 1267 1195 1349 quod
1226 1268 1341 1349 praeci·

136 1391 246 1455 puum
270 1375 342 1436 erat
364 1375 398 1436 et
428 1372 567 1437 alterum
599 1371 877 1454 complectebatur
906 1373 1156 1454 pertinebatque
1186 1373 1229 1438 ad
1252 1374 1342 1437 Vati·

136 1478 245 1555 nium,
278 1482 356 1560 post
385 1479 586 1561 superiorem
617 1479 783 1561 repulsam
815 1479 1002 1543 aedilitatem
1034 1480 1152 1543 iterum
1176 1483 1342 1562 petentem

136 1585 375 1667 petiturumvc.
409 1584 458 1648 Ac
480 1584 550 1676 iteri
574 1588 691 1667 potest,
716 1589 753 1649 ut
775 1589 910 1667 propter
932 1585 1037 1667 ipsam
1062 1585 1150 1651 illam
1167 1585 1342 1669 superioris

138 1690 285 1773 repulsae
309 1691 501 1757 memoriam
526 1691 738 1774 interpolator
761 1691 943 1774 perfectum
966 1693 1121 1774 posuerit.

233 1797 269 1863 C.
293 1797 346 1875 64,
380 1797 444 1862 134
472 1796 621 1875 Orellius,
657 1801 788 1863 secutus
819 1799 994 1863 editionem
1025 1798 1190 1879 Hervagii‚
1226 1797 1342 1862 edidit:

136 1905 224 1987 facit
248 1906 285 1983 ic,
320 1906 375 1989 qui
401 1924 498 1989 neque
527 1903 609 1967 elabi
638 1925 675 1967 cx
702 1905 819 1968 iudicio
847 1905 1125 1970 iucunditatem
1148 1925 1245 1989 neque
1268 1905 1344 1967 eniti

136 2013 253 2096 pratia
270 2017 371 2094 potest
393 2032 491 2096 neque
513 2011 623 2095 opibus
653 2019 681 2075 et
698 2013 841 2094 potentio
871 2014 952 2097 lepos
982 2033 1020 2076 ac
1050 2012 1172 2075 iudicia
1197 2010 1343 2094 perfrin-

137 2137 226 2202 gere.
272 2116 375 2198 Vulgo
410 2122 481 2182 erat
515 2120 623 2195 emitti,
662 2119 756 2201 quod.
784 2118 877 2184 codd.
914 2120 1116 2195 confirmant,
1152 2117 1343 2182 Parisiensis

139 2242 275 2307 quoquc
298 2220 440 2306 (Naug.),
475 2229 513 2289 ut
540 2225 629 2289 nulla
658 2226 700 2291 sit
727 2226 882 2308 Hervagii
906 2226 1092 2290 auctoritas.
1139 2225 1205 2288 Nec
1229 2226 1342 2304 aptum
1358 2239 1398 2279 ⁵⁰2

138 2330 223 2396 illud
253 2330 463 2409 vocabulum,
499 2333 587 2413 quod
621 2332 742 2396 laboris
777 2336 810 2396 et
844 2331 1043 2396 difficultatis
1077 2330 1344 2412 significationem

139 2437 256 2514 habet,
281 2437 323 2502 ad
345 2439 461 2522 protioe
484 2438 701 2514 mentionem3
725 2442 850 2503 rectum
875 2442 987 2504 contra
1011 2438 1124 2513 emitti;
1147 2457 1225 2501 nam
1250 2437 1344 2499 emit·

139 2544 223 2608 titur
246 2548 360 2626 aperte
383 2545 499 2625 gratia,
533 2564 630 2626 quem
659 2545 782 2610 iudices
805 2549 963 2627 tanquam
987 2545 1111 2627 laqueis
1135 2543 1344 2607 constrictum
1395 2556 1401 2563 ·

140 2655 257 2714 tenere
292 2649 416 2716 debent
448 2671 509 2717 nec
543 2653 674 2727 volunt;
710 2651 850 2716 elabitur
884 2647 1094 2728 iucunditate,
1131 2649 1185 2733 qui
1220 2649 1345 2714 occulte

141 2761 259 2840 captos
283 2757 511 2822 delenimentis
534 2759 601 2822 suis
631 2759 758 2823 animos
790 2758 833 2823 ad
865 2776 966 2839 prave
998 2756 1209 2820 iudicandum
1236 2754 1344 2820 allicit.

141 2865 209 2930 Sed
245 2864 405 2930 difficilior
439 2868 543 2929 restat
572 2865 606 2929 in
639 2868 701 2931 hoc
729 2866 800 2930 loco
831 2863 1008 2947 disputatio
1032 2862 1072 2926 de
1096 2861 1346 2945 interpolatione

142 2971 264 3036 codicis
289 2953 457 3055 archetypi
480 2991 614 3053 prorsus
639 2991 751 3035 earum
776 2971 881 3050 simili,
906 2991 988 3054 quas
1012 2989 1112 3051 supra
1129 2970 1344 3051 coarguimus.

142 3077 300 3160 Sequitur
323 3079 425 3142 enim:
463 3078 540 3158 Quo
562 3098 613 3142 rea
636 3077 791 3141 hominem
814 3078 956 3160 impellit,
986 3083 1021 3139 at
1047 3076 1088 3139 ait
1111 3083 1176 3139 tam
1199 3077 1346 3158 intempe-

143 3184 246 3248 rans?
274 3183 344 3248 Isto
366 3185 470 3247 nimia
484 3185 596 3268 glorioe
613 3185 784 3268 cupiditate
799 3184 964 3265 familiam
979 3182 1219 3266 plodiatom'om,
1243 3181 1346 3263 creda

143 3297 256 3354 noctus
279 3297 322 3354 est
345 3292 526 3375 speciosam,
560 3289 704 3373 nobilem,
737 3291 919 3376 ploriosam.
964 3289 1125 3370 (Codices,
1161 3292 1248 3352 certe
1270 3287 1345 3352 Par.

143 3400 175 3461 et
198 3397 332 3476 Bcrnn,
361 3399 419 3462 iate
447 3399 565 3472 nimio;
600 3397 641 3461 de
670 3397 871 3462 Gruterianis
900 3395 1087 3460 melioribus
1111 3395 1239 3470 siletur;
1275 3394 1346 3458 vul·

142 3523 238 3586 gares
261 3504 333 3569 haec
356 3524 423 3570 non
444 3502 594 3586 habent.)
640 3504 684 3568 Ut
707 3522 887 3586 pronomen
911 3503 973 3566 ista
991 3502 1152 3579 omittam,
1177 3501 1265 3582 quod
1288 3501 1346 3564 illo

143 3630 216 3677 esse
247 3611 393 3676 debebat
427 3609 668 3694 (demonstrare
698 3611 784 3675 enim
814 3610 913 3674 debet
942 3612 1100 3690 tanquam
1124 3615 1236 3672 notam
1260 3626 1346 3681 rem;

142 3739 222 3784 nam
244 3718 327 3783 nihil
351 3722 410 3797 est,
435 3739 500 3800 quo
523 3718 694 3796 referatur,
718 3737 779 3782 nec
801 3715 967 3781 Vatinium
991 3712 1188 3797 alloquitur),
1224 3713 1283 3778 sed
1311 3717 1348 3777 ut

142 3827 205 3890 hoc
228 3826 390 3903 omittam,
414 3825 559 3906 primum
584 3825 699 3890 vitiosa
723 3827 772 3888 est
794 3842 928 3906 prorsus
951 3821 1126 3886 verborum
1150 3819 1347 3897 coniunctim

142 3932 221 4015 quid
252 3934 302 3996 est
331 3932 418 3996 enim
447 3932 548 3994 nimia
582 3931 694 4014 qlorioe
728 3929 901 4013 cupiditate
934 3929 1110 3992 nancisci
1141 3926 1346 4011 yladiotorea

142 4041 237 4122 quasi
261 4038 317 4104 illo
342 4039 449 4121 pretio
473 4041 726 4120 comparentur?
760 4038 847 4101 Tum
870 4056 948 4101 vero
971 4035 1134 4100 rhetorica
1158 4034 1218 4098 loci
1242 4033 1348 4098 forma

141 4145 320 4211 manifesto
344 4145 547 4228 pessundata
570 4151 636 4220 est;
672 4143 760 4225 quod
783 4142 834 4208 vel
858 4162 960 4207 unum
985 4142 1091 4224 arguit
1120 4140 1221 4217 creda,
1250 4138 1347 4203 nimis

141 4254 236 4335 longe
261 4251 304 4316 ab
328 4251 421 4317 initio
445 4251 616 4318 sententiae
646 4252 829 4333 verbisque,
866 4269 939 4332 quae
970 4268 1043 4313 eam
1073 4248 1206 4323 ducunt,
1242 4265 1347 4310 remo·

141 4365 223 4424 tum.
270 4358 395 4424 Deinde
419 4358 508 4423 toeda
532 4362 582 4423 est
609 4356 805 4440 tautologia;
840 4376 918 4420 narn
946 4355 1057 4420 statim
1091 4354 1253 4436 sequitur:
1288 4351 1348 4434 tla-

139 4488 241 4550 9rons
254 4465 430 4550 cumdum
443 4465 556 4550 plom‘oe
571 4469 633 4530 cet.
670 4463 811 4529 Omnino
832 4464 1041 4547 perspicuum
1063 4465 1123 4537 est,
1147 4459 1346 4530 Ciceronem,

141 4593 244 4656 quum
280 4592 414 4638 causam
448 4576 551 4637 tantae
578 4570 698 4637 Vatinii
727 4570 940 4653 impudentiae
971 4566 1203 4651 requisivisset,
1239 4567 1349 4648 ipsum
