2948 5206
637 346 703 411 579

55 537 181 603 monio
211 541 348 602 utuntur
375 538 419 603 ad
449 539 618 622 utriusque
649 540 764 605 formae
793 540 1014 623 promiscuum
1038 559 1133 604 usum
1157 542 1267 604 osten·

61 643 227 709 ciendum.
272 644 392 709 Verum
420 645 454 709 in
482 665 531 723 eo,
567 666 665 728 quem
693 647 720 711 is
748 647 897 725 advocat,
932 647 1012 724 loco,
1047 666 1107 729 pro
1135 646 1268 710 Plancio

64 769 94 814 c.
119 751 176 828 20,
200 751 254 829 50,
279 750 381 816 codex
404 752 557 834 optimus,
587 753 793 832 Erfurtensis
822 773 888 817 non
911 752 1081 836 repudiata
1103 752 1177 835 fuit,
1209 751 1268 817 sed

65 856 243 941 repudiata
271 860 314 921 ‘eci
340 858 497 940 scriptum
524 859 635 939 habet,
670 863 707 925 ut
734 879 821 924 nunc
849 860 993 924 Klotzius
1022 859 1137 935 edidit:
1172 842 1268 923 vulde

66 982 196 1041 vereor,
231 967 269 1028 ut
295 969 383 1028 recte
413 965 515 1029 codex
544 966 721 1031 Bavaricus
743 967 908 1049 inspectus
931 966 983 1030 sit.
993 961 1019 1046 ¹)
1064 965 1155 1030 ldem
1178 985 1267 1030 men-

67 1069 148 1135 dum
171 1069 278 1135 haeret
299 1071 333 1135 in
348 1072 528 1155 Philippica
544 1073 581 1150 V,
608 1072 659 1150 17,
683 1072 737 1150 47,
760 1073 817 1136 ubi
833 1073 961 1137 codices
977 1072 1126 1154 vulgares
1144 1073 1269 1136 babent

67 1177 206 1240 mindo
226 1176 302 1259 fuit,
326 1178 502 1243 Vaticanus
525 1181 660 1243 mincio
681 1187 765 1258 cunt,
790 1179 823 1243 id
841 1182 900 1255 est,
925 1179 1102 1255 extinctam
1126 1198 1203 1243 nam
1227 1198 1268 1243 ex
1281 1192 1321 1232 2²2

32 1330 38 1341 .
67 1282 131 1348 hac
153 1283 316 1366 scriptura
338 1284 459 1349 menda
481 1286 536 1350 illa
559 1290 631 1350 oria
654 1293 740 1363 sunt,
770 1306 869 1369 quum
899 1294 943 1350 est
970 1286 1089 1368 partim
1114 1286 1268 1349 transiret

66 1389 100 1453 in
122 1397 207 1468 cunt,
231 1392 363 1473 partim,
387 1393 548 1474 quiahoc
571 1392 646 1457 ierri
668 1412 734 1457 non
749 1396 887 1474 poterat,
912 1392 1125 1468 omitteretur,
1150 1391 1267 1456 deinde

64 1495 132 1577 suit
154 1495 380 1562 subiiceretur.
427 1497 489 1580 [Ex
520 1499 633 1564 eodem
665 1501 782 1564 erroris
813 1499 902 1564 fonte
931 1498 1087 1575 manavit,
1123 1497 1211 1580 quod
1234 1498 1268 1561 in

66 1603 216 1668 oratione
239 1603 267 1667 ll
290 1604 331 1669 de
353 1604 415 1686 leg.
439 1625 506 1687 agr.
530 1604 548 1685 ἕ
572 1606 615 1670 92
643 1606 763 1670 editur:
798 1607 919 1669 colonio
947 1604 1081 1669 deducto
1102 1604 1177 1686 fuit,
1206 1624 1267 1687 pro

66 1728 133 1791 quo
157 1728 260 1791 quum
282 1711 316 1774 in
345 1712 455 1777 codice
485 1712 667 1776 Erfurtensi
696 1716 783 1777 esset
811 1712 944 1775 deducta
973 1713 1023 1788 sit,
1059 1711 1268 1776 scribendum

66 1835 140 1881 esse
164 1814 338 1894 deductum,
362 1838 428 1883 non
451 1817 534 1900 fugit
557 1819 828 1901 Wesenbergium
852 1839 973 1895 meum,
998 1817 1156 1883 Observv.
1175 1817 1268 1882 Critt.

65 1922 100 1987 in
129 1928 213 1988 orat.
241 1943 302 2006 pro
330 1923 414 1989 Sest.
438 1945 470 2006 p.
493 1925 547 1989 45.
557 1919 583 2006 ²)
632 1924 743 2008 1842]
789 1927 901 2007 ltaque
932 1925 1030 1990 etiam
1059 1924 1092 1988 in
1120 1924 1267 1988 oratione

65 2048 128 2111 pro
150 2029 245 2094 Font.
269 2030 322 2108 20,
352 2031 385 2108 4,
418 2051 518 2114 quum
550 2031 676 2096 codices
699 2033 874 2097 baberent:
903 2039 938 2096 ut
966 2033 1024 2095 illo
1048 2028 1266 2113 (Macedonia)

61 2156 124 2219 per
158 2135 242 2199 dunc
275 2158 297 2199 a
335 2135 495 2200 Thracum
530 2137 666 2202 adventu
700 2159 737 2201 ac
771 2138 1008 2223 depopulatione
1041 2138 1187 2221 deforma,
1222 2139 1267 2201 sic

67 2246 141 2315 cet,
171 2243 238 2306 iam
261 2241 406 2306 Faernus
435 2247 467 2308 et
494 2244 672 2309 Lambinus
696 2244 854 2322 viderant,
886 2244 1093 2309 scribendum
1119 2263 1190 2309 esse
1214 2244 1266 2307 de-

66 2348 200 2430 semel,
236 2368 318 2431 quos
347 2348 485 2414 Orellius
515 2354 646 2416 secutus
678 2359 742 2427 est:
778 2352 876 2416 ceteri
899 2351 952 2416 hic
975 2370 1104 2433 quoque
1127 2371 1265 2433 pravum

68 2455 148 2520 illud
183 2454 315 2538 defend
349 2455 415 2537 fuit
449 2458 635 2522 effecerant.
644 2453 671 2539 ³)
717 2457 815 2540 Apud
844 2458 1007 2523 Caesarem
1038 2478 1139 2521 unum
1169 2459 1265 2521 huius

69 2563 196 2644 generis
231 2562 416 2643 exemplum
451 2567 517 2640 est,
553 2563 586 2628 in
621 2566 871 2646 corruptissimis
906 2564 986 2629 Belli
1021 2565 1129 2630 Civilis
1163 2565 1265 2629 libris.

71 2665 176 2748 (Adeo
200 2668 297 2746 enim,
332 2669 420 2751 quod
447 2671 541 2734 multi
568 2671 601 2734 in
629 2671 821 2735 testimoniis
844 2690 953 2734 rerum
977 2671 1265 2752 grammaticarum

73 2773 256 2857 colligendis
278 2778 336 2839 aut
357 2776 505 2857 ignorare
529 2779 586 2840 aut
608 2796 673 2841 non
698 2796 810 2842 curare
839 2777 999 2853 videntur,
1030 2777 1201 2859 depravati
1231 2778 1265 2841 hi

74 2877 140 2944 iibri
176 2879 220 2943 ad
254 2899 313 2944 nos
347 2887 576 2962 pervenerunt,
612 2886 648 2947 ut
681 2883 805 2947 nullum
841 2883 985 2947 historici
1020 2884 1141 2961 Latini,
1177 2885 1265 2967 quod

77 3071 334 3083 ’ξι-...ᾑ-

99 3212 118 3282 ¹)
135 3214 213 3284 [Cod.
226 3216 444 3285 Tegernseeusis‚
463 3233 545 3285 quem
558 3223 640 3272 antea
652 3218 814 3273 Bavaricum
828 3219 1043 3288 appellabamus
1062 3219 1145 3273 habet
1157 3222 1266 3287 repudi·

138 3314 185 3360 aea
203 3314 276 3371 wne,
296 3322 329 3360 ex
348 3314 372 3359 ει
391 3304 502 3372 orium]

98 3389 117 3459 ²)
136 3395 197 3449 Dixi
217 3396 252 3449 de
270 3396 322 3450 hoc
340 3413 438 3465 genere
457 3397 549 3450 mendi
568 3397 596 3449 in
616 3396 714 3465 Opusc.
732 3395 868 3465 prioribus
886 3413 913 3465 p.
933 3396 997 3461 184;
1023 3397 1050 3450 in
1073 3397 1176 3450 Catone
1194 3395 1211 3463 ἕ
1230 3397 1265 3450 63

136 3485 222 3538 codex
242 3485 332 3554 regius
351 3485 434 3539 habet
452 3493 641 3539 metarunt
659 3501 709 3553 pro
728 3493 868 3550 morciaci,
888 3485 970 3539 ceteri
989 3486 1104 3540 verbum
1124 3485 1263 3540 omittunt.

137 3575 177 3628 De
195 3573 227 3627 N.
246 3574 278 3628 D.
297 3574 309 3627 l
327 3572 345 3640 ἦ
362 3573 398 3626 95
415 3574 461 3627 alii
480 3574 585 3627 codices
604 3573 707 3626 habent
726 3575 838 3627 dicenda
857 3583 928 3639 sunt,
954 3575 999 3629 alii
1023 3576 1136 3627 dicenda
1160 3577 1196 3626 eit
1213 3590 1263 3642 pro

136 3664 285 3716 dicendast.
313 3661 409 3729 [Multo
428 3663 507 3732 plura
525 3661 652 3731 exempla
671 3662 810 3716 substituti
829 3666 865 3716 eit
884 3680 932 3732 pro
951 3672 976 3716 st
995 3662 1090 3731 collegi
1109 3662 1143 3715 od
1162 3661 1208 3715 lib.
1225 3661 1263 3714 lll

137 3751 171 3804 de
196 3751 255 3805 Fin.
278 3750 348 3818 §58
371 3769 397 3820 p.
416 3751 477 3815 448,
502 3748 540 3820 [p.
560 3750 612 3802 444
638 3751 679 3803 ed.
705 3748 787 3817 tert.‚]
815 3768 865 3805 nec
889 3751 1000 3816 desunt,
1029 3768 1090 3819 quae
1114 3750 1263 3808 addantur:

137 3840 213 3894 velut
236 3841 310 3909 apud
335 3840 446 3894 Festum
470 3839 498 3893 in
523 3840 613 3908 prima
636 3838 735 3892 codicis
758 3840 857 3908 pagina
883 3840 920 3908 (p.
941 3840 992 3892 167
1016 3837 1105 3903 Lind.)
1123 3839 1263 3893 scribitur:

136 3930 325 3983 Mamdiorum
341 3931 450 3996 familia
464 3931 609 3996 propende
627 3930 663 3981 eit
681 3945 699 3980 a
711 3930 837 3981 Mamilia
858 3931 980 3996 Teteqoni
995 3931 1053 3996 filia
1072 3945 1121 3998 pru
1135 3930 1264 3996 propent-

136 4026 205 4076 ταώ
232 4034 317 4087 prave
341 4018 431 4072 editur
449 4020 595 4086 proponite
615 4019 678 4083 fuit.
715 4017 797 4085 Apud
820 4017 896 4071 Varr.
916 4018 945 4071 L.
964 4018 994 4070 L.
1013 4017 1036 4070 V
1054 4000 1116 4085 psl
1135 4017 1194 4085 Bip.
1213 4033 1263 4085 pro

136 4123 179 4169 eo,
198 4107 273 4175 quod
291 4106 381 4160 editur
399 4105 482 4160 etiarn
501 4105 674 4174 aSpengelio
693 4111 720 4158 et
732 4106 877 4160 Muellero:
896 4115 921 4160 et
939 4108 1009 4174 quod
1021 4113 1096 4158 terra
1109 4108 1143 4158 sit
1156 4107 1263 4171 numus,

138 4198 196 4251 ideo
220 4199 244 4249 ἰε
268 4198 405 4262 inamatus,
433 4202 556 4248 mortuus
575 4198 623 4263 qui
645 4203 721 4248 terra
743 4198 780 4248 eit
802 4197 922 4260 obrutus,
951 4194 1124 4248 scribendum
1153 4199 1194 4246 est
1221 4193 1263 4246 bis

137 4294 213 4338 ima
231 4293 264 4338 ετ.
303 4281 392 4350 1842]

96 4366 119 4437 ¹)
137 4371 180 4440 [ln
206 4373 343 4427 Ciceronis
368 4373 452 4426 Bruto
471 4371 513 4437 58,
538 4371 603 4437 212,
628 4371 675 4425 ubi
701 4372 803 4426 editur:
833 4372 929 4425 Crassi
955 4379 1108 4425 testamento
1136 4374 1184 4439 qui
1207 4373 1264 4438 fuit

138 4463 293 4530 adoptatus,
312 4462 421 4531 gravius
440 4462 553 4517 subesse
573 4461 705 4515 mendum
724 4461 767 4514 vel
786 4459 931 4513 verborum
951 4460 1017 4513 ordo
1036 4458 1145 4530 arguit]

1000 4546 1050 4589 547*
