<?xml version="1.0" encoding="UTF-8"?>
<!DOCTYPE html PUBLIC "-//W3C//DTD XHTML 1.0 Transitional//EN"
    "http://www.w3.org/TR/xhtml1/DTD/xhtml1-transitional.dtd">
<html xmlns="http://www.w3.org/1999/xhtml" xml:lang="en" lang="en">
 <head>
  <title>
</title>
<meta http-equiv="Content-Type" content="text/html;charset=utf-8" />
  <meta name='ocr-system' content='tesseract 3.04.00' />
  <meta name='ocr-capabilities' content='ocr_page ocr_carea ocr_par ocr_line ocrx_word'/>
</head>
<body>
  <div class='ocr_page' id='page_1' title='image "./ionicolaimadvig02madvgoog/ionicolaimadvig02madvgoog_0117.png"; bbox 0 0 2956 5190; ppageno 0'>
   <div class='ocr_carea' id='block_1_1' title="bbox 758 289 802 355">
    <p class='ocr_par' dir='ltr' id='par_1_1' title="bbox 758 289 802 355">
     <span class='ocr_line' id='line_1_1' title="bbox 758 289 802 355; baseline 0 0"><span class='ocrx_word' id='word_1_1' title='bbox 758 289 802 355; x_wconf 83' lang='lat'><strong>94</strong></span> 
     </span>
    </p>
   </div>
   <div class='ocr_carea' id='block_1_2' title="bbox 33 483 1424 3445">
    <p class='ocr_par' dir='ltr' id='par_1_2' title="bbox 33 483 1424 3445">
     <span class='ocr_line' id='line_1_2' title="bbox 120 483 1367 567; baseline -0.002 -18"><span class='ocrx_word' id='word_1_2' title='bbox 120 491 122 495; x_wconf 81' lang='grc'><strong>“</strong></span> <span class='ocrx_word' id='word_1_3' title='bbox 182 483 374 550; x_wconf 88' lang='lat' dir='ltr'><strong>auctoritate</strong></span> <span class='ocrx_word' id='word_1_4' title='bbox 405 483 638 567; x_wconf 87' lang='lat' dir='ltr'><strong>scripturarum</strong></span> <span class='ocrx_word' id='word_1_5' title='bbox 662 485 987 567; x_wconf 77' lang='lat' dir='ltr'><strong>testimoniorumque</strong></span> <span class='ocrx_word' id='word_1_6' title='bbox 1020 503 1159 549; x_wconf 90' lang='lat' dir='ltr'><strong>numero</strong></span> <span class='ocrx_word' id='word_1_7' title='bbox 1194 502 1236 548; x_wconf 86' lang='lat' dir='ltr'><strong>ex</strong></span> <span class='ocrx_word' id='word_1_8' title='bbox 1269 483 1367 548; x_wconf 74' lang='lat' dir='ltr'><strong>adedo</strong></span> 
     </span>
     <span class='ocr_line' id='line_1_3' title="bbox 113 589 1367 677; baseline 0.002 -23"><span class='ocrx_word' id='word_1_9' title='bbox 113 610 120 623; x_wconf 94' lang='lat'><strong>·</strong></span> <span class='ocrx_word' id='word_1_10' title='bbox 181 591 350 677; x_wconf 83' lang='lat' dir='ltr'><strong>scripturae</strong></span> <span class='ocrx_word' id='word_1_11' title='bbox 373 591 531 659; x_wconf 72' lang='lat' dir='ltr'><strong>varietate</strong></span> <span class='ocrx_word' id='word_1_12' title='bbox 554 592 644 673; x_wconf 87' lang='lat' dir='ltr'><strong>apud</strong></span> <span class='ocrx_word' id='word_1_13' title='bbox 661 590 817 657; x_wconf 91' lang='lat' dir='ltr'><strong>Orellium</strong></span> <span class='ocrx_word' id='word_1_14' title='bbox 839 591 947 673; x_wconf 88' lang='lat' dir='ltr'><strong>posita</strong></span> <span class='ocrx_word' id='word_1_15' title='bbox 968 593 1041 656; x_wconf 90' lang='lat' dir='ltr'><strong>tuto</strong></span> <span class='ocrx_word' id='word_1_16' title='bbox 1063 610 1100 655; x_wconf 87' lang='lat' dir='ltr'><strong>se</strong></span> <span class='ocrx_word' id='word_1_17' title='bbox 1121 589 1268 656; x_wconf 86' lang='lat' dir='ltr'><strong>iudicare</strong></span> <span class='ocrx_word' id='word_1_18' title='bbox 1283 609 1367 673; x_wconf 84' lang='lat' dir='ltr'><strong>possa</strong></span> 
     </span>
     <span class='ocr_line' id='line_1_4' title="bbox 181 701 879 779; baseline 0.004 -18"><span class='ocrx_word' id='word_1_19' title='bbox 181 701 306 779; x_wconf 88' lang='lat' dir='ltr'><strong>putent.</strong></span> <span class='ocrx_word' id='word_1_20' title='bbox 519 720 522 724; x_wconf 92' lang='grc'><em>·</em></span> <span class='ocrx_word' id='word_1_21' title='bbox 877 760 879 764; x_wconf 15' lang='lat' dir='ltr'><strong>a</strong></span> 
     </span>
     <span class='ocr_line' id='line_1_5' title="bbox 269 801 1367 886; baseline 0 -19"><span class='ocrx_word' id='word_1_22' title='bbox 269 803 415 868; x_wconf 89' lang='lat' dir='ltr'><strong>Primum</strong></span> <span class='ocrx_word' id='word_1_23' title='bbox 438 804 536 886; x_wconf 85' lang='lat' dir='ltr'><strong>igitur</strong></span> <span class='ocrx_word' id='word_1_24' title='bbox 562 823 674 869; x_wconf 88' lang='lat' dir='ltr'><strong>veram</strong></span> <span class='ocrx_word' id='word_1_25' title='bbox 704 804 851 869; x_wconf 89' lang='lat' dir='ltr'><strong>codicum</strong></span> <span class='ocrx_word' id='word_1_26' title='bbox 880 803 1109 869; x_wconf 87' lang='lat' dir='ltr'><strong>auctoritatem</strong></span> <span class='ocrx_word' id='word_1_27' title='bbox 1136 802 1233 884; x_wconf 89' lang='lat' dir='ltr'><strong>sequi</strong></span> <span class='ocrx_word' id='word_1_28' title='bbox 1259 801 1367 875; x_wconf 86' lang='lat' dir='ltr'><strong>studui</strong></span> 
     </span>
     <span class='ocr_line' id='line_1_6' title="bbox 182 908 1369 994; baseline 0.002 -21"><span class='ocrx_word' id='word_1_29' title='bbox 182 908 309 987; x_wconf 91' lang='lat' dir='ltr'><strong>deinde,</strong></span> <span class='ocrx_word' id='word_1_30' title='bbox 345 914 504 991; x_wconf 88' lang='lat' dir='ltr'><strong>quantum</strong></span> <span class='ocrx_word' id='word_1_31' title='bbox 533 912 616 976; x_wconf 90' lang='lat' dir='ltr'><strong>ratio</strong></span> <span class='ocrx_word' id='word_1_32' title='bbox 645 909 866 994; x_wconf 88' lang='lat' dir='ltr'><strong>permittebat,</strong></span> <span class='ocrx_word' id='word_1_33' title='bbox 902 909 1101 993; x_wconf 86' lang='lat' dir='ltr'><strong>optimorum</strong></span> <span class='ocrx_word' id='word_1_34' title='bbox 1123 908 1291 984; x_wconf 88' lang='lat' dir='ltr'><strong>codicum;</strong></span> <span class='ocrx_word' id='word_1_35' title='bbox 1323 909 1369 993; x_wconf 87' lang='lat' dir='ltr'><strong>qui</strong></span> 
     </span>
     <span class='ocr_line' id='line_1_7' title="bbox 182 1014 1424 1107; baseline 0.002 -28"><span class='ocrx_word' id='word_1_36' title='bbox 182 1015 314 1098; x_wconf 84' lang='lat' dir='ltr'><strong>quinam</strong></span> <span class='ocrx_word' id='word_1_37' title='bbox 339 1020 448 1081; x_wconf 83' lang='lat' dir='ltr'>essent</span> <span class='ocrx_word' id='word_1_38' title='bbox 470 1017 504 1081; x_wconf 93' lang='lat' dir='ltr'><strong>in</strong></span> <span class='ocrx_word' id='word_1_39' title='bbox 526 1017 564 1082; x_wconf 89' lang='lat' dir='ltr'><strong>iis</strong></span> <span class='ocrx_word' id='word_1_40' title='bbox 588 1037 628 1082; x_wconf 88' lang='lat' dir='ltr'><strong>ex</strong></span> <span class='ocrx_word' id='word_1_41' title='bbox 651 1017 701 1082; x_wconf 90' lang='lat' dir='ltr'><strong>his</strong></span> <span class='ocrx_word' id='word_1_42' title='bbox 724 1016 782 1082; x_wconf 84' lang='lat' dir='ltr'><strong>XII</strong></span> <span class='ocrx_word' id='word_1_43' title='bbox 805 1015 1017 1091; x_wconf 90' lang='lat' dir='ltr'><strong>orationibus,</strong></span> <span class='ocrx_word' id='word_1_44' title='bbox 1041 1015 1214 1099; x_wconf 88' lang='lat' dir='ltr'><strong>inquibus</strong></span> <span class='ocrx_word' id='word_1_45' title='bbox 1232 1014 1370 1082; x_wconf 87' lang='lat' dir='ltr'><strong>codicruu</strong></span> <span class='ocrx_word' id='word_1_46' title='bbox 1422 1090 1424 1107; x_wconf 44' lang='grc' dir='ltr'>Ι</span> 
     </span>
     <span class='ocr_line' id='line_1_8' title="bbox 182 1111 1371 1207; baseline 0.002 -21"><span class='ocrx_word' id='word_1_47' title='bbox 182 1141 302 1204; x_wconf 89' lang='lat' dir='ltr'><strong>genera</strong></span> <span class='ocrx_word' id='word_1_48' title='bbox 324 1122 503 1188; x_wconf 81' lang='lat' dir='ltr'><strong>admodum</strong></span> <span class='ocrx_word' id='word_1_49' title='bbox 526 1123 666 1190; x_wconf 91' lang='lat' dir='ltr'><strong>discreta</strong></span> <span class='ocrx_word' id='word_1_50' title='bbox 689 1121 860 1207; x_wconf 84' lang='lat' dir='ltr'><strong>apparent,</strong></span> <span class='ocrx_word' id='word_1_51' title='bbox 884 1122 1084 1189; x_wconf 88' lang='lat' dir='ltr'><strong>intellectum</strong></span> <span class='ocrx_word' id='word_1_52' title='bbox 1106 1123 1174 1189; x_wconf 89' lang='lat' dir='ltr'><strong>iarn</strong></span> <span class='ocrx_word' id='word_1_53' title='bbox 1193 1143 1216 1189; x_wconf 90' lang='lat' dir='ltr'><strong>a</strong></span> <span class='ocrx_word' id='word_1_54' title='bbox 1233 1111 1371 1206; x_wconf 75' lang='lat' dir='ltr'><strong>superio·</strong></span> 
     </span>
     <span class='ocr_line' id='line_1_9' title="bbox 182 1226 1373 1313; baseline 0.002 -21"><span class='ocrx_word' id='word_1_55' title='bbox 182 1226 272 1293; x_wconf 88' lang='lat' dir='ltr'><strong>ribus</strong></span> <span class='ocrx_word' id='word_1_56' title='bbox 307 1229 469 1295; x_wconf 90' lang='lat' dir='ltr'><strong>nonnullis</strong></span> <span class='ocrx_word' id='word_1_57' title='bbox 503 1233 584 1309; x_wconf 87' lang='lat' dir='ltr'><strong>erat,</strong></span> <span class='ocrx_word' id='word_1_58' title='bbox 620 1230 807 1308; x_wconf 84' lang='lat' dir='ltr'><strong>Garatonio,</strong></span> <span class='ocrx_word' id='word_1_59' title='bbox 842 1228 973 1295; x_wconf 90' lang='lat' dir='ltr'><strong>Orellio.</strong></span> <span class='ocrx_word' id='word_1_60' title='bbox 1027 1230 1094 1295; x_wconf 89' lang='lat' dir='ltr'><strong>Res</strong></span> <span class='ocrx_word' id='word_1_61' title='bbox 1128 1233 1244 1295; x_wconf 91' lang='lat' dir='ltr'><strong>tamen</strong></span> <span class='ocrx_word' id='word_1_62' title='bbox 1276 1228 1373 1313; x_wconf 79' lang='lat' dir='ltr'><strong>magis</strong></span> 
     </span>
     <span class='ocr_line' id='line_1_10' title="bbox 182 1334 1374 1422; baseline 0.003 -25"><span class='ocrx_word' id='word_1_63' title='bbox 182 1334 355 1416; x_wconf 88' lang='lat' dir='ltr'><strong>perspicua</strong></span> <span class='ocrx_word' id='word_1_64' title='bbox 384 1340 460 1405; x_wconf 82' lang='lat' dir='ltr'><strong>¹erat</strong></span> <span class='ocrx_word' id='word_1_65' title='bbox 493 1338 735 1422; x_wconf 73' lang='lat' dir='ltr'><strong>auctoritasque</strong></span> <span class='ocrx_word' id='word_1_66' title='bbox 770 1339 969 1420; x_wconf 90' lang='lat' dir='ltr'><strong>optimorum</strong></span> <span class='ocrx_word' id='word_1_67' title='bbox 1005 1335 1153 1402; x_wconf 85' lang='lat' dir='ltr'><strong>codicum</strong></span> <span class='ocrx_word' id='word_1_68' title='bbox 1187 1337 1222 1401; x_wconf 91' lang='lat' dir='ltr'><strong>in</strong></span> <span class='ocrx_word' id='word_1_69' title='bbox 1258 1336 1374 1419; x_wconf 87' lang='lat' dir='ltr'><strong>aliquot</strong></span> 
     </span>
     <span class='ocr_line' id='line_1_11' title="bbox 183 1440 1376 1528; baseline 0.003 -24"><span class='ocrx_word' id='word_1_70' title='bbox 183 1440 383 1506; x_wconf 90' lang='lat' dir='ltr'><strong>orationibus</strong></span> <span class='ocrx_word' id='word_1_71' title='bbox 413 1443 517 1525; x_wconf 86' lang='lat' dir='ltr'><strong>magis</strong></span> <span class='ocrx_word' id='word_1_72' title='bbox 548 1448 627 1510; x_wconf 85' lang='lat' dir='ltr'><strong>nota</strong></span> <span class='ocrx_word' id='word_1_73' title='bbox 655 1448 729 1528; x_wconf 88' lang='lat' dir='ltr'><strong>post</strong></span> <span class='ocrx_word' id='word_1_74' title='bbox 752 1443 896 1510; x_wconf 85' lang='lat' dir='ltr'><strong>codicem</strong></span> <span class='ocrx_word' id='word_1_75' title='bbox 919 1441 1144 1508; x_wconf 82' lang='lat' dir='ltr'><strong>Erfurtensem</strong></span> <span class='ocrx_word' id='word_1_76' title='bbox 1167 1462 1189 1507; x_wconf 90' lang='lat' dir='ltr'><strong>a</strong></span> <span class='ocrx_word' id='word_1_77' title='bbox 1211 1441 1376 1508; x_wconf 83' lang='lat' dir='ltr'><strong>Wundero</strong></span> 
     </span>
     <span class='ocr_line' id='line_1_12' title="bbox 183 1548 1377 1640; baseline 0.003 -29"><span class='ocrx_word' id='word_1_78' title='bbox 183 1548 347 1640; x_wconf 87' lang='lat' dir='ltr'><strong>collatum.</strong></span> <span class='ocrx_word' id='word_1_79' title='bbox 383 1549 419 1613; x_wconf 91' lang='lat' dir='ltr'><strong>ln</strong></span> <span class='ocrx_word' id='word_1_80' title='bbox 441 1569 507 1615; x_wconf 90' lang='lat' dir='ltr'><strong>uno</strong></span> <span class='ocrx_word' id='word_1_81' title='bbox 529 1571 658 1634; x_wconf 90' lang='lat' dir='ltr'><strong>genere,</strong></span> <span class='ocrx_word' id='word_1_82' title='bbox 682 1552 716 1616; x_wconf 93' lang='lat' dir='ltr'><strong>in</strong></span> <span class='ocrx_word' id='word_1_83' title='bbox 739 1571 803 1633; x_wconf 92' lang='lat' dir='ltr'><strong>quo</strong></span> <span class='ocrx_word' id='word_1_84' title='bbox 826 1550 878 1615; x_wconf 85' lang='lat' dir='ltr'><strong>vel</strong></span> <span class='ocrx_word' id='word_1_85' title='bbox 897 1549 1038 1632; x_wconf 92' lang='lat' dir='ltr'><strong>optimos</strong></span> <span class='ocrx_word' id='word_1_86' title='bbox 1055 1549 1182 1614; x_wconf 86' lang='lat' dir='ltr'><strong>codices</strong></span> <span class='ocrx_word' id='word_1_87' title='bbox 1200 1548 1377 1616; x_wconf 88' lang='lat' dir='ltr'><strong>admodum</strong></span> 
     </span>
     <span class='ocr_line' id='line_1_13' title="bbox 94 1653 1378 1739; baseline 0.002 -21"><span class='ocrx_word' id='word_1_88' title='bbox 94 1712 97 1718; x_wconf 92' lang='lat'>.</span> <span class='ocrx_word' id='word_1_89' title='bbox 183 1653 367 1738; x_wconf 84' lang='lat' dir='ltr'><strong>discrepare</strong></span> <span class='ocrx_word' id='word_1_90' title='bbox 402 1657 478 1736; x_wconf 92' lang='lat' dir='ltr'><strong>scio,</strong></span> <span class='ocrx_word' id='word_1_91' title='bbox 514 1676 555 1722; x_wconf 87' lang='lat' dir='ltr'><strong>er</strong></span> <span class='ocrx_word' id='word_1_92' title='bbox 585 1678 650 1724; x_wconf 92' lang='lat' dir='ltr'><strong>uno</strong></span> <span class='ocrx_word' id='word_1_93' title='bbox 680 1658 801 1723; x_wconf 78' lang='lat' dir='ltr'><strong>Erfurt</strong></span> <span class='ocrx_word' id='word_1_94' title='bbox 830 1656 1024 1739; x_wconf 88' lang='lat' dir='ltr'><strong>scripturam</strong></span> <span class='ocrx_word' id='word_1_95' title='bbox 1053 1659 1220 1739; x_wconf 74' lang='lat' dir='ltr'><strong>receptam</strong></span> <span class='ocrx_word' id='word_1_96' title='bbox 1252 1661 1378 1721; x_wconf 86' lang='lat' dir='ltr'><strong>mutare</strong></span> 
     </span>
     <span class='ocr_line' id='line_1_14' title="bbox 183 1760 1379 1848; baseline 0.002 -23"><span class='ocrx_word' id='word_1_97' title='bbox 183 1760 281 1839; x_wconf 92' lang='lat' dir='ltr'><strong>nolui,</strong></span> <span class='ocrx_word' id='word_1_98' title='bbox 306 1781 407 1843; x_wconf 92' lang='lat' dir='ltr'><strong>quum</strong></span> <span class='ocrx_word' id='word_1_99' title='bbox 432 1766 538 1841; x_wconf 85' lang='lat' dir='ltr'><strong>certae,</strong></span> <span class='ocrx_word' id='word_1_100' title='bbox 568 1785 667 1848; x_wconf 90' lang='lat' dir='ltr'><strong>quam</strong></span> <span class='ocrx_word' id='word_1_101' title='bbox 691 1783 854 1846; x_wconf 88' lang='lat' dir='ltr'><strong>sequerer,</strong></span> <span class='ocrx_word' id='word_1_102' title='bbox 885 1764 1021 1828; x_wconf 88' lang='lat' dir='ltr'><strong>rationis</strong></span> <span class='ocrx_word' id='word_1_103' title='bbox 1043 1761 1123 1827; x_wconf 87' lang='lat' dir='ltr'><strong>nihil</strong></span> <span class='ocrx_word' id='word_1_104' title='bbox 1146 1763 1317 1840; x_wconf 88' lang='lat' dir='ltr'><strong>haberem,</strong></span> <span class='ocrx_word' id='word_1_105' title='bbox 1348 1763 1379 1827; x_wconf 91' lang='lat' dir='ltr'><strong>in</strong></span> 
     </span>
     <span class='ocr_line' id='line_1_15' title="bbox 107 1869 1379 1957; baseline 0.002 -25"><span class='ocrx_word' id='word_1_106' title='bbox 107 1872 111 1883; x_wconf 89' lang='lat'>&#39;</span> <span class='ocrx_word' id='word_1_107' title='bbox 183 1869 353 1950; x_wconf 83' lang='lat' dir='ltr'><strong>particulis</strong></span> <span class='ocrx_word' id='word_1_108' title='bbox 373 1876 410 1947; x_wconf 84' lang='lat' dir='ltr'><strong>ct,</strong></span> <span class='ocrx_word' id='word_1_109' title='bbox 446 1891 493 1948; x_wconf 88' lang='lat' dir='ltr'><strong>oo,</strong></span> <span class='ocrx_word' id='word_1_110' title='bbox 529 1879 630 1957; x_wconf 81' lang='lat' dir='ltr'><strong>utque.</strong></span> <span class='ocrx_word' id='word_1_111' title='bbox 676 1871 712 1937; x_wconf 94' lang='lat' dir='ltr'><strong>In</strong></span> <span class='ocrx_word' id='word_1_112' title='bbox 736 1871 806 1936; x_wconf 89' lang='lat' dir='ltr'><strong>aliis</strong></span> <span class='ocrx_word' id='word_1_113' title='bbox 835 1870 1036 1936; x_wconf 90' lang='lat' dir='ltr'><strong>orationibus</strong></span> <span class='ocrx_word' id='word_1_114' title='bbox 1064 1869 1126 1934; x_wconf 88' lang='lat' dir='ltr'><strong>etsi</strong></span> <span class='ocrx_word' id='word_1_115' title='bbox 1148 1888 1215 1934; x_wconf 91' lang='lat' dir='ltr'><strong>non</strong></span> <span class='ocrx_word' id='word_1_116' title='bbox 1238 1873 1308 1934; x_wconf 91' lang='lat' dir='ltr'><strong>tarn</strong></span> <span class='ocrx_word' id='word_1_117' title='bbox 1331 1869 1379 1934; x_wconf 90' lang='lat' dir='ltr'><strong>in-</strong></span> 
     </span>
     <span class='ocr_line' id='line_1_16' title="bbox 184 1958 1380 2061; baseline -0.001 -20"><span class='ocrx_word' id='word_1_118' title='bbox 184 1975 282 2057; x_wconf 82' lang='lat' dir='ltr'><strong>signis</strong></span> <span class='ocrx_word' id='word_1_119' title='bbox 306 1976 429 2058; x_wconf 85' lang='lat' dir='ltr'><strong>aliquot</strong></span> <span class='ocrx_word' id='word_1_120' title='bbox 457 1977 604 2042; x_wconf 86' lang='lat' dir='ltr'><strong>codicum</strong></span> <span class='ocrx_word' id='word_1_121' title='bbox 627 1979 818 2061; x_wconf 78' lang='lat' dir='ltr'><strong>praestantia</strong></span> <span class='ocrx_word' id='word_1_122' title='bbox 850 1958 921 2041; x_wconf 82' lang='lat' dir='ltr'><strong>erat</strong></span> <span class='ocrx_word' id='word_1_123' title='bbox 952 1974 1000 2058; x_wconf 91' lang='lat' dir='ltr'><strong>(ut</strong></span> <span class='ocrx_word' id='word_1_124' title='bbox 1030 1977 1064 2040; x_wconf 90' lang='lat' dir='ltr'><strong>in</strong></span> <span class='ocrx_word' id='word_1_125' title='bbox 1095 1975 1321 2041; x_wconf 81' lang='lat' dir='ltr'><strong>Deiotariana</strong></span> <span class='ocrx_word' id='word_1_126' title='bbox 1338 1976 1380 2040; x_wconf 92' lang='lat' dir='ltr'><strong>illi</strong></span> 
     </span>
     <span class='ocr_line' id='line_1_17' title="bbox 184 2081 1380 2165; baseline 0.002 -20"><span class='ocrx_word' id='word_1_127' title='bbox 184 2082 255 2164; x_wconf 93' lang='lat' dir='ltr'><strong>ipsi,</strong></span> <span class='ocrx_word' id='word_1_128' title='bbox 292 2082 347 2164; x_wconf 92' lang='lat' dir='ltr'><strong>qui</strong></span> <span class='ocrx_word' id='word_1_129' title='bbox 375 2082 491 2165; x_wconf 79' lang='lat' dir='ltr'><strong>integri</strong></span> <span class='ocrx_word' id='word_1_130' title='bbox 522 2103 593 2148; x_wconf 91' lang='lat' dir='ltr'><strong>esse</strong></span> <span class='ocrx_word' id='word_1_131' title='bbox 624 2085 738 2162; x_wconf 85' lang='lat' dir='ltr'><strong>solent,</strong></span> <span class='ocrx_word' id='word_1_132' title='bbox 774 2084 851 2159; x_wconf 77' lang='lat' dir='ltr'><strong>Eri,</strong></span> <span class='ocrx_word' id='word_1_133' title='bbox 886 2081 1008 2159; x_wconf 77' lang='lat' dir='ltr'><strong>Golon,</strong></span> <span class='ocrx_word' id='word_1_134' title='bbox 1044 2082 1217 2159; x_wconf 84' lang='lat' dir='ltr'><strong>Pithoean,</strong></span> <span class='ocrx_word' id='word_1_135' title='bbox 1254 2081 1380 2160; x_wconf 83' lang='lat' dir='ltr'><strong>Dresd,</strong></span> 
     </span>
     <span class='ocr_line' id='line_1_18' title="bbox 185 2185 1388 2281; baseline 0.002 -29"><span class='ocrx_word' id='word_1_136' title='bbox 185 2188 355 2271; x_wconf 88' lang='lat' dir='ltr'><strong>depravati</strong></span> <span class='ocrx_word' id='word_1_137' title='bbox 378 2192 412 2253; x_wconf 87' lang='lat' dir='ltr'><strong>et</strong></span> <span class='ocrx_word' id='word_1_138' title='bbox 433 2191 619 2281; x_wconf 87' lang='lat' dir='ltr'><strong>interpolati</strong></span> <span class='ocrx_word' id='word_1_139' title='bbox 649 2191 758 2255; x_wconf 90' lang='lat' dir='ltr'><strong>multis</strong></span> <span class='ocrx_word' id='word_1_140' title='bbox 782 2190 860 2255; x_wconf 91' lang='lat' dir='ltr'><strong>locis</strong></span> <span class='ocrx_word' id='word_1_141' title='bbox 883 2185 982 2269; x_wconf 87' lang='lat' dir='ltr'><strong>sunt),</strong></span> <span class='ocrx_word' id='word_1_142' title='bbox 1018 2192 1076 2253; x_wconf 91' lang='lat' dir='ltr'><strong>aut</strong></span> <span class='ocrx_word' id='word_1_143' title='bbox 1107 2188 1196 2253; x_wconf 89' lang='lat' dir='ltr'><strong>nulla</strong></span> <span class='ocrx_word' id='word_1_144' title='bbox 1226 2188 1388 2254; x_wconf 86' lang='lat' dir='ltr'><strong>distincta·</strong></span> 
     </span>
     <span class='ocr_line' id='line_1_19' title="bbox 185 2279 1382 2378; baseline 0.002 -20"><span class='ocrx_word' id='word_1_145' title='bbox 185 2279 336 2359; x_wconf 56' lang='lat' dir='ltr'><strong>codicum⁴</strong></span> <span class='ocrx_word' id='word_1_146' title='bbox 355 2313 485 2376; x_wconf 91' lang='lat' dir='ltr'><strong>genera,</strong></span> <span class='ocrx_word' id='word_1_147' title='bbox 510 2299 545 2360; x_wconf 91' lang='lat' dir='ltr'><strong>ut</strong></span> <span class='ocrx_word' id='word_1_148' title='bbox 568 2298 602 2360; x_wconf 93' lang='lat' dir='ltr'><strong>in</strong></span> <span class='ocrx_word' id='word_1_149' title='bbox 625 2296 828 2372; x_wconf 87' lang='lat' dir='ltr'><strong>Catilinariis,</strong></span> <span class='ocrx_word' id='word_1_150' title='bbox 857 2294 1047 2377; x_wconf 77' lang='lat' dir='ltr'><strong>sejungendi</strong></span> <span class='ocrx_word' id='word_1_151' title='bbox 1068 2297 1182 2359; x_wconf 89' lang='lat' dir='ltr'><strong>tamen</strong></span> <span class='ocrx_word' id='word_1_152' title='bbox 1205 2314 1226 2359; x_wconf 90' lang='lat' dir='ltr'><strong>a</strong></span> <span class='ocrx_word' id='word_1_153' title='bbox 1248 2295 1382 2378; x_wconf 91' lang='lat' dir='ltr'><strong>reliquis</strong></span> 
     </span>
     <span class='ocr_line' id='line_1_20' title="bbox 185 2401 1424 2483; baseline 0.002 -19"><span class='ocrx_word' id='word_1_154' title='bbox 185 2405 279 2465; x_wconf 89' lang='lat' dir='ltr'><strong>erant</strong></span> <span class='ocrx_word' id='word_1_155' title='bbox 300 2420 367 2465; x_wconf 92' lang='lat' dir='ltr'><strong>non</strong></span> <span class='ocrx_word' id='word_1_156' title='bbox 389 2401 495 2468; x_wconf 90' lang='lat' dir='ltr'><strong>solum</strong></span> <span class='ocrx_word' id='word_1_157' title='bbox 518 2403 594 2481; x_wconf 90' lang='lat' dir='ltr'><strong>ficti,</strong></span> <span class='ocrx_word' id='word_1_158' title='bbox 625 2405 661 2468; x_wconf 87' lang='lat' dir='ltr'><strong>ut</strong></span> <span class='ocrx_word' id='word_1_159' title='bbox 683 2403 911 2467; x_wconf 86' lang='lat' dir='ltr'><strong>Iannoctianus</strong></span> <span class='ocrx_word' id='word_1_160' title='bbox 934 2403 967 2465; x_wconf 90' lang='lat' dir='ltr'><strong>et</strong></span> <span class='ocrx_word' id='word_1_161' title='bbox 989 2401 1182 2483; x_wconf 84' lang='lat' dir='ltr'><strong>plerumque</strong></span> <span class='ocrx_word' id='word_1_162' title='bbox 1205 2401 1382 2480; x_wconf 88' lang='lat' dir='ltr'><strong>Ursiniani,</strong></span> <span class='ocrx_word' id='word_1_163' title='bbox 1422 2447 1424 2456; x_wconf 43' lang='grc' dir='ltr'><strong><em>ι</em></strong></span> 
     </span>
     <span class='ocr_line' id='line_1_21' title="bbox 185 2505 1383 2590; baseline 0.003 -20"><span class='ocrx_word' id='word_1_164' title='bbox 185 2506 244 2571; x_wconf 91' lang='lat' dir='ltr'><strong>sed</strong></span> <span class='ocrx_word' id='word_1_165' title='bbox 274 2507 305 2583; x_wconf 93' lang='lat' dir='ltr'><strong>ii,</strong></span> <span class='ocrx_word' id='word_1_166' title='bbox 341 2508 396 2588; x_wconf 92' lang='lat' dir='ltr'><strong>qui</strong></span> <span class='ocrx_word' id='word_1_167' title='bbox 430 2509 575 2575; x_wconf 91' lang='lat' dir='ltr'><strong>omnium</strong></span> <span class='ocrx_word' id='word_1_168' title='bbox 603 2509 816 2575; x_wconf 90' lang='lat' dir='ltr'><strong>recentissimi</strong></span> <span class='ocrx_word' id='word_1_169' title='bbox 845 2505 1037 2573; x_wconf 89' lang='lat' dir='ltr'><strong>coniecturis</strong></span> <span class='ocrx_word' id='word_1_170' title='bbox 1061 2507 1231 2573; x_wconf 87' lang='lat' dir='ltr'><strong>levissimis</strong></span> <span class='ocrx_word' id='word_1_171' title='bbox 1260 2509 1383 2590; x_wconf 78' lang='lat' dir='ltr'><strong>menda</strong></span> 
     </span>
     <span class='ocr_line' id='line_1_22' title="bbox 185 2613 1383 2699; baseline 0.001 -20"><span class='ocrx_word' id='word_1_172' title='bbox 185 2614 359 2693; x_wconf 87' lang='lat' dir='ltr'><strong>occultant,</strong></span> <span class='ocrx_word' id='word_1_173' title='bbox 387 2619 423 2679; x_wconf 92' lang='lat' dir='ltr'><strong>ut</strong></span> <span class='ocrx_word' id='word_1_174' title='bbox 451 2617 484 2680; x_wconf 90' lang='lat' dir='ltr'><strong>in</strong></span> <span class='ocrx_word' id='word_1_175' title='bbox 507 2615 670 2699; x_wconf 89' lang='lat' dir='ltr'><strong>plerisque</strong></span> <span class='ocrx_word' id='word_1_176' title='bbox 693 2614 873 2691; x_wconf 84' lang='lat' dir='ltr'><strong>Franciani,</strong></span> <span class='ocrx_word' id='word_1_177' title='bbox 897 2613 1076 2692; x_wconf 80' lang='lat' dir='ltr'><strong>Barbarini,</strong></span> <span class='ocrx_word' id='word_1_178' title='bbox 1106 2613 1171 2679; x_wconf 89' lang='lat' dir='ltr'><strong>alii.</strong></span> <span class='ocrx_word' id='word_1_179' title='bbox 1217 2614 1284 2683; x_wconf 79' lang='lat' dir='ltr'><strong>Sed</strong></span> <span class='ocrx_word' id='word_1_180' title='bbox 1307 2635 1383 2680; x_wconf 92' lang='lat' dir='ltr'><strong>curn</strong></span> 
     </span>
     <span class='ocr_line' id='line_1_23' title="bbox 185 2720 1384 2805; baseline 0.001 -19"><span class='ocrx_word' id='word_1_181' title='bbox 185 2721 247 2786; x_wconf 89' lang='lat' dir='ltr'><strong>hac</strong></span> <span class='ocrx_word' id='word_1_182' title='bbox 270 2724 340 2787; x_wconf 89' lang='lat' dir='ltr'><strong>tota</strong></span> <span class='ocrx_word' id='word_1_183' title='bbox 363 2723 563 2787; x_wconf 88' lang='lat' dir='ltr'><strong>auctoritatis</strong></span> <span class='ocrx_word' id='word_1_184' title='bbox 587 2724 834 2805; x_wconf 78' lang='lat' dir='ltr'><strong>investigatione</strong></span> <span class='ocrx_word' id='word_1_185' title='bbox 862 2720 996 2785; x_wconf 88' lang='lat' dir='ltr'><strong>rationis</strong></span> <span class='ocrx_word' id='word_1_186' title='bbox 1025 2720 1275 2802; x_wconf 85' lang='lat' dir='ltr'><strong>exquisitionem</strong></span> <span class='ocrx_word' id='word_1_187' title='bbox 1304 2740 1384 2787; x_wconf 92' lang='lat' dir='ltr'><strong>con·</strong></span> 
     </span>
     <span class='ocr_line' id='line_1_24' title="bbox 33 2827 1384 2910; baseline 0 -17"><span class='ocrx_word' id='word_1_188' title='bbox 33 2887 35 2893; x_wconf 74' lang='grc'>,</span> <span class='ocrx_word' id='word_1_189' title='bbox 133 2853 171 2892; x_wconf 86' lang='lat' dir='ltr'><strong>nr</strong></span> <span class='ocrx_word' id='word_1_190' title='bbox 185 2829 284 2906; x_wconf 83' lang='lat' dir='ltr'><strong>iunxi,</strong></span> <span class='ocrx_word' id='word_1_191' title='bbox 309 2848 410 2910; x_wconf 93' lang='lat' dir='ltr'><strong>quum</strong></span> <span class='ocrx_word' id='word_1_192' title='bbox 426 2832 459 2893; x_wconf 90' lang='lat' dir='ltr'><strong>et</strong></span> <span class='ocrx_word' id='word_1_193' title='bbox 476 2828 682 2893; x_wconf 87' lang='lat' dir='ltr'><strong>librariorum</strong></span> <span class='ocrx_word' id='word_1_194' title='bbox 707 2829 836 2893; x_wconf 88' lang='lat' dir='ltr'><strong>errandi</strong></span> <span class='ocrx_word' id='word_1_195' title='bbox 860 2827 975 2892; x_wconf 92' lang='lat' dir='ltr'><strong>modos</strong></span> <span class='ocrx_word' id='word_1_196' title='bbox 998 2830 1031 2890; x_wconf 88' lang='lat' dir='ltr'><strong>et</strong></span> <span class='ocrx_word' id='word_1_197' title='bbox 1053 2845 1174 2909; x_wconf 88' lang='lat' dir='ltr'><strong>genera</strong></span> <span class='ocrx_word' id='word_1_198' title='bbox 1194 2828 1384 2893; x_wconf 89' lang='lat' dir='ltr'><strong>considera-</strong></span> 
     </span>
     <span class='ocr_line' id='line_1_25' title="bbox 185 2920 1384 3017; baseline 0.002 -18"><span class='ocrx_word' id='word_1_199' title='bbox 185 2954 269 3013; x_wconf 85' lang='lat' dir='ltr'><strong>rem,</strong></span> <span class='ocrx_word' id='word_1_200' title='bbox 305 2943 338 3000; x_wconf 89' lang='lat' dir='ltr'><strong>et</strong></span> <span class='ocrx_word' id='word_1_201' title='bbox 372 2920 568 3000; x_wconf 89' lang='lat' dir='ltr'><strong>coniunctim</strong></span> <span class='ocrx_word' id='word_1_202' title='bbox 603 2942 635 2999; x_wconf 91' lang='lat' dir='ltr'><strong>et</strong></span> <span class='ocrx_word' id='word_1_203' title='bbox 669 2935 852 3017; x_wconf 75' lang='lat' dir='ltr'><strong>aequaliter,</strong></span> <span class='ocrx_word' id='word_1_204' title='bbox 888 2933 965 3015; x_wconf 89' lang='lat' dir='ltr'><strong>quid</strong></span> <span class='ocrx_word' id='word_1_205' title='bbox 1001 2952 1067 3011; x_wconf 91' lang='lat' dir='ltr'><strong>res,</strong></span> <span class='ocrx_word' id='word_1_206' title='bbox 1103 2933 1181 3016; x_wconf 92' lang='lat' dir='ltr'><strong>quid</strong></span> <span class='ocrx_word' id='word_1_207' title='bbox 1215 2935 1384 3017; x_wconf 89' lang='lat' dir='ltr'><strong>scriptoris</strong></span> 
     </span>
     <span class='ocr_line' id='line_1_26' title="bbox 186 3039 1383 3124; baseline 0 -18"><span class='ocrx_word' id='word_1_208' title='bbox 186 3040 366 3120; x_wconf 90' lang='lat' dir='ltr'><strong>consilium,</strong></span> <span class='ocrx_word' id='word_1_209' title='bbox 390 3041 468 3124; x_wconf 93' lang='lat' dir='ltr'><strong>quid</strong></span> <span class='ocrx_word' id='word_1_210' title='bbox 491 3042 646 3106; x_wconf 88' lang='lat' dir='ltr'><strong>orationis</strong></span> <span class='ocrx_word' id='word_1_211' title='bbox 669 3061 747 3107; x_wconf 92' lang='lat' dir='ltr'><strong>usus</strong></span> <span class='ocrx_word' id='word_1_212' title='bbox 771 3046 804 3105; x_wconf 87' lang='lat' dir='ltr'><strong>et</strong></span> <span class='ocrx_word' id='word_1_213' title='bbox 827 3041 1008 3105; x_wconf 89' lang='lat' dir='ltr'><strong>communis</strong></span> <span class='ocrx_word' id='word_1_214' title='bbox 1032 3044 1065 3104; x_wconf 92' lang='lat' dir='ltr'><strong>et</strong></span> <span class='ocrx_word' id='word_1_215' title='bbox 1088 3040 1131 3104; x_wconf 89' lang='lat' dir='ltr'><strong>ad</strong></span> <span class='ocrx_word' id='word_1_216' title='bbox 1148 3039 1275 3105; x_wconf 86' lang='lat' dir='ltr'><strong>artificii</strong></span> <span class='ocrx_word' id='word_1_217' title='bbox 1293 3040 1383 3123; x_wconf 88' lang='lat' dir='ltr'><strong>leges</strong></span> 
     </span>
     <span class='ocr_line' id='line_1_27' title="bbox 186 3147 1385 3231; baseline -0.001 -17"><span class='ocrx_word' id='word_1_218' title='bbox 186 3149 452 3225; x_wconf 87' lang='lat' dir='ltr'><strong>accommodatus</strong></span> <span class='ocrx_word' id='word_1_219' title='bbox 475 3148 664 3231; x_wconf 84' lang='lat' dir='ltr'><strong>postularet,</strong></span> <span class='ocrx_word' id='word_1_220' title='bbox 688 3150 735 3213; x_wconf 86' lang='lat' dir='ltr'><strong>itu</strong></span> <span class='ocrx_word' id='word_1_221' title='bbox 757 3152 794 3212; x_wconf 89' lang='lat' dir='ltr'><strong>ut</strong></span> <span class='ocrx_word' id='word_1_222' title='bbox 816 3148 1048 3224; x_wconf 90' lang='lat' dir='ltr'><strong>meminissem,</strong></span> <span class='ocrx_word' id='word_1_223' title='bbox 1080 3166 1147 3210; x_wconf 93' lang='lat' dir='ltr'><strong>non</strong></span> <span class='ocrx_word' id='word_1_224' title='bbox 1169 3147 1268 3213; x_wconf 91' lang='lat' dir='ltr'><strong>modo</strong></span> <span class='ocrx_word' id='word_1_225' title='bbox 1292 3156 1385 3213; x_wconf 88' lang='lat' dir='ltr'><strong>recta</strong></span> 
     </span>
     <span class='ocr_line' id='line_1_28' title="bbox 186 3241 1384 3337; baseline 0 -18"><span class='ocrx_word' id='word_1_226' title='bbox 186 3259 220 3319; x_wconf 91' lang='lat' dir='ltr'><strong>et</strong></span> <span class='ocrx_word' id='word_1_227' title='bbox 243 3255 412 3337; x_wconf 86' lang='lat' dir='ltr'><strong>elegantia,</strong></span> <span class='ocrx_word' id='word_1_228' title='bbox 441 3256 500 3320; x_wconf 93' lang='lat' dir='ltr'><strong>sed</strong></span> <span class='ocrx_word' id='word_1_229' title='bbox 527 3275 605 3319; x_wconf 87' lang='lat' dir='ltr'><strong>vera</strong></span> <span class='ocrx_word' id='word_1_230' title='bbox 629 3241 662 3320; x_wconf 83' lang='lat' dir='ltr'><strong>et</strong></span> <span class='ocrx_word' id='word_1_231' title='bbox 684 3255 780 3320; x_wconf 88' lang='lat' dir='ltr'><strong>certis</strong></span> <span class='ocrx_word' id='word_1_232' title='bbox 803 3256 888 3319; x_wconf 89' lang='lat' dir='ltr'><strong>notis</strong></span> <span class='ocrx_word' id='word_1_233' title='bbox 911 3253 1070 3334; x_wconf 89' lang='lat' dir='ltr'><strong>impressa</strong></span> <span class='ocrx_word' id='word_1_234' title='bbox 1098 3255 1275 3335; x_wconf 86' lang='lat' dir='ltr'><strong>quaerenda</strong></span> <span class='ocrx_word' id='word_1_235' title='bbox 1300 3274 1384 3319; x_wconf 88' lang='lat' dir='ltr'><strong>esse.</strong></span> 
     </span>
     <span class='ocr_line' id='line_1_29' title="bbox 187 3359 1385 3445; baseline -0.001 -18"><span class='ocrx_word' id='word_1_236' title='bbox 187 3361 252 3427; x_wconf 88' lang='lat' dir='ltr'><strong>Sed</strong></span> <span class='ocrx_word' id='word_1_237' title='bbox 275 3381 348 3444; x_wconf 87' lang='lat' dir='ltr'><strong>quae</strong></span> <span class='ocrx_word' id='word_1_238' title='bbox 371 3363 436 3427; x_wconf 90' lang='lat' dir='ltr'><strong>sint</strong></span> <span class='ocrx_word' id='word_1_239' title='bbox 458 3365 492 3426; x_wconf 88' lang='lat' dir='ltr'><strong>et</strong></span> <span class='ocrx_word' id='word_1_240' title='bbox 514 3382 578 3445; x_wconf 90' lang='lat' dir='ltr'><strong>quo</strong></span> <span class='ocrx_word' id='word_1_241' title='bbox 601 3361 699 3427; x_wconf 91' lang='lat' dir='ltr'><strong>modo</strong></span> <span class='ocrx_word' id='word_1_242' title='bbox 722 3359 909 3426; x_wconf 86' lang='lat' dir='ltr'><strong>adhibenda</strong></span> <span class='ocrx_word' id='word_1_243' title='bbox 932 3360 965 3423; x_wconf 92' lang='lat' dir='ltr'><strong>in</strong></span> <span class='ocrx_word' id='word_1_244' title='bbox 981 3361 1043 3424; x_wconf 94' lang='lat' dir='ltr'><strong>hoc</strong></span> <span class='ocrx_word' id='word_1_245' title='bbox 1058 3361 1247 3442; x_wconf 81' lang='lat' dir='ltr'><strong>quaestionis</strong></span> <span class='ocrx_word' id='word_1_246' title='bbox 1263 3381 1385 3444; x_wconf 90' lang='lat' dir='ltr'><strong>genere</strong></span> 
     </span>
    </p>
   </div>
   <div class='ocr_carea' id='block_1_3' title="bbox 258 3659 1386 4606">
    <p class='ocr_par' dir='ltr' id='par_1_3' title="bbox 258 3659 1386 4606">
     <span class='ocr_line' id='line_1_30' title="bbox 258 3659 1385 3731; baseline -0.001 -15"><span class='ocrx_word' id='word_1_247' title='bbox 258 3662 434 3731; x_wconf 84' lang='lat' dir='ltr'><strong>infinitosque</strong></span> <span class='ocrx_word' id='word_1_248' title='bbox 451 3661 628 3717; x_wconf 85' lang='lat' dir='ltr'><strong>Wemsdorlii</strong></span> <span class='ocrx_word' id='word_1_249' title='bbox 651 3678 756 3717; x_wconf 83' lang='lat' dir='ltr'><strong>errores</strong></span> <span class='ocrx_word' id='word_1_250' title='bbox 779 3660 898 3725; x_wconf 87' lang='lat' dir='ltr'><strong>sustulit,</strong></span> <span class='ocrx_word' id='word_1_251' title='bbox 926 3659 1063 3714; x_wconf 86' lang='lat' dir='ltr'><strong>contraria</strong></span> <span class='ocrx_word' id='word_1_252' title='bbox 1085 3661 1118 3714; x_wconf 86' lang='lat' dir='ltr'><strong>de</strong></span> <span class='ocrx_word' id='word_1_253' title='bbox 1143 3677 1175 3715; x_wconf 86' lang='lat' dir='ltr'><strong>eo</strong></span> <span class='ocrx_word' id='word_1_254' title='bbox 1198 3660 1315 3731; x_wconf 82' lang='lat' dir='ltr'><strong>scripsit</strong></span> <span class='ocrx_word' id='word_1_255' title='bbox 1351 3662 1385 3715; x_wconf 91' lang='lat' dir='ltr'><strong>ln</strong></span> 
     </span>
     <span class='ocr_line' id='line_1_31' title="bbox 259 3748 1386 3820; baseline -0.004 -14"><span class='ocrx_word' id='word_1_256' title='bbox 259 3752 301 3806; x_wconf 87' lang='lat' dir='ltr'><strong>his</strong></span> <span class='ocrx_word' id='word_1_257' title='bbox 320 3751 448 3805; x_wconf 88' lang='lat' dir='ltr'><strong>omnibus</strong></span> <span class='ocrx_word' id='word_1_258' title='bbox 467 3751 533 3806; x_wconf 88' lang='lat' dir='ltr'><strong>locis</strong></span> <span class='ocrx_word' id='word_1_259' title='bbox 556 3757 651 3820; x_wconf 88' lang='lat' dir='ltr'><strong>aperta</strong></span> <span class='ocrx_word' id='word_1_260' title='bbox 677 3749 833 3804; x_wconf 88' lang='lat' dir='ltr'><strong>testimonia</strong></span> <span class='ocrx_word' id='word_1_261' title='bbox 851 3748 956 3808; x_wconf 83' lang='lat' dir='ltr'><strong>Faerni,</strong></span> <span class='ocrx_word' id='word_1_262' title='bbox 980 3748 1085 3812; x_wconf 82' lang='lat' dir='ltr'><strong>Mureti,</strong></span> <span class='ocrx_word' id='word_1_263' title='bbox 1110 3748 1249 3803; x_wconf 87' lang='lat' dir='ltr'><strong>Garatonii</strong></span> <span class='ocrx_word' id='word_1_264' title='bbox 1272 3753 1386 3803; x_wconf 86' lang='lat' dir='ltr'><strong>secutus</strong></span> 
     </span>
     <span class='ocr_line' id='line_1_32' title="bbox 259 3837 1386 3910; baseline -0.002 -16"><span class='ocrx_word' id='word_1_265' title='bbox 259 3857 329 3894; x_wconf 86' lang='lat' dir='ltr'><strong>sum.</strong></span> <span class='ocrx_word' id='word_1_266' title='bbox 365 3840 447 3894; x_wconf 83' lang='lat' dir='ltr'><strong>Velut</strong></span> <span class='ocrx_word' id='word_1_267' title='bbox 464 3841 484 3904; x_wconf 87' lang='lat'><strong>1,</strong></span> <span class='ocrx_word' id='word_1_268' title='bbox 505 3839 546 3907; x_wconf 79' lang='lat'><strong>12,</strong></span> <span class='ocrx_word' id='word_1_269' title='bbox 569 3840 603 3894; x_wconf 77' lang='lat'><strong>29</strong></span> <span class='ocrx_word' id='word_1_270' title='bbox 628 3839 701 3910; x_wconf 93' lang='lat' dir='ltr'><strong>quod</strong></span> <span class='ocrx_word' id='word_1_271' title='bbox 720 3839 837 3894; x_wconf 84' lang='lat' dir='ltr'><strong>Orellius</strong></span> <span class='ocrx_word' id='word_1_272' title='bbox 855 3844 988 3907; x_wconf 87' lang='lat' dir='ltr'><strong>tanquam</strong></span> <span class='ocrx_word' id='word_1_273' title='bbox 1006 3855 1021 3891; x_wconf 90' lang='lat' dir='ltr'><strong>e</strong></span> <span class='ocrx_word' id='word_1_274' title='bbox 1041 3837 1171 3892; x_wconf 88' lang='lat' dir='ltr'><strong>Vaticano</strong></span> <span class='ocrx_word' id='word_1_275' title='bbox 1189 3837 1282 3901; x_wconf 88' lang='lat' dir='ltr'><strong>edidit,</strong></span> <span class='ocrx_word' id='word_1_276' title='bbox 1304 3839 1386 3905; x_wconf 72' lang='lat' dir='ltr'><strong>fumo</strong></span> 
     </span>
     <span class='ocr_line' id='line_1_33' title="bbox 258 3925 1385 3998; baseline -0.005 -13"><span class='ocrx_word' id='word_1_277' title='bbox 258 3934 424 3996; x_wconf 58' lang='lat' dir='ltr'><strong>meritorum</strong></span> <span class='ocrx_word' id='word_1_278' title='bbox 442 3929 563 3984; x_wconf 77' lang='lat' dir='ltr'><strong>Faernus</strong></span> <span class='ocrx_word' id='word_1_279' title='bbox 582 3930 610 3983; x_wconf 90' lang='lat' dir='ltr'><strong>in</strong></span> <span class='ocrx_word' id='word_1_280' title='bbox 629 3945 679 3983; x_wconf 91' lang='lat' dir='ltr'><strong>suo</strong></span> <span class='ocrx_word' id='word_1_281' title='bbox 698 3929 817 3998; x_wconf 87' lang='lat' dir='ltr'><strong>quodam</strong></span> <span class='ocrx_word' id='word_1_282' title='bbox 836 3927 928 3981; x_wconf 88' lang='lat' dir='ltr'><strong>codice</strong></span> <span class='ocrx_word' id='word_1_283' title='bbox 946 3927 1074 3996; x_wconf 87' lang='lat' dir='ltr'><strong>repperit,</strong></span> <span class='ocrx_word' id='word_1_284' title='bbox 1098 3927 1125 3980; x_wconf 90' lang='lat' dir='ltr'><strong>in</strong></span> <span class='ocrx_word' id='word_1_285' title='bbox 1144 3926 1285 3991; x_wconf 88' lang='lat' dir='ltr'><strong>Vaticano,</strong></span> <span class='ocrx_word' id='word_1_286' title='bbox 1304 3930 1337 3980; x_wconf 88' lang='lat' dir='ltr'><strong>ut</strong></span> <span class='ocrx_word' id='word_1_287' title='bbox 1354 3925 1385 3979; x_wconf 91' lang='lat' dir='ltr'><strong>in</strong></span> 
     </span>
     <span class='ocr_line' id='line_1_34' title="bbox 259 4014 1385 4087; baseline -0.005 -14"><span class='ocrx_word' id='word_1_288' title='bbox 259 4019 363 4085; x_wconf 86' lang='lat' dir='ltr'><strong>ceteris,</strong></span> <span class='ocrx_word' id='word_1_289' title='bbox 389 4022 468 4087; x_wconf 70' lang='lat' dir='ltr'><strong>samo</strong></span> <span class='ocrx_word' id='word_1_290' title='bbox 489 4018 585 4072; x_wconf 86' lang='lat' dir='ltr'><strong>abesse</strong></span> <span class='ocrx_word' id='word_1_291' title='bbox 609 4018 666 4087; x_wconf 87' lang='lat' dir='ltr'><strong>ipse</strong></span> <span class='ocrx_word' id='word_1_292' title='bbox 690 4022 807 4072; x_wconf 86' lang='lat' dir='ltr'><strong>testatus</strong></span> <span class='ocrx_word' id='word_1_293' title='bbox 830 4022 879 4070; x_wconf 87' lang='lat' dir='ltr'><strong>ast.</strong></span> <span class='ocrx_word' id='word_1_294' title='bbox 920 4016 952 4069; x_wconf 91' lang='lat' dir='ltr'><strong>ln</strong></span> <span class='ocrx_word' id='word_1_295' title='bbox 976 4015 1133 4085; x_wconf 74' lang='lat' dir='ltr'><strong>Philippicae</strong></span> <span class='ocrx_word' id='word_1_296' title='bbox 1151 4015 1278 4069; x_wconf 76' lang='lat' dir='ltr'><strong>secundus</strong></span> <span class='ocrx_word' id='word_1_297' title='bbox 1296 4031 1320 4068; x_wconf 89' lang='lat' dir='ltr'><strong>c.</strong></span> <span class='ocrx_word' id='word_1_298' title='bbox 1342 4014 1385 4082; x_wconf 90' lang='lat'><strong>18,</strong></span> 
     </span>
     <span class='ocr_line' id='line_1_35' title="bbox 259 4104 1385 4174; baseline -0.002 -14"><span class='ocrx_word' id='word_1_299' title='bbox 259 4107 294 4160; x_wconf 78' lang='lat'><strong>45</strong></span> <span class='ocrx_word' id='word_1_300' title='bbox 313 4109 376 4162; x_wconf 87' lang='lat' dir='ltr'><strong>inde</strong></span> <span class='ocrx_word' id='word_1_301' title='bbox 395 4124 412 4161; x_wconf 91' lang='lat' dir='ltr'><strong>a</strong></span> <span class='ocrx_word' id='word_1_302' title='bbox 430 4107 545 4162; x_wconf 88' lang='lat' dir='ltr'><strong>Grutero</strong></span> <span class='ocrx_word' id='word_1_303' title='bbox 564 4107 665 4161; x_wconf 86' lang='lat' dir='ltr'><strong>editur:</strong></span> <span class='ocrx_word' id='word_1_304' title='bbox 690 4113 795 4160; x_wconf 69' lang='lat' dir='ltr'><strong>mnium</strong></span> <span class='ocrx_word' id='word_1_305' title='bbox 813 4108 884 4159; x_wconf 83' lang='lat' dir='ltr'><strong>enim</strong></span> <span class='ocrx_word' id='word_1_306' title='bbox 902 4122 930 4159; x_wconf 88' lang='lat' dir='ltr'><strong>se</strong></span> <span class='ocrx_word' id='word_1_307' title='bbox 942 4123 998 4174; x_wconf 80' lang='lat' dir='ltr'><strong>pro</strong></span> <span class='ocrx_word' id='word_1_308' title='bbox 1016 4113 1041 4159; x_wconf 82' lang='lat' dir='ltr'><strong>te</strong></span> <span class='ocrx_word' id='word_1_309' title='bbox 1058 4108 1247 4172; x_wconf 77' lang='lat' dir='ltr'><strong>intercessisse,</strong></span> <span class='ocrx_word' id='word_1_310' title='bbox 1272 4104 1385 4168; x_wconf 89' lang='lat' dir='ltr'><strong>omisso,</strong></span> 
     </span>
     <span class='ocr_line' id='line_1_36' title="bbox 260 4193 1384 4265; baseline -0.004 -15"><span class='ocrx_word' id='word_1_311' title='bbox 260 4198 332 4265; x_wconf 92' lang='lat' dir='ltr'><strong>quod</strong></span> <span class='ocrx_word' id='word_1_312' title='bbox 345 4196 505 4261; x_wconf 85' lang='lat' dir='ltr'><strong>addebatur,</strong></span> <span class='ocrx_word' id='word_1_313' title='bbox 523 4196 633 4259; x_wconf 59' lang='lat' dir='ltr'><strong>daebal,</strong></span> <span class='ocrx_word' id='word_1_314' title='bbox 644 4195 817 4258; x_wconf 83' lang='lat' dir='ltr'><strong>auctoritate,</strong></span> <span class='ocrx_word' id='word_1_315' title='bbox 834 4199 864 4248; x_wconf 93' lang='lat' dir='ltr'><strong>ut</strong></span> <span class='ocrx_word' id='word_1_316' title='bbox 877 4194 1003 4258; x_wconf 88' lang='lat' dir='ltr'><strong>creditur,</strong></span> <span class='ocrx_word' id='word_1_317' title='bbox 1023 4195 1106 4249; x_wconf 87' lang='lat' dir='ltr'><strong>trium</strong></span> <span class='ocrx_word' id='word_1_318' title='bbox 1120 4194 1244 4248; x_wconf 91' lang='lat' dir='ltr'><strong>codicum</strong></span> <span class='ocrx_word' id='word_1_319' title='bbox 1257 4193 1384 4247; x_wconf 82' lang='lat' dir='ltr'><strong>Ferrarii</strong></span> 
     </span>
     <span class='ocr_line' id='line_1_37' title="bbox 260 4282 1385 4353; baseline -0.003 -15"><span class='ocrx_word' id='word_1_320' title='bbox 260 4285 312 4339; x_wconf 89' lang='lat' dir='ltr'><strong>Sed</strong></span> <span class='ocrx_word' id='word_1_321' title='bbox 332 4284 479 4349; x_wconf 83' lang='lat' dir='ltr'><strong>Ferrarius,</strong></span> <span class='ocrx_word' id='word_1_322' title='bbox 498 4300 585 4353; x_wconf 87' lang='lat' dir='ltr'><strong>quum</strong></span> <span class='ocrx_word' id='word_1_323' title='bbox 604 4282 708 4338; x_wconf 89' lang='lat' dir='ltr'><strong>editum</strong></span> <span class='ocrx_word' id='word_1_324' title='bbox 727 4289 799 4338; x_wconf 85' lang='lat' dir='ltr'><strong>esset</strong></span> <span class='ocrx_word' id='word_1_325' title='bbox 817 4287 887 4337; x_wconf 83' lang='lat' dir='ltr'><strong>enim</strong></span> <span class='ocrx_word' id='word_1_326' title='bbox 900 4300 956 4351; x_wconf 83' lang='lat' dir='ltr'><strong>pro</strong></span> <span class='ocrx_word' id='word_1_327' title='bbox 974 4291 998 4335; x_wconf 83' lang='lat' dir='ltr'><strong>te</strong></span> <span class='ocrx_word' id='word_1_328' title='bbox 1016 4286 1203 4351; x_wconf 63' lang='lat' dir='ltr'><strong>intercessisse</strong></span> <span class='ocrx_word' id='word_1_329' title='bbox 1223 4282 1251 4335; x_wconf 89' lang='lat' dir='ltr'><strong>in</strong></span> <span class='ocrx_word' id='word_1_330' title='bbox 1264 4282 1318 4336; x_wconf 90' lang='lat' dir='ltr'><strong>illis</strong></span> <span class='ocrx_word' id='word_1_331' title='bbox 1331 4283 1385 4350; x_wconf 85' lang='lat' dir='ltr'><strong>legi</strong></span> 
     </span>
     <span class='ocr_line' id='line_1_38' title="bbox 260 4371 1384 4443; baseline 0.004 -18"><span class='ocrx_word' id='word_1_332' title='bbox 260 4377 331 4426; x_wconf 83' lang='lat' dir='ltr'><strong>enim</strong></span> <span class='ocrx_word' id='word_1_333' title='bbox 348 4391 376 4427; x_wconf 84' lang='lat' dir='ltr'><strong>se</strong></span> <span class='ocrx_word' id='word_1_334' title='bbox 389 4391 444 4443; x_wconf 81' lang='lat' dir='ltr'><strong>pro</strong></span> <span class='ocrx_word' id='word_1_335' title='bbox 462 4382 492 4427; x_wconf 77' lang='lat' dir='ltr'><strong>ie</strong></span> <span class='ocrx_word' id='word_1_336' title='bbox 514 4376 694 4427; x_wconf 79' lang='lat' dir='ltr'><strong>intercessisse</strong></span> <span class='ocrx_word' id='word_1_337' title='bbox 716 4372 784 4426; x_wconf 85' lang='lat' dir='ltr'><strong>dixit</strong></span> <span class='ocrx_word' id='word_1_338' title='bbox 806 4371 1032 4441; x_wconf 82' lang='lat' dir='ltr'><strong>confirmavitque</strong></span> <span class='ocrx_word' id='word_1_339' title='bbox 1054 4372 1220 4426; x_wconf 89' lang='lat' dir='ltr'><strong>locutionem</strong></span> <span class='ocrx_word' id='word_1_340' title='bbox 1244 4371 1384 4440; x_wconf 81' lang='lat' dir='ltr'><strong>exemplo;</strong></span> 
     </span>
     <span class='ocr_line' id='line_1_39' title="bbox 261 4460 1383 4530; baseline 0 -17"><span class='ocrx_word' id='word_1_341' title='bbox 261 4461 295 4514; x_wconf 92' lang='lat' dir='ltr'><strong>de</strong></span> <span class='ocrx_word' id='word_1_342' title='bbox 314 4461 398 4516; x_wconf 86' lang='lat' dir='ltr'><strong>verbo</strong></span> <span class='ocrx_word' id='word_1_343' title='bbox 420 4464 522 4516; x_wconf 65' lang='lat' dir='ltr'><strong>deum</strong></span> <span class='ocrx_word' id='word_1_344' title='bbox 546 4461 613 4515; x_wconf 91' lang='lat' dir='ltr'><strong>nihil</strong></span> <span class='ocrx_word' id='word_1_345' title='bbox 638 4461 750 4514; x_wconf 88' lang='lat' dir='ltr'><strong>omnino</strong></span> <span class='ocrx_word' id='word_1_346' title='bbox 773 4460 923 4515; x_wconf 86' lang='lat' dir='ltr'><strong>annotarit.</strong></span> <span class='ocrx_word' id='word_1_347' title='bbox 959 4461 1064 4530; x_wconf 87' lang='lat' dir='ltr'><strong>ltaque,</strong></span> <span class='ocrx_word' id='word_1_348' title='bbox 1092 4461 1143 4514; x_wconf 88' lang='lat' dir='ltr'><strong>etsi</strong></span> <span class='ocrx_word' id='word_1_349' title='bbox 1165 4466 1256 4530; x_wconf 86' lang='lat' dir='ltr'><strong>potest</strong></span> <span class='ocrx_word' id='word_1_350' title='bbox 1279 4461 1383 4525; x_wconf 86' lang='lat' dir='ltr'><strong>abesse,</strong></span> 
     </span>
     <span class='ocr_line' id='line_1_40' title="bbox 261 4549 1084 4606; baseline 0 -3"><span class='ocrx_word' id='word_1_351' title='bbox 261 4550 337 4604; x_wconf 89' lang='lat' dir='ltr'><strong>nulla</strong></span> <span class='ocrx_word' id='word_1_352' title='bbox 355 4555 448 4605; x_wconf 88' lang='lat' dir='ltr'><strong>tamen</strong></span> <span class='ocrx_word' id='word_1_353' title='bbox 466 4567 517 4606; x_wconf 85' lang='lat' dir='ltr'><strong>neo</strong></span> <span class='ocrx_word' id='word_1_354' title='bbox 535 4550 697 4606; x_wconf 84' lang='lat' dir='ltr'><strong>auctoritate</strong></span> <span class='ocrx_word' id='word_1_355' title='bbox 715 4565 765 4604; x_wconf 88' lang='lat' dir='ltr'><strong>nec</strong></span> <span class='ocrx_word' id='word_1_356' title='bbox 783 4566 866 4604; x_wconf 86' lang='lat' dir='ltr'><strong>causa</strong></span> <span class='ocrx_word' id='word_1_357' title='bbox 884 4549 1016 4605; x_wconf 87' lang='lat' dir='ltr'><strong>omissum</strong></span> <span class='ocrx_word' id='word_1_358' title='bbox 1035 4553 1084 4603; x_wconf 80' lang='lat' dir='ltr'><strong>est</strong></span> 
     </span>
    </p>
   </div>
   <div class='ocr_carea' id='block_1_4' title="bbox 0 0 1501 5190">
    <p class='ocr_par' dir='ltr' id='par_1_4' title="bbox 0 0 1501 5190">
     <span class='ocr_line' id='line_1_41' title="bbox 0 0 1501 5190; baseline 0 0"><span class='ocrx_word' id='word_1_359' title='bbox 0 0 1501 5190; x_wconf 95' lang='lat' dir='ltr'><strong> </strong></span> 
     </span>
    </p>
   </div>
  </div>
 </body>
</html>
