2948 5206
642 292 706 356 593

58 510 133 554 non
157 492 201 554 sit
222 488 412 553 eredendum
439 486 515 569 tace)
547 486 634 568 quod
667 487 848 552 Gronovius
880 507 920 552 ex
949 490 1183 555 consuetudine
1206 512 1273 557 ser·

62 597 180 661 monis
205 594 412 660 scribendum
437 614 509 659 esse
533 593 751 658 intellexerat:
786 615 882 680 quam
915 630 957 640 —
987 617 1060 675 noir,
1091 595 1230 663 Orellius
1253 616 1326 664 ears

66 703 185 768 codice
209 701 376 781 Perottino
400 700 510 766 edidit.
556 700 670 781 Itaque
698 700 802 764 donec
830 701 965 766 meliora
994 704 1201 784 proferantur
1223 709 1273 771 te·

68 811 240 886 stImonia,
264 808 352 890 quod
375 807 428 870 vix
452 825 597 889 unquam
621 811 701 889 puto
725 806 881 885 futurum,
911 809 958 873 sic
987 808 1027 873 de
1054 810 1117 875 hac
1145 830 1180 876 re
1203 815 1272 876 tra·

71 915 220 981 dendum
244 933 376 997 prorsus
401 933 528 991 censeo,
564 912 703 977 fortasse
733 914 933 996 antiquiores
964 917 1064 980 semel
1094 921 1126 982 et
1154 919 1272 983 iterum

71 1022 156 1109 qaod
184 1023 231 1087 sic
260 1020 408 1104 posuisse
437 1040 510 1084 curn
535 1019 738 1084 coniunctivo
773 1019 863 1100 (narn
893 1022 926 1084 in
949 1021 1055 1086 Plauti
1079 1023 1169 1087 Asin.
1193 1024 1216 1103 I,
1243 1025 1271 1103 1,

72 1130 112 1195 37
140 1128 294 1194 Gronorii
317 1128 456 1192 mutatio
479 1126 686 1190 incommoda
709 1123 802 1208 est¹),
826 1147 887 1191 nec
903 1129 1035 1193 Catonis
1053 1128 1271 1210 fragmentum

72 1236 163 1319 apud
187 1235 269 1299 Plin.
292 1234 378 1298 Hist.
401 1233 440 1296 N.
465 1232 520 1296 lib.
544 1232 658 1310 XXIX,
691 1235 719 1310 1,
749 1234 767 1296 7
792 1235 1024 1299 correctionem
1053 1237 1168 1317 recipit
1196 1256 1272 1318 pro-

72 1335 270 1422 babilem²);
294 1343 365 1405 tum
389 1343 500 1404 autem
524 1342 599 1421 post
621 1339 804 1421 Augustum
829 1340 971 1421 primum
996 1341 1108 1418 exiis,
1133 1361 1273 1424 quorum
1353 1370 1357 1377 ·

72 1450 198 1531 scripta
213 1450 353 1525 exstant,
378 1447 507 1513 Celsum
525 1446 695 1528 aliquoties
711 1444 761 1526 (ut
777 1447 801 1523 l,
825 1447 845 1511 3
860 1468 893 1530 p.
911 1448 963 1524 20,
988 1447 1025 1526 II,
1050 1449 1069 1511 6
1084 1469 1125 1530 p.
1142 1448 1196 1525 38,
1220 1448 1272 1528 111,

72 1558 88 1619 1
115 1576 149 1637 p.
176 1551 411 1632 innarenn.)
440 1552 522 1635 quod
550 1552 708 1634 posuisse,
743 1554 800 1617 uhi
829 1554 1022 1618 infinItivum
1053 1558 1272 1636 exspectares

69 1680 243 1743 nunquam
268 1663 381 1724 tamen
404 1659 465 1723 nisi
489 1659 658 1740 praemisso
682 1659 763 1723 illud
785 1660 987 1742 pronomine,
1012 1663 1063 1726 cui
1086 1662 1273 1744 adiungitur

69 1767 165 1853 quod,
192 1768 224 1832 et
246 1771 403 1849 sequente
426 1767 611 1843 indicativo,
634 1770 672 1830 ut
694 1766 781 1830 hunc
796 1785 892 1830 usum
916 1768 959 1830 ab
983 1767 1038 1831 illa
1053 1768 1271 1846 inclinatione,

69 1894 174 1957 qnam
199 1876 275 1937 ante
303 1875 336 1937 in
360 1873 524 1938 Ciceronis
555 1877 588 1936 et
617 1873 753 1937 allorum
785 1872 862 1936 locis
893 1872 1016 1955 aliquot
1039 1874 1272 1939 animadverti·

70 2000 157 2057 mus,
194 1983 302 2045 ortum
331 1999 402 2044 esse
430 1985 598 2061 appareat,
635 1999 732 2061 quem
761 1978 859 2042 etiarn
888 1978 1010 2042 Paulus
1032 1981 1118 2044 lctus
1141 1985 1272 2046 secutus

71 2092 124 2153 est
145 2088 181 2151 in
204 2087 275 2168 urg.
298 2086 456 2162 XXXVII,
480 2087 511 2162 4,
535 2086 557 2148 4
581 2084 689 2166 (Illud
711 2084 894 2166 notandum,
926 2086 1008 2169 quod
1032 2086 1181 2150 bonorum
1198 2108 1272 2171 poa-

70 2195 169 2259 oeasio
192 2200 303 2257 contro
327 2192 463 2273 tubulos,
487 2213 557 2276 qum
579 2191 687 2254 liderla
703 2193 913 2274 promittetur,
949 2193 1048 2255 locum
1073 2193 1173 2272 lioba,
1209 2196 1273 2259 sive

73 2302 146 2385 quis
176 2299 266 2363 liores
298 2300 449 2363 exstiterit
479 2300 542 2363 siue
572 2295 647 2378 aon)
680 2304 712 2361 et
742 2297 899 2361 Martialis
931 2298 1003 2362 libr.
1028 2299 1071 2363 XI
1100 2300 1199 2383 epigr.
1228 2301 1272 2365 64

74 2404 161 2489 (obp
197 2405 268 2469 Hoc
290 2408 363 2487 scio,
392 2404 474 2490 quod
502 2403 610 2468 scribit
636 2404 727 2467 orello
743 2403 855 2486 puello
877 2403 950 2480 riba
986 2405 1103 2471 deinde
1126 2426 1204 2471 vero
1228 2408 1271 2471 ab

76 2512 235 2578 Hadriani
258 2512 326 2576 fere
350 2515 497 2593 ternpore
521 2509 705 2586 invaluisse,
741 2515 778 2573 ut
806 2511 897 2596 quod,
933 2517 1089 2595 sequente
1119 2514 1272 2577 coniunc-

79 2618 158 2697 tim,
198 2618 289 2683 initio
324 2623 433 2682 tamen
468 2616 648 2693 rarissime,
689 2636 821 2697 prorsus
857 2639 916 2700 pro
950 2619 1075 2683 infinita
1109 2619 1273 2684 sententia

82 2730 262 2805 poneretur.
307 2724 417 2789 Prima
441 2723 527 2786 enim
545 2726 641 2786 certa
665 2723 850 2788 testimonia
873 2728 950 2788 sunt
972 2726 1117 2790 Suetonii
1141 2718 1220 2807 (Tit.
1238 2724 1273 2807 8)

146 2956 281 3024 Euryalus
298 2955 476 3010 insalutatam
495 2958 612 3006 matrem
631 2968 660 3005 se
687 2953 840 3020 relinquere
864 2954 937 3018 dIcit,
966 2955 1040 3022 quod
1064 2955 1191 3009 lacrimas
1213 2972 1273 3025 per·

147 3045 218 3098 ferre
236 3060 292 3098 non
311 3044 404 3112 possit,
424 3048 451 3095 et
470 3043 541 3095 hano
560 3058 645 3094 unam
664 3058 723 3094 esse
742 3058 862 3105 causam,
882 3043 947 3095 deos
966 3048 1091 3097 testatur.

109 3126 127 3193 ¹]
144 3133 174 3186 ln
187 3132 303 3186 Poenulo
315 3133 360 3195 Ill,
380 3132 404 3196 1,
423 3131 457 3183 44
476 3146 588 3200 prorsus
607 3129 781 3184 scribendum
801 3134 855 3183 est:
876 3132 972 3193 Scilla·
989 3149 1047 3184 rem
1059 3137 1176 3185 enarravi
1191 3135 1272 3201 vobo,

147 3239 209 3291 quo
228 3220 290 3290 (pro
309 3220 391 3289 quod)
409 3228 499 3274 vestro
521 3235 604 3287 opera
627 3220 695 3271 mihi
718 3236 786 3287 opus
809 3222 866 3272 siat.
903 3219 961 3272 Hoc
985 3221 1175 3289 Agorastocles
1199 3221 1272 3286 dicit,

147 3325 201 3363 non
227 3309 351 3378 ignorare
374 3309 447 3372 illos,
475 3310 510 3361 ad
534 3323 617 3376 quam
641 3324 698 3361 rem
722 3323 817 3360 eorum
841 3324 953 3376 operam
977 3310 1145 3377 expetiverit.
1187 3307 1274 3376 [Quid

146 3397 297 3466 Ussingius,
317 3398 343 3450 id
363 3403 417 3451 est:
436 3398 464 3450 in
484 3413 539 3464 qua
557 3392 607 3461 re]

105 3475 127 3549 ¹)
143 3483 215 3553 [Non
233 3502 346 3554 possum
365 3491 458 3539 tamen
477 3502 532 3538 non
551 3485 729 3538 vehementer
747 3485 848 3548 mirari,
877 3486 924 3554 qui
948 3486 1051 3539 lactum
1070 3485 1113 3553 sit,
1141 3491 1172 3539 nt
1191 3486 1273 3539 huius

149 3574 279 3643 loquendi
298 3574 401 3638 formae,
420 3575 498 3628 cuius
516 3575 689 3643 usurpandae,
708 3574 731 3627 si
750 3575 778 3628 in
797 3574 956 3642 quotidiano
975 3591 1102 3628 sermone
1116 3575 1207 3628 locum
1225 3575 1272 3628 ha·

148 3663 262 3728 buissel,
281 3663 501 3732 frequentissima
519 3664 625 3717 occasio
644 3664 753 3717 comicis
772 3664 859 3732 poetis
879 3664 982 3728 fuisset,
1001 3664 1029 3717 in
1042 3663 1169 3716 omnibus
1182 3662 1272 3717 Plauti

147 3752 287 3805 mmoediis
300 3768 386 3805 unum
406 3750 563 3819 exemplum
582 3757 677 3816 exstet,
697 3753 724 3805 tn
743 3752 863 3806 Terentii
882 3752 1003 3809 nullum;
1023 3752 1127 3805 accedit
1145 3751 1271 3806 coniunc-

147 3840 219 3894 tirns
239 3841 313 3894 verbi
333 3840 439 3905 modus,
459 3855 545 3908 quum
564 3840 592 3893 in
611 3858 706 3894 eorum
726 3842 889 3909 scriptorum
908 3840 982 3904 locis,
1002 3840 1075 3908 apud
1088 3857 1157 3908 quos
1169 3840 1272 3909 primos

148 3929 237 3983 tennis
260 3930 353 3998 aliqua
374 3929 409 3982 ad
428 3912 508 3982 'hunc
532 3929 671 3997 particulae
694 3932 765 3997 quod
789 3946 870 3982 usum
895 3929 1033 3982 inclmatio
1056 3934 1177 3997 apparet,
1205 3929 1272 3982 indi-

148 4018 252 4071 cativus
275 4024 402 4086 ponatur.
440 4017 525 4071 Valde
548 4034 652 4083 vereor,
680 4035 715 4071 ne
738 4019 884 4086 antiquum
907 4018 1039 4071 mendum
1065 4016 1272 4085 interpolatione

148 4106 242 4160 subsit.
272 4105 383 4161 Poterat
401 4107 515 4160 Plautus
533 4107 663 4159 scribere:
683 4109 815 4175 Equidem
833 4111 888 4161 scio
906 4110 976 4160 iam:
992 4109 1067 4173 filius
1079 4108 1186 4159 deamat
1198 4122 1273 4159 meua

149 4197 234 4248 tatone
262 4200 313 4249 cet.
354 4196 385 4249 In
413 4195 523 4249 Catonis
551 4195 611 4249 loco
638 4195 751 4249 offendit
779 4196 861 4249 etiam
890 4196 1025 4264 copulatio
1054 4194 1272 4263 interrogationis

148 4284 292 4351 pendentis
311 4291 338 4339 et
356 4284 498 4341 sententiae
516 4300 566 4353 per
584 4287 655 4353 quod
673 4285 815 4338 adiunctae.
852 4285 945 4338 Potest
963 4285 1060 4339 fuisse:
1079 4286 1145 4352 quid
1159 4286 1273 4337 Athama

148 4375 310 4441 aquodam
327 4374 447 4440 Mdeorn,
466 4381 491 4426 et
508 4390 577 4441 quor
596 4375 693 4426 bouum
711 4377 747 4426 sit
766 4379 816 4427 cet.
848 4373 919 4427 Nihil
937 4373 1054 4438 affirmo,
1074 4371 1272 4426 dubitationem

150 4475 273 4527 premere
292 4477 407 4530 nequeo
435 4462 475 4515 De
494 4461 605 4515 Catonis
624 4461 777 4530 fragmento
795 4462 822 4515 in
842 4463 958 4516 eandem
978 4460 1160 4529 suspicionem
1179 4460 1273 4514 lorda-

67 4606 70 4611 ,
149 4564 214 4603 num
234 4549 361 4604 mcidisse
379 4550 525 4619 Sieshyeus
544 4550 611 4602 mihi
631 4547 753 4616 indicat]

1024 4635 1057 4670 nn
