2956 5190
634 114 697 177 307

31 326 120 375 eur
145 309 263 386 modu,
295 308 383 391 quod
405 308 625 375 necessarium
650 312 745 373 esset.
792 307 877 371 Tam
901 307 965 371 alia
988 305 1114 370 addunt
1143 306 1176 369 in
1198 305 1264 369 sin·

30 413 148 499 gulis
170 415 317 492 vulnera,
342 434 416 496 quoe
438 416 572 497 longum
595 419 646 480 est
669 414 847 497 explicare;
871 414 960 478 velut
983 414 1016 476 in
1033 411 1143 476 Orellii
1162 411 1264 493 scrip·

32 522 140 587 tura
161 541 297 604 prorsus
320 521 376 586 illa
399 521 571 586 abundant
598 543 694 608 quam
723 523 751 585 ei
781 522 976 605 imposuisset
1005 518 1090 602 (quis
1119 519 1264 599 imposu-

34 626 193 710 meta).
232 627 385 692 Debebat
407 633 578 710 praeterea,
601 629 664 694 ista
688 628 819 710 quidem
844 628 876 691 in
900 625 1071 702 sententia,
1095 627 1266 708 imponeret

39 734 127 801 diei
151 735 206 799 vel
227 736 435 818 impositurus
458 743 543 799 esset.
590 735 659 799 lam
682 734 723 798 de
751 734 1001 816 interpolatione
1030 732 1107 815 quid
1137 731 1265 796 dicam?

40 840 151 907 Nam
175 840 260 906 illius
286 843 334 905 rei
350 841 488 926 publicu
517 842 551 905 in
582 841 747 906 codicibus
778 861 820 905 ne
851 841 1022 905 minimum
1053 838 1185 920 quidem
1216 841 1267 901 est

43 949 250 1030 vestigium.
297 947 362 1012 Sed
385 951 546 1030 praeterea
568 968 692 1025 omnes,
716 968 757 1012 ne
781 947 940 1014 Lambino
964 947 1095 1028 quidem
1120 949 1265 1027 excepto,

43 1056 226 1138 tanquam
255 1054 403 1120 codicum
431 1055 625 1119 auctoritate
658 1055 881 1119 firmissimum
910 1054 967 1129 sit,
1004 1053 1105 1117 edunt
1131 1054 1160 1117 si
1188 1051 1267 1115 mihi

47 1163 133 1238 uni,
171 1165 204 1226 et
236 1162 271 1225 in
306 1181 355 1239 eo,
391 1180 433 1225 ne
462 1160 562 1226 verbo
585 1158 725 1245 {quidem
755 1161 876 1237 addito,
913 1160 1163 1224 tundamentum
1192 1157 1266 1223 reli·

51 1286 209 1350 quamm
243 1267 504 1332 coniecturarum
538 1273 679 1349 ponunt;
715 1288 792 1333 nam
827 1269 902 1332 hinc
936 1267 1157 1349 oppositionis,
1193 1286 1267 1347 quae
1280 1287 1318 1327 m

54 1373 196 1452 dicittu,
232 1393 332 1439 causa
360 1377 469 1438 ortum
497 1378 547 1439 est
574 1375 654 1440 illud
677 1376 725 1439 rei
743 1375 889 1459 poebticoe.
935 1374 1055 1438 Verum
1079 1393 1139 1455 pro
1161 1373 1266 1437 tribus

54 1479 128 1545 illis
152 1480 261 1545 verbis
285 1481 319 1543 in
341 1480 444 1544 Paris.
469 1487 502 1544 et
524 1481 680 1546 Bemensi
704 1489 841 1564 utroque
865 1485 907 1557 et,
936 1500 978 1544 ne
1002 1480 1042 1544 de
1066 1467 1276 1544 Gruterianis'

56 1586 267 1664 dubitemus,
303 1585 344 1650 de
372 1586 492 1668 quibus
521 1586 591 1669 ipse
618 1592 716 1664 tacet,
752 1588 786 1651 in
815 1587 919 1652 tribus
947 1586 1074 1651 Oxonn.
1103 1589 1153 1650 est
1182 1587 1266 1649 ueni.

58 1692 156 1758 Tum
179 1693 214 1757 in
236 1693 389 1758 omnibus
412 1713 545 1775 prorsus
569 1693 734 1759 codicibus
758 1699 808 1758 est
831 1693 1036 1776 apertissima
1059 1693 1113 1757 illa
1138 1698 1266 1757 contra·

57 1798 192 1865 riorum
214 1798 330 1864 relatio
361 1799 441 1863 mihi
468 1799 624 1864 sonabilis
651 1820 681 1864 v.
710 1801 910 1882 insanabilis,
944 1802 1011 1864 iltis
1033 1820 1063 1863 v.
1088 1800 1138 1862 illi
1159 1800 1267 1862 morti·

57 1903 150 1987 sero,
176 1905 233 1969 ubi
256 1924 370 1970 verum
394 1925 465 1970 esse
481 1907 646 1983 sanabilis,
671 1907 759 1989 quod
775 1905 865 1988 [Par.
882 1906 929 1989 et]
946 1907 1128 1971 Beruenses
1144 1905 1268 1970 habent

59 2010 113 2092 (et
135 2010 207 2075 Pal.
232 2011 252 2075 9
276 2029 317 2076 ex
340 2012 581 2090 emendatione,
615 2014 642 2077 si
671 2017 758 2078 recte
788 2015 828 2078 de
853 2013 923 2079 cod.
948 2013 981 2077 S.
1005 2013 1142 2077 Victoris
1165 2012 1267 2076 tradi·

60 2115 145 2199 tur),
169 2118 241 2199 ipsa
264 2117 320 2182 illa
343 2119 487 2184 ostendit
508 2120 623 2202 figura.
667 2120 746 2194 lam,
771 2119 895 2201 opinor,
925 2120 1121 2183 dilucescere
1145 2119 1267 2201 incipit.

60 2223 192 2288 Inimici
220 2223 307 2289 hanc
331 2224 477 2290 Ciceroni
507 2226 667 2293 terebant.
703 2230 739 2290 ut
766 2226 841 2301 dixi,
877 2225 1110 2301 condicionem,
1146 2230 1183 2289 ut
1210 2229 1268 2289 aut

62 2330 201 2399 cederet
234 2334 293 2394 aut
326 2332 377 2396 bis
412 2334 564 2411 vinceret,
600 2333 742 2415 primum
771 2333 930 2408 Clodium,
966 2332 1083 2397 deinde
1118 2333 1267 2397 consules

63 2436 172 2502 Clodii
201 2437 333 2502 ultores
379 2438 453 2504 Hac
480 2440 648 2522 proposita
676 2439 817 2521 optione,
853 2438 980 2503 etiamsi
1008 2459 1074 2503 non
1102 2438 1266 2516 discessio,

63 2543 126 2607 sed
150 2544 299 2608 interitus
322 2545 512 2610 subeundus
536 2546 658 2623 suisset,
683 2547 863 2627 periturum
887 2550 998 2609 tamen
1021 2565 1057 2609 se
1075 2544 1151 2609 dicit
1169 2544 1268 2610 fuisse

64 2651 188 2732 potius,
213 2670 312 2732 quam
336 2659 372 2715 ut
396 2652 446 2716 bis
471 2658 539 2716 tam
563 2652 691 2718 trineste
715 2653 868 2716 vinceret.
914 2652 1034 2716 Verum
1062 2651 1124 2716 sibi
1149 2653 1181 2715 in
1205 2653 1268 2716 ista

65 2755 268 2821 discessione
291 2777 357 2822 non
381 2759 547 2823 interitum
578 2761 782 2841 propositum
815 2758 915 2823 fuisse
947 2759 1002 2833 ait,
1038 2759 1096 2822 sed
1125 2759 1267 2841 plagam,

67 2882 170 2945 quam
193 2863 333 2945 glorioso
356 2865 463 2930 reditu
486 2870 639 2930 sanatum
668 2866 706 2930 iri
735 2865 939 2947 praevideret,
975 2865 1019 2930 illi
1051 2869 1163 2930 contra
1195 2866 1267 2949 ipsi,

68 2969 123 3052 qui
147 2988 224 3033 eam
246 2970 465 3052 imposuisset,
489 2972 716 3053 perniciosam,
741 2975 853 3054 utpote
877 2991 973 3054 quem
993 2973 1123 3037 sceleris
1142 2975 1268 3055 magni·

67 3075 150 3140 tudo
184 3075 414 3158 Ciceronisque
449 3079 610 3143 restitutio
645 3079 788 3143 fractura
823 3097 956 3160 prorsus
991 3083 1091 3154 esset,
1127 3078 1173 3142 ita
1206 3079 1268 3143 sibi

68 3182 193 3247 nullam
216 3184 350 3248 omnino
373 3184 612 3250 dubitationem
636 3205 708 3250 esse
731 3186 887 3267 potuisse,
912 3185 990 3266 quin
1013 3186 1153 3249 cederet.
1188 3186 1268 3250 Pcr-

68 3290 219 3371 spicuum
242 3297 302 3367 est,
327 3310 427 3372 quam
450 3293 515 3356 sint
538 3293 609 3356 haec
632 3299 721 3374 apta,
746 3311 845 3373 quam
869 3291 1038 3372 simplicia,
1067 3311 1168 3373 quam
1191 3312 1268 3356 con·

68 3398 228 3460 sentanea
251 3396 300 3473 iis,
327 3416 401 3478 quae
424 3397 536 3462 Cicero
560 3397 637 3462 alibi
661 3398 702 3462 de
726 3418 786 3463 suo
809 3397 954 3462 discessu
978 3398 1084 3480 deque
1107 3399 1269 3463 honestis·

68 3502 152 3567 simo
191 3501 299 3566 reditu
340 3503 517 3587 tractisque
559 3508 592 3568 et
633 3504 811 3568 debilitatis
852 3504 906 3568 illo
947 3504 1053 3568 reditu
1093 3504 1196 3569 Clodii
1237 3509 1270 3569 et

68 3608 333 3675 adversariorum
357 3611 498 3676 consiliis
523 3611 609 3687 dicit,
634 3630 735 3693 quum
753 3612 787 3674 in
810 3613 872 3675 hac
895 3612 967 3692 ipsa
986 3612 1133 3676 oratione
1157 3610 1198 3690 (c.
1215 3612 1268 3687 60,

70 3713 159 3798 128),
182 3720 253 3781 tum
278 3717 366 3793 alibi,
391 3717 532 3799 denique
555 3737 655 3799 quam
679 3716 826 3782 codicum
851 3717 993 3800 vestigiis
1011 3718 1269 3782 accommodata.

68 3821 121 3887 Sic
145 3823 233 3888 enim
256 3823 466 3888 scribendum
489 3829 554 3889 est:
580 3823 647 3908 Epo
670 3844 752 3905 oero,
776 3825 823 3887 oet
845 3825 874 3888 si
897 3823 951 3907 (ex
968 3823 1054 3904 ueni)
1069 3824 1270 3908 pereundum

65 3929 192 4012 fuisset,
216 3951 254 3994 oe
276 3951 340 3994 uon
367 3931 554 4015 accipienda
577 3932 678 4015 ptopu
706 3931 786 3994 mitri
813 3930 978 4012 satiabilis,
1013 3932 1063 3994 illi
1089 3932 1269 4014 mortifera,

68 4038 123 4122 qui
150 4056 222 4101 eam
252 4039 459 4121 imposuisset,
494 4039 587 4102 semet
609 4039 721 4122 perire
750 4046 857 4102 tomen
885 4040 946 4102 cet.
992 4037 1091 4102 Malui
1120 4038 1179 4119 illi,
1215 4040 1270 4123 qui

68 4163 139 4206 eom
168 4143 367 4227 imposuisset
401 4143 443 4207 de
476 4163 543 4208 uno
577 4144 718 4220 Clodio,
740 4165 842 4227 quum
871 4145 959 4226 quod
992 4144 1022 4207 ei
1052 4145 1149 4208 cessit
1177 4144 1269 4226 (nam

68 4249 220 4315 consules
241 4253 312 4315 tum
337 4250 471 4314 demum
495 4249 539 4314 ad
562 4270 631 4315 rem
656 4250 879 4329 accessissent,
903 4252 930 4314 si
948 4249 1096 4315 Clodium
1114 4250 1268 4331 vicisset),

68 4360 139 4422 tum
171 4356 259 4439 quod
290 4357 340 4421 ilii
369 4361 419 4422 est
450 4359 482 4421 in
513 4358 616 4422 Paris.
649 4362 683 4422 et
712 4358 842 4437 Bernn,
879 4358 1073 4440 imposuisset
1094 4358 1128 4420 in
1152 4354 1268 4439 [Pam]
