2948 5206
472 1575 808 1695 Opusculorum
836 1579 959 1672 ordo.

634 1775 792 1784 --—---·-

180 1898 200 1951 I.
234 1898 272 1950 De
291 1898 321 1951 L.
341 1896 450 1966 Apuleii
469 1896 629 1966 fragmentis
647 1897 681 1951 de
700 1898 896 1968 orthographia
914 1914 1002 1968 nuper
1020 1898 1139 1954 inventis
1158 1917 1184 1969 p.
1199 1899 1223 1954 1.
1254 1898 1314 1966 (Ed.

235 2003 275 2054 pr.
296 1985 374 2039 roll
392 2002 419 2054 p.
433 1983 468 2051 1.)
496 1985 662 2040 Addendum
680 2003 706 2055 p.
719 1984 762 2040 20.
789 1985 849 2051 (Ed.
868 2004 909 2057 pr.
929 1988 1006 2041 roll
1024 2005 1051 2058 p.
1063 1985 1120 2054 26.)

170 2075 202 2128 II.
235 2076 275 2128 De
298 2074 365 2129 locis
387 2073 491 2143 aliquot
514 2074 651 2129 Iuvenalis
673 2075 885 2144 interpretandis
909 2075 1057 2146 disputatio
1075 2094 1101 2146 p.
1119 2075 1162 2131 23.
1194 2076 1255 2143 (Ed.
1273 2094 1314 2148 pr.

233 2164 316 2217 roll
334 2181 360 2231 p.
378 2160 432 2228 29.)
474 2162 645 2231 Epimetrum
669 2164 704 2216 de
727 2163 833 2218 Horatii
856 2165 947 2219 satirae
969 2181 1022 2219 seo.
1046 2165 1108 2219 libri
1131 2165 1213 2235 primi
1235 2183 1261 2221 v.
1279 2165 1316 2220 25

233 2270 259 2322 p.
273 2251 315 2306 50.
343 2249 402 2319 (sd.
422 2267 462 2319 pr.
481 2252 560 2305 rol.I
578 2269 604 2321 p.
618 2249 672 2319 63.)

156 2341 201 2394 ΙΠ.
232 2342 272 2395 De
291 2340 351 2394 loco
370 2340 507 2395 Ciceronis
526 2341 554 2395 in
573 2341 642 2394 libro
661 2339 697 2394 IV
715 2341 749 2394 de
768 2340 925 2410 republica
948 2341 984 2396 ad
1002 2341 1104 2396 ordinis
1124 2343 1258 2412 equestris
1276 2343 1315 2397 in·

233 2429 329 2482 stituta
347 2429 482 2497 spectanti
500 2429 649 2498 disputati0
667 2447 694 2499 p.
707 2429 750 2484 58.
778 2427 837 2495 (Ed.
856 2447 896 2499 pr.
916 2430 995 2484 roll
1013 2448 1039 2500 p.
1054 2429 1106 2497 72.)

156 2517 200 2570 IV.
233 2518 273 2570 De
291 2517 321 2571 1.
340 2518 409 2571 Attii
427 2517 597 2572 didascalicis
615 2519 811 2574 commentatio
829 2537 856 2589 p.
871 2517 912 2572 70.
940 2516 999 2584 (Ed.
1017 2537 1057 2589 pr.
1077 2519 1156 2574 rol.I
1176 2537 1203 2589 p.
1215 2517 1270 2586 87.)

167 2605 198 2659 V.
230 2605 357 2660 Praefatio
384 2606 496 2661 editioni
521 2602 677 2663 orationum
705 2609 870 2663 selectarum
894 2606 1031 2661 Ciceronis
1058 2607 1205 2677 praeposita
1227 2625 1253 2677 p.
1272 2608 1315 2662 00.

233 2693 292 2758 (Ed.
313 2712 353 2764 pr.
373 2695 451 2749 roll
469 2712 495 2764 p.
510 2695 583 2760 111.)

157 2782 199 2836 VI.
231 2783 272 2836 De
291 2783 483 2837 emendatione
505 2785 628 2839 locorum
652 2787 757 2855 aliquot
780 2785 936 2839 orationum
955 2783 1196 2839 Ciceronianamm
1214 2803 1240 2855 p.
1255 2785 1315 2839 110.

234 2869 292 2935 (Ed.
312 2888 352 2941 pr.
371 2872 449 2925 roll
468 2891 494 2941 p.
509 2872 581 2941 136.)

143 2959 200 3013 VII.
232 2960 272 3013 De
299 2959 366 3013 Iocis
390 2960 494 3029 aliquot
521 2960 685 3018 selectarum
708 2962 845 3018 Ciceronis
872 2961 1028 3015 orationum
1056 2960 1205 3030 disputatio
1230 2961 1317 3016 altera

233 3065 259 3117 p.
273 3046 332 3101 142.
364 3046 423 3114 (Ed.
443 3065 483 3117 pr.
503 3049 581 3102 voll
599 3067 625 3117 p.
640 3046 711 3113 175.)

132 3135 201 3188 VIII.
234 3136 274 3189 De
293 3135 352 3189 iure
370 3142 398 3190 et
417 3137 576 3191 condicione
595 3137 764 3191 coloniarum
788 3137 882 3206 populi
906 3136 1025 3191 Romani
1048 3138 1163 3206 quaestio
1187 3139 1317 3194 historica

234 3241 260 3291 p.
274 3223 334 3277 169.
362 3223 421 3292 (Ed.
440 3243 480 3295 pr.
500 3227 579 3280 roll
598 3245 624 3295 p.
636 3224 709 3293 208.)

158 3312 200 3365 IX.
233 3312 274 3366 De
291 3313 397 3380 aliquot
414 3316 519 3369 lacunis
538 3315 664 3370 codicum
682 3314 801 3369 Lucretii
819 3332 845 3382 p.
858 3312 919 3368 248.
946 3312 1005 3381 (Ed.
1024 3332 1065 3384 pr.
1084 3315 1162 3369 rol.I
1181 3333 1207 3385 p.
1220 3313 1292 3382 305.)

169 3401 200 3453 X.
234 3401 273 3454 De
291 3401 358 3454 locis
381 3404 486 3472 aliquot
508 3405 645 3459 Ciceronis
667 3403 823 3458 orationum
847 3402 1023 3457 Verrinarum
1046 3402 1201 3459 dissertatio
1223 3404 1317 3459 critica

236 3507 262 3557 p.
276 3488 337 3543 263.
366 3491 424 3551 illd.
444 3509 485 3560 pr.
505 3494 582 3547 voI.I
601 3510 627 3562 p.
641 3489 713 3558 323.)

159 3578 202 3631 Xl.
237 3578 276 3631 De
305 3580 496 3635 emendatione
524 3582 628 3651 aliquot
654 3581 777 3636 locorum
800 3580 931 3634 orationis
953 3580 1086 3634 Tullianae
1109 3597 1159 3649 pro
1182 3581 1216 3634 II.
1235 3580 1316 3635 Caelio

235 3667 383 3735 disputatio
402 3686 428 3738 p.
441 3669 502 3723 304.
531 3668 590 3735 (Ed.
609 3687 649 3739 pr.
669 3669 747 3723 roll
766 3687 791 3739 p.
805 3668 877 3736 375.)

144 3755 201 3809 XII.
235 3756 275 3809 De
294 3757 474 3812 emendandis
492 3759 628 3813 Ciceronis
646 3758 815 3813 orationibus
833 3774 883 3827 pro
900 3758 929 3812 P.
943 3759 1031 3813 Sestio
1050 3764 1077 3813 et
1091 3759 1120 3813 in
1134 3759 1163 3813 P.
1177 3758 1316 3813 Vatinium

236 3845 384 3914 disputatio
403 3864 429 3916 p.
442 3846 504 3900 333.
532 3848 592 3912 (Ed.
611 3865 652 3917 pr.
671 3848 749 3902 roll
768 3866 794 3916 p.
807 3845 881 3910 411.)

132 3932 202 3986 XIII.
235 3933 274 3987 Dc
297 3935 476 3990 emendandis
496 3936 632 3990 Ciceronis
655 3936 824 3990 orationibus
849 3936 882 3990 de
907 3936 1053 4005 provinciis
1076 3936 1265 3990 consularibus
1289 3940 1317 3989 et

237 4039 285 4090 pro
304 4023 390 4077 Balbo
410 4024 558 4092 disputatio
577 4042 603 4092 p.
616 4023 677 4078 408.
705 4022 764 4090 (Ed.
783 4041 823 4094 pr.
843 4024 933 4078 volll
952 4042 977 4092 p.
992 4022 1028 4090 1.)

135 4111 201 4164 XIV.
235 4112 275 4166 De
300 4114 453 4166 Ionnarum
481 4112 655 4181 quarundam
683 4112 759 4166 verbi
787 4112 876 4168 Latini
904 4119 1003 4167 natura
1034 4119 1062 4167 et
1088 4130 1141 4168 usu
1169 4113 1316 4182 disputatio

237 4218 262 4269 p.
276 4199 337 4253 448.
367 4201 426 4265 (Ed.
446 4218 486 4270 pr.
505 4202 558 4254 rol.
572 4201 597 4254 ll
616 4218 641 4269 p.
655 4198 710 4266 60.)

148 4289 203 4341 XV.
237 4290 276 4342 De
299 4289 478 4343 emendandis
502 4289 639 4344 Ciceronis
662 4287 738 4342 libris
763 4289 797 4342 de
821 4289 926 4359 legibus
949 4289 1098 4360 disputatio
1120 4308 1147 4360 p.
1160 4290 1220 4344 504.
1257 4288 1315 4356 (Ed.

237 4394 276 4446 pr.
296 4378 348 4431 vol.
362 4379 385 4431 II
405 4396 430 4447 p.
445 4377 516 4444 130.)

135 4464 203 4518 XVI.
237 4466 276 4519 De
295 4466 361 4520 locis
380 4467 484 4535 aliquot
503 4467 639 4521 Iuvenalis
662 4466 830 4535 explicandis
854 4465 1002 4535 disputatio
1025 4467 1111 4522 altera
1129 4484 1155 4536 p.
1169 4465 1229 4520 532.
1257 4466 1316 4533 (Ed.

237 4572 277 4624 pr.
296 4555 349 4609 vol.
363 4555 387 4608 II
405 4572 432 4624 p.
446 4553 517 4621 167.)
