2948 5206
675 299 736 362 197

153 487 348 572 Campanorum
383 511 453 557 rem
489 511 696 558 communem
732 493 896 560 sublatam
930 499 1044 559 narrat
1078 493 1203 577 (XXVI,
1238 496 1302 577 lo),

149 597 252 677 prefecti
274 599 363 662 missi
385 602 546 682 tanquam
569 619 663 664 novae
686 601 732 663 rei
756 601 956 665 mentionem
977 601 1108 679 taceret,
1134 605 1247 666 contra
1264 623 1303 666 ac

148 704 177 767 rei
191 708 292 770 natum
314 725 417 788 supra
439 706 601 788 explicata
625 710 657 771 et
680 708 781 789 ipsius
804 707 887 771 alter
910 708 999 772 locus
1018 706 1084 789 (ix,
1109 705 1165 789 20)
1189 710 1303 789 postu-

146 809 196 887 lant
210 811 435 895 Velleiumque,
451 817 488 877 ut
504 816 575 878 turn
592 813 823 895 praefecturam
841 813 961 878 factam
980 814 1128 895 Capuam
1145 814 1304 879 scriberet

143 916 175 997 u
192 916 247 999 44).
256 914 282 999 ¹)
322 948 327 957 ·

199 1026 363 1091 Postremo
387 1025 561 1091 dicendum
585 1030 644 1104 est,
669 1026 787 1090 civium
811 1028 880 1091 sine
897 1028 1052 1109 suffragio
1070 1027 1303 1108 condicionem,
1317 1046 1358 1086 ru

138 1136 226 1212 prater
247 1135 351 1215 magis
374 1135 524 1199 minusve
553 1132 690 1197 liberam
719 1132 1035 1199 administrationem
1064 1133 1302 1214 oppidanorum

136 1258 225 1315 rerum,
258 1240 399 1305 fortasse
427 1240 461 1304 in
489 1260 528 1305 eo
558 1258 687 1321 quoque
711 1239 865 1315 variasse,
901 1239 988 1320 quod
1012 1258 1078 1304 non
1101 1259 1231 1322 semper
1254 1241 1302 1318 iis,

79 1418 83 1447 Ι
135 1346 174 1425 pi
191 1365 276 1410 suam
300 1345 466 1411 civitatem
491 1347 685 1423 arnisissent,
710 1347 836 1429 integra
859 1349 892 1410 et
915 1346 1013 1429 plena
1035 1346 1152 1410 saltem
1175 1348 1304 1428 privata

79 1464 81 1483 ¹
133 1451 225 1516 civium
245 1452 472 1518 Romanorum
495 1452 567 1516 iura
591 1452 762 1527 darentur3
797 1472 873 1517 narn
904 1453 945 1517 de
975 1453 1136 1518 connubio
1160 1453 1303 1518 dubitari

132 1562 229 1638 potcstr
256 1559 467 1642 patriciorum
491 1559 633 1642 quidem,
662 1558 820 1641 quamdiu
843 1579 883 1624 eo
906 1561 999 1643 plebs
1024 1564 1159 1637 careret,
1189 1560 1302 1624 datum

132 1682 182 1728 uon
201 1684 274 1744 esse,
297 1667 379 1731 satis
402 1670 504 1747 patet.
513 1659 540 1747 ²)
585 1665 653 1729 Nec
676 1666 875 1747 prohibebat
897 1668 950 1732 hic
973 1671 1089 1744 status,
1114 1669 1303 1751 quominus

189 1895 306 1964 Campani
325 1912 451 1950 seorsum
469 1895 656 1958 nominantur,
679 1895 727 1948 sed
752 1895 884 1948 Romanis
906 1895 1102 1964 adiunguntur,
1126 1914 1143 1949 a
1166 1896 1246 1950 sociis
1264 1915 1304 1951 se·

189 1982 327 2052 parsurm]
369 1985 409 2038 De
434 2001 529 2039 eorum
556 1984 707 2053 legionibus
733 1989 805 2038 recte
831 1990 898 2053 puto
922 1989 1044 2039 statuere
1068 1985 1249 2040 Niebubrium
1269 1986 1304 2051 (II

191 2088 212 2140 p.
228 2071 276 2139 66).
311 2073 393 2141 Quod
411 2074 485 2143 apud
504 2073 634 2128 Orosium
653 2073 697 2140 IV,
721 2072 738 2124 3
757 2071 827 2140 legio
845 2073 892 2126 illa
911 2074 1052 2142 Campana
1069 2081 1163 2127 octova
1181 2075 1305 2128 nomina-

192 2166 236 2225 tur,
252 2162 282 2216 dc
300 2163 402 2217 mendo
420 2167 580 2232 suspectum
599 2162 668 2217 mihi
686 2167 740 2226 est;
766 2178 831 2215 nam
850 2177 940 2229 neque
960 2178 993 2215 ea
1011 2162 1161 2217 admodum
1180 2168 1246 2233 apta
1264 2168 1305 2218 est

194 2249 251 2304 ratio
269 2251 381 2320 legionis
404 2251 597 2320 signiticandae,
625 2251 727 2305 omisso
751 2251 900 2319 Campanae
923 2250 1043 2315 nomine,
1072 2268 1161 2320 neque
1184 2252 1305 2322 legiones

196 2338 242 2391 eius
257 2341 348 2403 atatis,
376 2356 438 2408 quae
461 2356 516 2393 non
540 2345 680 2409 perpetuas
703 2345 791 2404 eraut,
819 2340 858 2393 sic
882 2339 910 2392 in
933 2340 1047 2393 historia
1069 2341 1192 2395 numeris
1214 2341 1304 2395 notari

198 2432 310 2493 poterant

162 2507 169 2536 ¹
198 2513 228 2566 Su
255 2532 293 2570 reo
369 2534 393 2570 ae
410 2518 557 2571 minusad
578 2534 628 2571 nos
665 2517 773 2580 ertinet,
797 2517 944 2572 difficultas
968 2519 1004 2572 ali
1026 2536 1061 2573 ua
1080 2518 1107 2572 in
1127 2519 1217 2572 verbis
1235 2520 1304 2572 Liuii

172 2510 278 2656 )updac
293 2523 370 2674 darqtld
388 2606 509 2660 historiae
532 2535 802 2675 propterpincuriam
826 2607 925 2660 veteris
949 2537 1023 2660 iurisq
1037 2607 1139 2676 publici
1163 2609 1305 2662 obscurius

203 2692 287 2760 scripta,
308 2696 336 2748 in
360 2712 416 2764 qua
440 2696 523 2749 etiarn
543 2695 659 2748 eandem
679 2712 737 2748 rern
757 2695 798 2747 bis
818 2696 893 2748 varie
912 2702 1017 2753 narrat;
1046 2714 1111 2750 nam
1130 2713 1192 2765 quae
1211 2697 1304 2759 XXVI,

205 2778 230 2830 li
243 2783 385 2847 traduntur,
408 2801 464 2837 non
484 2800 550 2838 saue
568 2784 662 2837 statim
682 2785 776 2853 Capua
794 2790 875 2853 capta
893 2786 1018 2838 contecta
1036 2792 1109 2849 sunt,
1132 2786 1180 2838 sed
1199 2785 1247 2838 illa
1264 2802 1304 2837 se-

206 2873 266 2922 natus
286 2874 490 2935 consultatione,
520 2889 581 2941 quae
605 2873 698 2936 XXVI,
727 2873 762 2926 33
781 2880 1014 2927 commemoratur
1036 2873 1101 2941 (vid.
1125 2873 1249 2927 Glarean.
1270 2874 1303 2925 ad

207 2957 296 3022 priorem
317 2962 386 3027 loc).
419 2962 512 3028 Quum
531 2962 605 3015 enirn
625 2962 689 3016 alibi
708 2979 757 3031 per
777 2967 863 3016 totam
882 2963 1042 3016 deiectionis
1061 2969 1088 3016 et
1107 2979 1194 3031 poenae
1212 2979 1305 3015 narra·

207 3044 284 3102 tionem
300 3051 333 3104 de
351 3051 499 3119 Campanis
518 3055 651 3118 tanquam
671 3051 705 3102 de
724 3050 803 3103 sociis
823 3051 959 3119 loquatur,
988 3052 1138 3119 posteriore
1161 3052 1221 3104 loco
1245 3067 1304 3103 nar·

208 3140 243 3193 stt
254 3155 296 3204 per
313 3147 436 3193 cenatum
454 3142 502 3205 api
519 3141 551 3191 de
572 3139 729 3206 Campanis,
749 3142 797 3207 qui
814 3143 882 3192 cioca
900 3149 993 3208 essent,
1013 3158 1067 3194 non
1084 3144 1214 3207 potuine&
1235 3139 1304 3202 idco,

207 3228 410 3288 quenadmodum
430 3228 495 3282 olirn
515 3228 549 3280 de
569 3227 716 3281 Satricanis
736 3228 838 3281 lactum
858 3235 930 3282 esset
949 3229 1012 3295 (vid.
1032 3247 1058 3297 p.
1071 3228 1123 3280 2‘27
1142 3235 1198 3282 not.
1216 3228 1303 3290 extri,

207 3310 364 3384 adpopuum
382 3319 479 3380 latum,
499 3324 530 3370 ut
549 3317 576 3369 id
595 3316 653 3369 lieri
673 3316 775 3370 liceret.
814 3318 842 3370 ld
862 3318 1051 3386 accipiendum
1071 3318 1187 3380 videtur,
1212 3322 1242 3370 ut
1261 3335 1305 3370 ac-

207 3401 258 3468 cepit
271 3404 491 3459 Wacbsmuthius
510 3403 601 3471 (Rom.
621 3406 716 3459 Gesch.
736 3423 762 3473 p.
781 3405 834 3458 458
853 3407 930 3472 not),
956 3408 989 3460 de
1008 3407 1049 3469 iis,
1073 3407 1120 3475 qui
1143 3406 1302 3474 suffragiurrr

207 3485 322 3558 habebant,
350 3501 381 3549 ut
404 3499 517 3563 propter
541 3511 587 3548 eos
611 3494 645 3547 de
669 3494 798 3548 universa
823 3512 851 3549 re
870 3498 904 3549 ad
923 3497 1056 3565 populum
1076 3496 1162 3549 latum
1182 3496 1225 3557 sit,
1254 3495 1304 3546 etsi

205 3572 285 3635 livium
302 3583 358 3636 hnc
377 3583 470 3637 animo
491 3583 647 3637 distinxisse
667 3584 812 3652 verbisque
830 3583 997 3654 distinguere
1017 3584 1135 3637 voluisse
1150 3600 1205 3636 non
1224 3589 1303 3651 puto;

206 3672 258 3721 acne
272 3671 301 3725 de
318 3689 351 3726 eo
369 3688 470 3740 genere
489 3672 606 3725 civitatis
625 3672 832 3740 intelligendum
852 3675 967 3737 ridetur,
991 3673 1065 3742 quod
1085 3673 1224 3726 decretum
1244 3688 1304 3724 nar-

205 3759 240 3816 nt
255 3764 280 3811 ut
295 3761 429 3831 Campani
448 3760 557 3830 aliique,
577 3761 624 3829 qui
643 3761 671 3814 in
691 3763 787 3815 cadern
806 3779 889 3815 causa
908 3768 994 3825 erant,
1014 3764 1093 3815 liberi
1104 3770 1189 3814 essent
1208 3765 1255 3827 ito,
1275 3770 1304 3813 ut

205 3859 259 3899 nemo
273 3866 360 3903 eorum
379 3854 445 3904 cioca
464 3852 604 3903 Ronmnuc
623 3859 670 3903 out
689 3852 786 3903 Latini
803 3855 921 3904 nominis
939 3860 1012 3904 essct.

174 3920 192 3989 'l
204 3928 316 4004 taupani,
339 3956 394 3994 uon
414 3944 520 3993 veteres
539 3939 586 4002 illi,
610 3940 656 4008 qui
680 3939 795 4007 dispersi
814 3945 900 4002 crant,
924 3940 972 3992 sed
992 3939 1131 3993 incondita
1149 3939 1196 3993 illa
1215 3940 1303 3997 turba,

205 4034 249 4084 illst
270 4027 326 4081 urbi
354 4029 561 4096 frequentandas
589 4033 696 4082 retenta
719 4034 760 4082 est
785 4028 852 4093 (Liv.
873 4029 966 4091 xxvi,
997 4028 1050 4093 16),
1079 4029 1176 4096 cuique
1195 4028 1303 4081 nullum

205 4115 282 4167 terium
301 4116 342 4170 ius
361 4118 457 4171 datum
478 4123 544 4181 erat,
564 4117 615 4170 nisi
635 4117 717 4185 quod,
741 4134 826 4185 quurn
851 4117 971 4185 ipsorum
998 4118 1102 4169 nudum
1125 4133 1223 4184 corpus
1242 4120 1304 4168 rior?-

206 4201 252 4251 ittr't
265 4213 333 4268 ora,
352 4207 426 4260 circs
444 4206 563 4260 Romani
582 4207 642 4259 sinc
660 4206 790 4274 suffragio
809 4211 894 4263 erant.
914 4222 999 4274 quare
1019 4223 1042 4258 a.
1059 4204 1110 4256 189
1129 4204 1224 4257 Rornae
1243 4221 1304 4256 cen·

205 4287 244 4340 ten'
256 4289 315 4347 iussi
332 4300 398 4348 sunt
416 4293 483 4360 (non
501 4295 530 4348 in
550 4293 695 4361 tribubus),
719 4313 743 4348 a.
767 4294 818 4346 188
836 4296 982 4364 petierunt,
1007 4299 1139 4361 tanquam
1159 4310 1188 4347 re
1212 4293 1303 4351 dubia.

207 4381 228 4424 tt
240 4380 282 4432 »or
296 4386 362 4437 dm
380 4385 521 4437 Romam
539 4386 635 4436 duom
652 4401 752 4437 uxores
770 4386 867 4450 liceret,
892 4391 924 4450 et,
948 4386 974 4436 ci
992 4386 1039 4451 qui
1052 4385 1136 4449 priua
1154 4384 1303 4446 duxissent,

208 4466 320 4524 utum
337 4489 397 4535 eoa·
423 4480 448 4525 ct
471 4480 533 4525 ante
557 4490 617 4524 eum
641 4475 711 4524 diem
735 4476 795 4525 noti
816 4476 858 4524 uti
879 4475 947 4525 iusti
968 4473 1022 4524 cibi
1044 4471 1122 4523 liberi
1145 4473 1304 4538 &redeoque

208 4563 277 4620 m,
300 4567 325 4613 et
346 4561 529 4630 impetrarunt
553 4560 621 4627 (niv.
641 4561 784 4624 xxxviii,
808 4559 861 4624 36).
899 4560 952 4614 Cic.
971 4576 1021 4628 pro
1044 4559 1113 4612 Sest.
1132 4558 1158 4623 4,
1187 4560 1203 4611 9
1228 4559 1303 4612 illam
