2948 5206
690 258 755 322 343

170 448 274 516 citaret
294 428 408 533 quinto
431 450 616 529 Oxoniensi,
648 469 679 528 a,
708 453 764 517 ubi
793 457 843 517 est
865 474 964 517 maim
986 461 1020 517 ai
1042 455 1169 529 tantari,
1203 454 1318 519 litteris

165 557 281 639 repetitis.
325 557 513 623 Proximum
548 578 667 623 nomen
701 558 823 623 tribuni
854 558 1000 623 militaris
1030 562 1225 625 constituere
1252 580 1318 626 non

162 682 272 743 pomum.
316 663 382 728 Sed
404 664 502 746 paulo
525 668 600 746 post
622 683 663 727 ex
686 664 756 728 cod.
781 664 883 729 Paris.
910 662 1041 747 .(Herv.)
1070 670 1104 730 et
1130 666 1318 748 vulgaribus

156 769 330 835 reducendus
354 774 403 836 est
425 774 519 835 vetus
548 770 722 834 verborum
747 770 841 835 ordo:
877 791 939 834 aaa
967 773 1067 835 salam
1096 772 1239 856 Capuam
1270 794 1318 836 aa·
1393 750 1399 765 ⁸

89 916 92 929 ι
152 877 236 954 arma,
256 895 313 958 pro
337 896 402 959 quo
425 877 563 942 Orellius
587 878 741 942 eBernn.
766 883 798 942 et
821 879 924 958 Naug.
949 879 1064 944 edidit:
1088 900 1151 943 aaa
1176 879 1319 963 Capuam

146 982 231 1046 alm
249 1004 313 1047 am.
353 983 439 1048 Male
461 984 623 1049 divellitur
648 985 791 1068 Capuam
814 988 928 1063 amira,
954 986 1042 1067 quod
1064 1006 1165 1051 unum
1189 966 1318 1051 contra·

143 1088 221 1153 rium
237 1089 365 1171 ponitur
388 1089 481 1155 alteri
504 1087 697 1173 membro.¹)
1248 1091 1250 1095 ’

223 1195 252 1261 C.
272 1197 304 1273 4,
331 1196 372 1261 10
396 1197 595 1275 certioribus,
627 1218 726 1280 quam
751 1199 873 1263 facturn
898 1204 958 1277 est,
993 1198 1193 1281 argumentis
1216 1198 1319 1262 refelli

137 1296 230 1365 debet
266 1303 405 1385 vulgata
434 1303 615 1386 -scripturae
657 1305 802 1387 pravitas
845 1304 1131 1386 commendarique
1170 1304 1320 1368 Lambini
1426 1349 1431 1359 ·

137 1408 230 1472 amici
249 1408 432 1474 coniectura
455 1411 487 1473 in
510 1410 561 1474 his
585 1411 708 1475 verbis:
732 1413 827 1474 recito
849 1414 1033 1476 memoriam
1050 1411 1215 1495 persancti
1231 1413 1320 1494 peri·

133 1514 211 1594 cult,
223 1515 477 1598 pradicationem
501 1517 690 1600 amplissimi
713 1518 860 1601 beneficii,
895 1519 991 1581 aicam
1019 1517 1119 1601 officii
1141 1518 1319 1601 prasentia,

132 1621 332 1685 testimoniam
358 1624 518 1705 prataria
546 1626 703 1706 tempor-is,
738 1626 772 1688 in
807 1625 924 1707 quibus
960 1624 1038 1688 illud
1073 1625 1168 1687 aicam
1203 1623 1320 1688 adver·

132 1718 257 1791 bialiler
277 1727 350 1806 dici,
374 1730 411 1791 ut
434 1728 476 1793 sit
499 1729 584 1793 idem
609 1750 648 1794 ac
665 1751 727 1813 pro
752 1732 802 1794 vel
822 1732 895 1809 loco,
920 1751 1027 1813 neque
1043 1731 1177 1811 reliqua,
1201 1731 1320 1812 quibus

131 1829 324 1916 adiumitur,
364 1820 585 1912 substantiis,
626 1857 699 1918 quae
735 1838 987 1919 appellationem
1022 1838 1165 1919 aliquam
1183 1836 1321 1923 decreti

132 1932 259 2017 habent,
291 1942 471 2023 patiuntur,
505 1961 566 2006 nec
596 1942 659 2007 dici
691 1947 799 2024 potest
829 1946 963 2008 recitare
992 1943 1115 2028 aliquid
1138 1944 1233 2005 vicem
1257 1943 1320 2006 ali-

133 2046 233 2123 cuia,
259 2047 462 2112 substantive
485 2052 596 2112 autem
620 2049 752 2131 intelligi
777 2052 872 2114 aiaam
896 2050 996 2131 officii
1013 2050 1190 2133 praesentis,
1220 2051 1257 2113 ut
1279 2048 1320 2112 sit

134 2143 190 2226 id,
205 2153 279 2234 quod
300 2173 361 2236 pro
384 2154 491 2219 officio
514 2155 667 2236 praesenti
690 2156 917 2232 substituatur,
950 2175 1028 2219 usus
1051 2154 1204 2236 loquendi
1227 2173 1320 2236 pror·

135 2269 198 2318 sus
212 2260 363 2339 prohibet,
402 2263 458 2342 qui
486 2261 574 2342 apud
603 2262 790 2326 Ciceronem
821 2282 863 2326 ne
892 2261 1046 2344 praemitti
1069 2260 1199 2342 quidem
1223 2249 1320 2325 voca·

136 2354 356 2430 humatam
384 2366 525 2448 genitivo
558 2367 649 2444 sinit;
684 2387 725 2432 ne
761 2369 877 2446 dicam,
912 2387 1045 2449 prorsus
1064 2367 1320 2433 ,incommodam
1333 2385 1374 2424 us

137 2460 220 2534 hanc
237 2490 305 2537 esse
328 2473 450 2537 decreti
480 2473 742 2555 appellationem,
778 2475 862 2538 inter
891 2460 953 2538 ista
982 2475 1173 2555 praesertim,
1208 2494 1319 2537 mamo-

142 2573 227 2651 riam
246 2579 515 2662 pradicationem,
544 2582 762 2656 testimoniam,
795 2581 1007 2655 interiectam,
1044 2600 1108 2668 qua
1131 2601 1206 2657 non,
1242 2580 1321 2662 quid

142 2677 197 2757 Sit
213 2686 260 2749 sed
282 2688 381 2750 cuius
397 2685 467 2750 loco
491 2685 542 2762 sit,
567 2687 773 2768 significetur.
809 2687 933 2751 Deinde
945 2687 1004 2768 qui
1020 2687 1090 2750 haec
1114 2682 1340 2768 interpretari'

145 2786 267 2867 student,
290 2797 327 2857 ut
350 2792 480 2870 Bakius,
498 2796 668 2875 prmscatis
691 2793 733 2858 ad
750 2794 856 2858 locum
872 2794 1027 2871 referunt,
1053 2813 1152 2875 quum
1170 2796 1320 2874 apertum
1366 2831 1368 2834 ·

89 2978 92 2997 Ι
147 2887 197 2968 Sil
217 2899 251 2962 ad
271 2904 401 2981 tempus
424 2899 546 2978 referri,
572 2901 769 2963 contrarium
795 2902 834 2977 ei,
864 2900 952 2982 quod
975 2901 1131 2980 sequitur,
1164 2901 1321 2983 praeteriti

151 2998 280 3083 t‘liparia
326 3005 387 3070 His
410 3008 561 3072 omnibus
585 3006 798 3070 incommodis
823 3007 972 3071 medetur
990 3007 1153 3070 lenissima
1171 3006 1319 3070 Lambini

155 3111 310 3176 enudatio
333 3111 471 3195 (vacem),
507 3132 607 3194 quam
637 3111 775 3176 Orellius
804 3133 868 3176 non
899 3117 985 3177 recte
1009 3115 1055 3176 ita
1078 3113 1319 3194 interpretatur,

158 3214 190 3273 ΠΙ
204 3216 281 3295 plane
304 3219 398 3284 tollat
427 3220 490 3283 vim
522 3218 612 3282 verbi
630 3221 800 3301 praesentis
823 3220 1125 3301 oppositionemque
1149 3222 1347 3299 praesentis,

160 3315 239 3401 officii,
269 3326 423 3407 praeteriti
452 3325 638 3390 testimonii.
690 3324 858 3390 Sententia
888 3325 1127 3407 simplicissima
1158 3328 1222 3389 est:
1259 3346 1321 3389 vox

89 3495 97 3517 Ι,
164 3425 239 3491 &tin
257 3430 314 3495 isto
344 3432 476 3502 decreto
506 3439 537 3495 et
570 3431 670 3495 verba
702 3432 799 3496 officii
830 3431 1000 3513 praesentis
1032 3430 1133 3512 (quod
1163 3435 1321 3513 praestant

90 3582 100 3604 .‹
166 3522 285 3615 Campani
325 3538 396 3620 ipso
437 3538 568 3602 decreto
608 3535 723 3617 facto),
764 3538 822 3601 sed
862 3538 1084 3602 testimonium
1125 3541 1175 3602 est
1214 3541 1320 3602 totuin

98 3670 104 3677 ·
168 3643 280 3708 lreteriti
312 3643 480 3724 temporis.
538 3643 709 3725 Eleganter
748 3666 807 3707 aaa
849 3648 881 3708 et
920 3646 1128 3707 testimoniam
1167 3645 1250 3707 inter
1285 3664 1320 3707 se

90 3762 108 3795 ρ
169 3738 317 3813 ltiemniur,

90 3942 94 3947 Ι
229 3852 255 3916 C.
275 3856 303 3931 5,
329 3857 381 3933 12,
411 3876 511 3938 quum
536 3857 605 3920 eius
628 3857 807 3938 scripturae,
843 3876 916 3936 quae
946 3857 978 3919 in
1008 3855 1225 3920 Bernensibus
1255 3859 1319 3919 est:

90 3966 96 3971 '
171 3957 277 4032 illidam
298 3963 475 4026 Romanam
501 3999 539 4007 -
566 3963 767 4044 lucrifacite
790 3984 859 4025 arira
884 3964 1076 4025 maiestatem
1101 3983 1192 4025 saam
1215 3961 1318 4045 aima·-

108 4137 111 4143 ,
175 4056 236 4122 tom
253 4086 358 4150 arruns,
391 4071 446 4154 qai
473 4070 606 4133 salmam
634 4062 825 4132 cantuariae-m
842 4070 986 4150 pericula
1014 4089 1069 4131 sao
1099 4067 1320 4149 defo-adissent,

176 4165 268 4247 lssfig‘u
287 4176 381 4239 etiarn
405 4175 441 4246 in,
461 4176 564 4239 altera
588 4175 736 4239 codicum
760 4175 885 4238 familia
909 4176 1008 4239 luisse
1027 4175 1208 4249 videantur,
1233 4174 1322 4236 velut

178 4259 251 4336 nm,
266 4276 393 4358 luntina,
422 4301 482 4345 nec
511 4302 550 4345 ea
578 4281 652 4346 oriri
682 4281 824 4362 potuerit
852 4282 1076 4364 exscriptum
1105 4281 1223 4344 codicis
1247 4280 1321 4343 Par.

90 4473 95 4505 ζ
199 4485 214 4554 ¹)
225 4493 262 4561 [Dr
275 4510 400 4567 codicibus
419 4512 549 4580 deceptus
568 4508 651 4576 sum]
