2956 5190
739 310 806 376 460

173 510 292 591 logiam
305 508 393 572 faeta
409 526 480 571 esse
496 526 631 581 amasso,
655 507 783 583 levasso,
808 508 926 571 cetera.
961 505 1073 569 Minus
1091 505 1162 569 iam
1178 504 1241 569 erit
1254 505 1357 573 minam

172 613 360 679 huiusmodi
383 619 536 678 conatum
560 613 695 677 cessisse
718 612 780 676 levi
804 614 875 677 soni
898 612 1133 694 repugnantiae
1157 613 1193 676 in
1207 611 1247 676 iis
1264 612 1359 679 rethia

174 742 247 803 quae
270 721 401 802 proprie
425 720 550 783 exirent
572 720 606 783 in
629 720 642 781 i
664 720 821 784 vocalem.
831 714 857 801 ¹)

261 827 334 891 Dixi
357 828 422 891 iam
447 827 577 908 saepius,
601 827 663 891 hoc
687 825 832 890 futurum
850 825 893 890 ab
910 825 1001 890 initio
1018 824 1168 907 simplex
1184 823 1294 897 fuisse,
1312 844 1362 889 um
1406 862 1409 885 .

173 937 336 998 exactum.
382 933 412 997 ls
434 936 548 996 tamen
571 951 650 996 usus
674 934 707 997 in
730 952 796 997 uno
824 933 982 997 remansit
1010 930 1130 1008 verbo,
1166 930 1259 1014 foco,
1291 931 1364 995 euius

172 1042 218 1105 ita
249 1041 346 1123 positi
377 1038 466 1120 apud
494 1039 648 1103 Plautum
679 1041 711 1103 et
744 1039 935 1103 Terentium
966 1038 1041 1120 plus
1073 1056 1185 1120 quam
1215 1037 1365 1120 sexaginta

171 1150 248 1211 sunt
283 1146 448 1228 exempla;
484 1145 572 1227 apud
606 1144 775 1209 interiores
810 1146 983 1227 scriptores
1011 1144 1113 1209 aliter
1142 1144 1289 1226 positum
1315 1164 1366 1209 nor

151 1253 305 1343 ,reperiri
341 1251 414 1332 (nisi
449 1251 538 1333 apud
573 1251 698 1315 Livium
734 1252 767 1316 in
801 1250 1003 1333 antiquitatis
1031 1250 1251 1333 imitatione),
1284 1270 1366 1333 supra

172 1359 254 1436 dixi3
288 1378 349 1422 neo
384 1357 514 1423 diiiicile
550 1361 600 1422 est
634 1358 677 1423 ad
710 1357 952 1436 inveniendum,
988 1376 1047 1422 cur
1078 1356 1146 1422 hoc
1176 1358 1366 1439 potissimum

172 1464 385 1547 vulgatissimi
416 1485 495 1529 usus
525 1465 664 1529 verbum
695 1464 960 1546 significationem
994 1464 1174 1545 antiquam
1199 1459 1367 1543 servarit.¹)

130 1587 157 1628 re
170 1570 295 1635 Praeter
316 1570 396 1652 faxo
419 1590 522 1635 unum
545 1571 634 1653 apud
649 1571 802 1635 Plautum
819 1571 947 1635 invenio
962 1570 1061 1634 huius
1077 1570 1216 1652 generis
1238 1570 1366 1635 futuram

170 1678 308 1761 simplex
332 1678 430 1760 idque
453 1679 486 1742 in
509 1679 623 1760 primae
648 1677 881 1761 coniugationis
904 1676 1016 1754 verbo,
1040 1676 1245 1755 Poenu1.1v,
1269 1677 1299 1754 2,
1321 1676 1366 1740 66:

259 1838 435 1919 Nunquam
460 1838 575 1919 edepol
599 1837 745 1903 mortalis
770 1838 942 1919 quisquam
965 1836 1022 1901 fiet
1045 1856 1065 1901 e
1089 1856 1147 1901 me
1173 1837 1303 1913 certior,

259 1944 327 2009 Nisi
362 1944 442 2009 hero
477 1965 551 2009 meo
586 1946 642 2008 uni
677 1944 849 2021 indicasse,
885 1947 982 2024 atque
1018 1943 1058 2007 ei
1085 1962 1236 2025 quoque,
1270 1946 1305 2007 ut
1334 1962 1366 2006 ue

1127 2051 1291 2125 enuntiet,

259 2156 339 2221 Esse
362 2157 395 2221 id
418 2157 544 2222 facinus
569 2177 609 2221 ex
632 2161 664 2222 te
689 2160 849 2222 exortum.

169 2315 382 2398 Perspicuum
407 2321 456 2381 est
479 2317 576 2396 enim,
612 2317 772 2400 particula
795 2317 868 2395 nisi,
903 2318 940 2380 ut
971 2314 1166 2397 saepissime,
1203 2335 1272 2381 non
1298 2334 1365 2379 oon·

88 2504 92 2510 ,
170 2422 340 2500 dicionem,
376 2423 435 2487 sed
464 2423 688 2506 exceptionem
716 2423 862 2500 indicari,
897 2426 934 2487 ut
962 2424 1018 2487 sit:
1053 2429 1180 2486 tontum
1211 2422 1288 2487 lem
1309 2439 1365 2485 ree

169 2530 326 2594 eradicato.
373 2530 438 2594 Sed
470 2550 512 2594 ne
541 2529 621 2611 faeo
652 2530 784 2611 quidem
816 2533 908 2594 extra
936 2530 1077 2612 primam
1109 2548 1291 2611 personam
1317 2548 1364 2593 us·

170 2657 270 2718 quarn
293 2637 339 2700 sic
361 2637 504 2718 positum
521 2638 646 2719 legitur,
672 2644 702 2701 et
720 2637 808 2719 apud
824 2640 950 2699 veteres
966 2636 1037 2700 illos
1053 2633 1214 2717 siirgulari
1231 2635 1362 2717 quadam

169 2743 304 2807 ratione.
352 2743 488 2825 Semper
512 2745 598 2807 eninr
623 2743 715 2807 alteri
739 2743 848 2807 tuturo
876 2742 1041 2806 indicativi
1069 2742 1162 2807 verbi
1192 2743 1300 2825 ipsum
1322 2741 1362 2806 et·

170 2851 291 2914 lectum
314 2850 487 2914 indicantis
511 2869 551 2913 ex
575 2870 669 2931 aequo
692 2850 893 2932 adiungitur:
926 2848 1024 2929 loeo,
1048 2850 1136 2927 scies,
1166 2850 1215 2913 ita
1240 2852 1276 2913 ut
1297 2847 1362 2912 reli·

168 2976 242 3038 quae
265 2958 421 3021 orationis
445 2960 616 3021 structurae
640 2956 852 3021 interiieiatur
874 2957 945 3020 haec
967 2954 1144 3019 affirmatio
1165 2956 1362 3038 propriaque

167 3064 201 3126 in
224 3083 259 3126 re
284 3063 454 3128 efficienda
477 3083 586 3144 operae
609 3063 751 3128 testatio.
787 3063 852 3127 Sed
875 3061 963 3144 quod
985 3080 1116 3143 semper
1140 3061 1174 3126 id
1196 3062 1269 3127 fieri
1286 3062 1359 3127 dico.

176 3222 433 3230 ...ψ-...ῳ

197 3325 216 3391 Ι)
236 3328 275 3381 Ne
294 3327 322 3380 in
341 3329 373 3381 iis
392 3329 502 3396 quidem
523 3328 621 3389 verbis,
640 3345 702 3397 quae
720 3347 738 3381 u
758 3333 908 3382 extremam
928 3328 1031 3381 liabent
1045 3329 1205 3393 radicalem,
1225 3330 1312 3384 ullum
1325 3334 1360 3381 es

238 3417 381 3485 vestigium
401 3418 558 3471 huiusmodi
577 3418 674 3481 iuturi;
704 3418 731 3470 in
760 3418 792 3470 iis
819 3423 921 3481 tamen,
949 3434 1010 3485 quae
1039 3423 1069 3471 ut
1097 3421 1192 3471 elmi
1214 3418 1316 3471 cadunt
1337 3416 1360 3469 in

238 3506 384 3574 praeterito,
412 3512 519 3575 poterat
542 3507 601 3559 sine
624 3506 707 3559 dubio
731 3522 798 3559 esse.
836 3503 928 3573 [Quod
946 3506 1092 3559 Muellerus
1115 3506 1144 3560 in
1165 3507 1303 3576 supplem.
1320 3520 1360 3559 an·

237 3601 293 3649 not.
312 3597 345 3648 ad
366 3596 435 3649 Fest.
455 3596 490 3648 ad
509 3612 535 3663 p.
554 3594 605 3645 351
626 3592 699 3660 (tene
718 3592 835 3662 apotesia)
854 3595 925 3648 hanc
944 3596 1061 3648 formam
1081 3595 1108 3647 in
1129 3595 1162 3648 iis
1182 3596 1275 3649 verbis
1294 3610 1360 3664 repe

237 3684 283 3736 riri
303 3689 392 3752 negat,
412 3700 529 3752 quorum
549 3683 646 3736 ultima
665 3683 791 3736 radicalis
808 3680 912 3751 liquida
932 3683 974 3748 sit,
994 3700 1059 3736 casu
1074 3684 1179 3737 factum
1194 3689 1273 3753 puto,
1293 3690 1321 3737 ut
1338 3683 1361 3735 iu

236 3790 252 3823 r
271 3775 347 3825 auti
366 3773 442 3825 nulla
465 3772 520 3825 sint
544 3772 682 3840 exempla:
712 3772 779 3825 nihil
808 3772 881 3825 enirn
909 3772 996 3840 magis
1023 3772 1087 3826 huic
1114 3773 1213 3826 formae
1241 3772 1362 3827 obstabat

237 3878 320 3928 quam
340 3861 380 3925 iis,
400 3877 461 3929 quae
480 3861 588 3914 usitatae
606 3866 679 3924 sunt,
699 3878 804 3928 cursus,
819 3863 927 3928 peleus.
956 3862 990 3913 M
1005 3865 1032 3913 et
1050 3879 1069 3913 n
1087 3861 1161 3934 apud
1182 3861 1297 3915 Latinos
1311 3875 1362 3913 mu·

237 3954 327 4002 tarum
347 3955 475 4003 naturam
495 3947 617 4016 habent]

194 4034 215 4103 ²)
234 4037 272 4090 Ne
291 4039 335 4091 cui
355 4039 423 4092 sorte
443 4038 470 4091 iu
490 4044 612 4092 mentem
632 4039 724 4091 veniat
749 4042 854 4107 putare,
881 4040 949 4105 foco
973 4038 1023 4092 hac
1047 4053 1165 4106 persona
1189 4042 1302 4092 tantum
1320 4052 1364 4106 pro

236 4126 329 4181 tuturo
348 4127 464 4195 simplici
482 4127 603 4196 reperiri,
623 4143 687 4189 nou,
707 4133 738 4181 ut
756 4133 855 4193 cetera,
875 4144 924 4196 pro
943 4132 1047 4191 exacto,
1071 4126 1192 4194 indeque
1212 4130 1365 4180 comment·

235 4222 392 4281 nascautur,
421 4217 546 4284 exempla
570 4216 697 4269 Plautina
719 4216 859 4270 indicabo:
888 4216 1046 4270 Menaechm.
1067 4215 1086 4279 l,
1110 4213 1136 4279 2,
1161 4213 1196 4266 47
1224 4221 1252 4270 et
1270 4213 1365 4269 Bacch.

236 4303 279 4367 lV,
299 4306 324 4369 8,
346 4305 360 4356 7
380 4304 430 4371 (Ni
446 4307 523 4358 illum
541 4307 719 4359 exanimalem
736 4308 812 4374 faxo,
832 4309 858 4359 si
870 4323 1021 4373 concessero,
1041 4307 1100 4357 nice
1112 4307 1272 4358 cthdm
1282 4308 1366 4372 fecero

236 4395 297 4445 citoe
315 4393 390 4459 auo).
419 4394 472 4447 Sed
491 4393 598 4447 infinita
616 4394 644 4447 in
663 4394 803 4448 comoediis
821 4395 927 4448 occasio
946 4400 987 4448 est
1006 4393 1191 4463 promittentis
1216 4399 1245 4448 et
1264 4393 1366 4447 minau-

238 4479 271 4531 tis
290 4481 412 4535 oratione
431 4484 538 4543 utendi;
563 4482 657 4552 prirnae
681 4499 804 4551 personae
828 4484 913 4538 futuri
936 4482 1024 4537 exacti
1048 4482 1123 4536 verbi
1149 4487 1208 4535 tam
1234 4480 1367 4552 generalis

237 4568 324 4621 inulto
343 4570 431 4624 canus
449 4572 525 4626 loeus
544 4577 610 4626 erat.
