2956 5190
707 364 773 430 390

142 557 262 623 ironice
283 557 405 640 fingere
430 558 572 641 aliquam
596 578 691 642 paene
715 560 969 637 excusationem,
993 559 1095 642 quasi
1114 560 1310 643 probabilia·

141 666 229 730 tione
252 665 351 731 homo
374 666 407 729 in
431 684 504 730 earn
529 665 680 730 fraudem
703 664 861 744 inciderit,
896 666 1016 731 deinde
1047 665 1163 732 subito
1191 686 1311 735 conraa

142 772 288 837 oratione
310 791 441 854 negare,
471 772 645 855 quicquam
670 791 783 837 eorum
807 791 889 836 csse.
934 772 1005 837 lam
1029 772 1216 852 videamus,
1243 794 1312 857 quaa

141 877 184 942 ad
207 878 292 943 hanc
315 877 454 943 formam
479 881 588 943 cetera
611 881 691 961 apta
721 878 795 943 sint.
841 877 973 944 Leniter
1001 898 1075 945 rem
1106 880 1314 963 ingrediturat

141 985 278 1049 sensim:
307 984 496 1063 „Familiam
519 985 756 1068 gladiatoriam,
779 984 886 1063 credo,
911 988 1030 1051 nactus
1053 988 1120 1066 est,
1143 986 1313 1070 pulchram*

141 1089 226 1169 Quid
260 1093 352 1155 tum?
401 1092 521 1168 „Norat
554 1092 666 1174 populi
700 1091 837 1156 studia!¹
898 1089 984 1169 Quid
1026 1091 1172 1159 deinde?
1221 1094 1317 1173 ,llam

98 1232 101 1237 ·
141 1197 250 1279 gloriae
273 1196 410 1280 cupidus
433 1203 545 1263 tenere
568 1218 604 1264 se
632 1218 699 1264 non
728 1196 835 1280 potuit
857 1198 937 1262 cet*
986 1196 1070 1263 Haec
1102 1218 1192 1265 nunc
1218 1206 1319 1284 portur

87 1316 127 1358 ωε
140 1302 200 1368 bat
221 1304 341 1369 rustice
364 1306 476 1369 statim
498 1305 639 1388 positum
673 1308 773 1388 caput
802 1304 964 1386 responsi:
1000 1303 1074 1369 Iata
1106 1307 1211 1373 nimia
1237 1308 1320 1394 picria

141 1410 322 1494 cupiditate.
368 1410 473 1477 Credo
496 1411 593 1493 igitur
615 1411 827 1477 manifestum
850 1430 932 1489 esse,
963 1409 1162 1478 Ciceronem
1185 1414 1253 1480 haec
1270 1419 1322 1480 tan

140 1520 211 1580 tum
239 1517 421 1600 scripsisse:
459 1552 501 1563 --
535 1526 601 1582 tam
628 1517 865 1602 intemperans?
898 1515 1077 1581 Familiam
1106 1520 1322 1605 pladiatoriaa,

141 1623 243 1706 credo,
277 1627 550 1701 commearet,
585 1624 712 1707 reliqua
741 1626 774 1689 in
797 1627 922 1689 textum
946 1623 1123 1707 irrepsisse
1148 1646 1191 1691 ex
1212 1631 1323 1693 annota-

133 1729 229 1794 tione
253 1729 363 1812 aliqua
386 1731 601 1808 scholastica,
634 1750 699 1813 qua
723 1731 839 1813 aliquis
862 1730 927 1794 vim
951 1730 1050 1795 huius
1075 1732 1213 1799 ironicae
1234 1754 1323 1799 nana·

34 1824 37 1830 ’
140 1836 237 1902 tionis
260 1839 402 1902 breviter
425 1838 613 1921 complexus
636 1838 678 1901 sit
701 1837 744 1902 ad
768 1837 908 1902 formam
931 1838 1081 1920 responsi
1101 1839 1324 1925 interrogation

140 1944 288 2009 subiecti.
332 1944 448 2025 Neque
476 1943 561 2007 hanc
589 1942 807 2026 suspicionem
835 1948 958 2008 temere
990 1944 1135 2028 confingi
1166 1946 1208 2012 de
1238 1946 1325 2013 codice

141 2054 318 2134 archetypo
341 2050 438 2115 huius
462 2048 627 2131 orationis,
652 2052 731 2115 satis
754 2050 820 2115 iam
844 2049 959 2132 opinor
981 2069 1087 2132 supra
1111 2071 1188 2116 esse
1212 2053 1325 2119 demon

140 2162 292 2223 stratum.

229 2263 352 2329 Eodem
369 2262 484 2345 capite,
509 2260 527 2344 ἓ
546 2262 619 2341 135,
643 2263 765 2329 editur:
791 2264 888 2344 Quam
910 2283 973 2327 noa
996 2270 1063 2327 tam
1080 2262 1240 2345 admiror,
1261 2262 1325 2351 qaod

140 2392 242 2434 meam
264 2371 360 2455 lcqa'm
388 2377 571 2451 contemnat,
606 2369 742 2434 hominis
771 2371 903 2453 inimici,
937 2390 1033 2456 qaam
1064 2369 1153 2455 quod
1183 2392 1217 2436 ae
1237 2371 1325 2435 aaut
1364 2406 1366 2449 ÷

140 2479 265 2542 omnino
298 2479 494 2542 consularem
528 2478 624 2562 leqem
658 2477 778 2540 nullam
808 2484 935 2561 putare.
982 2476 1162 2542 Manifesta
1195 2478 1324 2543 vitiosam

141 2585 399 2648 coniunctionem
428 2582 624 2667 (contemnat,
654 2582 786 2675 statuit),
818 2583 851 2647 in
879 2603 945 2665 qua
973 2583 1061 2648 solus
1085 2586 1225 2651 offendit
1246 2587 1323 2651 Lan·

141 2690 246 2770 binuS,
282 2690 478 2756 Garatonius
508 2691 555 2755 ita
585 2690 740 2769 defendit,
776 2694 813 2754 ut
842 2690 1023 2772 perfectum
1052 2694 1167 2757 statuit
1190 2690 1322 2776 praesenti

140 2797 254 2863 subiici
277 2817 373 2880 posse
397 2797 528 2874 doceat3
563 2797 674 2879 itaque
708 2816 750 2861 ne
785 2796 865 2861 vidit
899 2796 1041 2879 quidem,
1077 2799 1112 2862 in
1145 2800 1245 2864 modo
1269 2798 1322 2863 sine

140 2924 240 2969 causa
263 2905 389 2969 variato
417 2903 532 2967 vitium
561 2923 650 2979 esse;
686 2923 760 2967 eam
793 2906 906 2993 tamen
941 2902 1166 2970 defensionem
1204 2904 1320 2970 Orellius

38 3044 41 3049 ·
139 3011 278 3094 repetiit.
335 3011 401 3075 Sed
435 3011 529 3075 codd.
561 3008 659 3091 (Pan,
691 3010 787 3074 Bern.
811 3007 875 3092 pr.)
906 3011 1030 3074 habent
1060 3020 1261 3097 contempnat,
1290 3028 1319 3074 er

139 3137 204 3199 quo
226 3137 291 3182 non
315 3117 422 3181 minus
447 3116 540 3181 facile
563 3120 688 3181 rectum
717 3119 883 3181 cmrtemm't
909 3118 946 3180 fit
973 3137 1073 3199 quam
1101 3139 1241 3202 pravum
1267 3137 1318 3181 aaa·

138 3232 256 3288 temnat
271 3223 372 3307 (quod
387 3225 452 3288 iam
469 3224 502 3287 in
518 3223 614 3288 Bern.
631 3224 651 3287 2
668 3220 741 3303 est).
777 3223 842 3289 Sed
870 3227 1029 3306 praeterea
1053 3225 1141 3290 idem
1166 3225 1220 3290 ille
1241 3226 1318 3289 Lan·

139 3330 234 3394 binus
257 3331 346 3395 solus
370 3330 610 3407 animadvertit,
639 3350 705 3394 non
735 3328 797 3394 dici
820 3330 934 3395 Latine
958 3332 1068 3394 statuit
1090 3353 1123 3396 ee
1146 3333 1255 3414 facere
1273 3347 1317 3412 pro

139 3458 187 3514 eo,
220 3437 307 3519 quod
336 3440 386 3501 est
412 3438 522 3500 statuit
548 3436 665 3518 facere.
711 3437 825 3518 ltaque
848 3458 880 3500 se
903 3437 1032 3501 delevit.
1078 3438 1148 3503 Nec
1172 3437 1316 3503 meliorem

138 3542 317 3625 corrigendi
353 3543 513 3607 rationem
548 3545 731 3626 excogitare
766 3563 910 3625 possum.
957 3544 1041 3608 Nam
1077 3548 1114 3609 at
1149 3545 1315 3610 Ciceronem

138 3650 256 3715 dixisse
280 3654 407 3732 putem:
438 3652 483 3714 cic
505 3652 624 3732 statuit,
649 3651 774 3713 ammae
797 3651 992 3715 consularem
1015 3652 1113 3736 leqcm
1137 3652 1256 3716 nullam
1270 3669 1316 3733 pu·

137 3764 215 3834 tare,
251 3756 454 3821 abundantia
481 3757 625 3838 quadam
653 3757 831 3839 particulae‚
867 3776 940 3838 quae
970 3760 1127 3840 sequente
1152 3755 1316 3823 accusativo

137 3883 211 3927 cum
235 3862 392 3926 infinitivo
417 3863 568 3945 frequens
596 3867 655 3942 est,
692 3865 745 3928 vix
773 3864 928 3928 adducor.
976 3861 1054 3945 (Cir.
1084 3868 1198 3929 tamen
1225 3864 1316 3929 Planc.

137 3970 169 4033 in
192 3989 243 4051 ep.
268 3969 311 4033 ad
334 3969 425 4033 Fam.
446 3970 485 4047 X,
510 3970 540 4046 8,
565 3970 600 4033 6:
637 3969 690 4034 Ita
713 3991 783 4034 sam
806 3972 912 4034 animo
930 3977 1080 4053 paratas,
1116 3973 1164 4035 vel
1187 4006 1230 4018 -
1251 3966 1317 4034 tma'

137 4073 212 4158 cet.)
270 4073 357 4157 [Duo
389 4075 452 4139 alia
483 4076 633 4157 exempla
650 4076 776 4141 ¹addidi
807 4077 850 4141 ad
881 4078 947 4142 Cic.
977 4077 1018 4142 de
1047 4077 1140 4141 Finn.
1165 4078 1203 4156 ΙΙ,
1231 4077 1260 4153 4,
1288 4073 1318 4137 13

136 4204 167 4263 p.
195 4183 257 4248 158
281 4203 352 4265 sqq.
377 4182 428 4246 ed.
453 4179 500 4264 3.]
547 4181 625 4246 Cod.
650 4186 761 4247 tamen
785 4183 860 4247 Par.
884 4185 921 4262 si,
946 4203 1012 4248 non
1036 4205 1078 4248 se.

225 4286 259 4350 C.
277 4286 329 4363 67,
357 4288 419 4353 140
435 4309 532 4371 cogor
547 4293 713 4371 sumptam
738 4310 755 4354 e
778 4290 871 4355 codd.
897 4291 1034 4355 fortasse
1058 4289 1213 4355 omnibus
1236 4288 1322 4372 (certe

81 4416 120 4456 aa
135 4391 209 4456 Par.
234 4397 267 4456 et
290 4393 422 4477 Bernn.)
455 4397 497 4459 ab
529 4395 649 4461 Orellio
678 4398 872 4479 scripturam
902 4402 1098 4479 postponere
1122 4399 1235 4471 veteri,
1268 4412 1323 4459 una

135 4497 168 4561 in
191 4498 297 4564 littera
322 4501 528 4585 discrepanti.
575 4503 683 4568 Edidit
707 4504 808 4568 enim:
837 4525 920 4568 arras
942 4505 975 4566 in
1000 4503 1059 4567 iac
1082 4500 1219 4587 civitate,
1247 4522 1324 4590 quem

135 4605 261 4689 quidem
284 4628 337 4691 eqo
354 4631 509 4693 possum
533 4610 646 4692 dicere,
676 4611 835 4697 praeclare
863 4613 914 4674 vir
942 4610 981 4673 de
1004 4631 1091 4694 rep.
1116 4613 1259 4693 maritus,
1292 4606 1326 4673 L.
