2956 5190
656 283 721 348 328

88 474 235 539 Primum
259 477 347 540 enim
370 477 404 540 in
426 477 671 543 nulloomnino
695 481 745 543 est
767 477 893 554 codice;
923 496 1006 543 nam
1029 477 1066 543 in
1089 478 1156 544 cod
1174 478 1251 549 Senti
1308 492 1317 535 t

89 581 225 647 Victoris
250 585 321 647 erat
343 582 520 666 referretur
542 584 695 667 idemque
718 584 752 649 in
770 585 1013 651 oxoniensibus
1036 582 1254 668 omnibue¹),‘!
1311 602 1317 661 ς

89 688 192 754 Paris.
225 688 420 772 referiretur,
444 690 478 754 in
507 691 573 757 Eri.
598 698 630 755 et
653 691 750 756 Bern.
778 694 918 774 utroque
939 690 1141 774 reficerem
1171 692 1256 761 Μή
1315 710 1317 722 ·

89 797 249 861 memoria
272 798 474 880 affectusque
496 798 641 863 refricari
665 797 831 874 dicuntum
853 816 924 863 rem
941 799 1067 880 ipsam,
1091 798 1258 867 numian-

89 906 184 967 vetur
206 905 375 981 memoria,
399 903 545 969 refricari
568 906 641 984 dici,
665 924 731 969 non
755 908 807 969 est
828 907 965 969 certum.
1002 904 1054 969 Ex
1077 905 1184 972 alteris
1202 906 1258 973 dm

90 1009 152 1074 bus
176 1011 343 1092 scripturis
367 1010 557 1092 exquisitior
579 1011 682 1076 videri
704 1011 808 1093 possit
829 1010 1027 1094 referretur3
1056 1012 1120 1077 sed
1141 1012 1173 1077 id
1190 1013 1260 1096 spi

90 1115 212 1195 ficeret,
237 1117 376 1182 eandem
399 1117 518 1181 iterum
542 1117 689 1183 fabulam
714 1119 776 1200 agi,
800 1130 871 1182 rem
893 1117 1038 1183 similem
1062 1118 1152 1195 fleri;
1180 1120 1262 1203 itaqu

90 1223 132 1287 de
154 1227 312 1288 renovato
335 1243 486 1289 sermone
508 1225 596 1307 vulgi
619 1224 784 1308 famaque,
813 1244 878 1306 quo
901 1224 1028 1289 tabulae
1050 1244 1174 1301 nomen
1192 1228 1264 1309 perti-

89 1349 168 1395 nere
191 1334 279 1395 recte
302 1334 420 1413 potest,
456 1332 565 1413 aptius
593 1331 656 1396 dici
686 1331 814 1395 videtur
844 1328 1011 1412 reficiendi
1033 1332 1185 1397 verbum.
1221 1332 1265 1397 lir-

90 1438 242 1501 stinctam
266 1437 334 1501 fere
358 1437 688 1520 languescentemque
711 1436 1061 1502 commemorationem
1085 1438 1135 1503 rei
1157 1438 1267 1502 recrerri

90 1542 177 1607 dicit.
213 1543 326 1625 ltaque
349 1545 412 1619 hoc
435 1544 635 1627 praetulerim
659 1547 692 1608 et
715 1562 790 1608 vere
815 1562 959 1608 errorem
982 1544 1110 1609 codicis
1134 1545 1266 1610 Parieiere

90 1650 134 1715 sis
158 1653 339 1715 correctum
364 1651 397 1715 in
420 1651 491 1716 aliis
514 1651 610 1716 codd.
634 1646 824 1733 putarim.²)

179 1756 215 1823 C.
240 1757 292 1835 30,
325 1758 368 1822 72
391 1756 555 1822 Ciceronis
590 1760 694 1822 oratio
729 1777 769 1821 ex
804 1757 915 1822 codice
949 1757 1171 1840 palimpsesto
1202 1757 1270 1823 addi

35 1881 76 1923 roe
89 1868 237 1929 tamento
260 1865 366 1928 inutili
398 1867 534 1928 onerata
566 1868 625 1929 est.
672 1864 756 1929 Nam
787 1863 936 1941 Orellius,
971 1863 1170 1930 Heinrichio
1197 1864 1271 1929 etim

90 1973 234 2049 auctore,
271 1971 387 2035 edidit:
423 1972 475 2034 eui
502 1991 600 2055 neque
621 1972 793 2054 proprium
821 1970 947 2056 quidem
970 1973 1095 2035 eramen
1118 1971 1273 2057 quaeum

90 2077 238 2142 obiicitur
260 2100 316 2142 reec
337 2098 410 2141 cero
434 2077 559 2162 aliquid
588 2077 751 2160 eiusmodi,
786 2078 868 2163 quod
896 2080 937 2143 sit
966 2100 988 2142 a
1015 2079 1086 2164 leqe
1113 2080 1274 2157 mundes,

90 2207 161 2249 crem
195 2193 299 2249 oestro
332 2185 496 2248 seueritate
530 2185 736 2248 coniunctum.
786 2185 916 2267 Reliqui
951 2185 1033 2249 illud
1069 2184 1200 2271 quidem
1228 2202 1276 2249 nou

89 2292 230 2370 habent,
266 2291 356 2374 quod
388 2309 494 2372 neque
530 2294 702 2355 structurae
736 2296 850 2374 aptum
886 2296 936 2357 est
968 2311 1081 2374 neque
1115 2292 1276 2357 sententia
1315 2296 1317 2305 ’

90 2400 175 2463 Nam
199 2400 271 2481 ipsa
294 2397 465 2481 particula,
489 2397 536 2461 rei
559 2398 765 2479 praecedente
789 2399 950 2464 vocabulo
967 2399 1165 2481 significatae
1181 2400 1277 2463 immo·

91 2506 156 2571 rari
187 2506 318 2583 iubens,
355 2525 375 2569 a
404 2505 562 2569 membris
590 2504 745 2569 orationis
781 2505 959 2570 coniunctis
994 2505 1107 2570 aliena
1140 2510 1202 2583 est,
1233 2521 1277 2569 nce
1309 2522 1312 2529 ·

91 2632 231 2694 usquam
260 2614 368 2694 posita
396 2611 442 2676 sic
470 2613 645 2694 reperitur,
682 2611 868 2694 frustraque
904 2612 1044 2677 Orellius
1081 2612 1126 2677 ad
1160 2609 1277 2694 duplio‘s

91 2721 264 2782 structurae
300 2719 522 2783 confusionem
559 2719 712 2800 confugit.
766 2719 890 2783 Deinde
925 2720 971 2783 ita
1005 2719 1088 2783 illud
1124 2719 1276 2794 diceretur,

90 2829 249 2907 tanquam
279 2825 321 2904 id,
358 2825 446 2908 quod
474 2825 537 2890 hoc
563 2825 714 2890 membro
743 2825 1088 2908 comprehenderetur,
1125 2826 1277 2890 minimum

92 2937 194 3008 esset;
219 2933 308 3015 atqui
333 2933 413 2997 nihil
436 2932 522 2996 ultra
545 2932 704 3014 postulari
727 2936 845 3013 potest,
871 2953 970 3015 quarn
993 2936 1030 2996 ut
1054 2934 1190 3015 proprio
1208 2951 1278 3015 que-

92 3094 192 3101 —m
195 3095 250 3100 ---
253 3094 289 3101 ...u
298 3094 358 3100 --....

120 3197 141 3265 ¹)
161 3200 297 3265 Quattuor
316 3199 428 3252 omnino
447 3204 511 3251 sunt
531 3198 558 3251 in
578 3199 629 3252 hee
648 3205 726 3267 parte
745 3198 926 3261 Oxonienses;
955 3214 1020 3251 nam
1045 3199 1101 3253 duo
1126 3216 1142 3253 e
1165 3215 1213 3253 sex
1229 3197 1279 3251 del·

164 3288 247 3351 ciunt,
267 3293 298 3340 ut
318 3288 359 3340 ed.
380 3304 396 3339 a
417 3286 493 3349 1472,
514 3305 536 3341 c.
555 3286 599 3351 29,
620 3287 654 3339 70
672 3288 700 3340 in
720 3288 832 3341 vocibus
851 3291 992 3341 commissa
1011 3288 1094 3341 robis.

119 3373 142 3442 ²)
160 3376 245 3430 Paulo
265 3393 350 3443 supra
369 3394 391 3429 c.
410 3375 454 3440 29,
475 3375 509 3429 70
528 3377 651 3430 nondum
671 3377 788 3430 abiicere
807 3376 904 3440 audeo,
928 3376 1001 3444 quod
1020 3375 1175 3430 Lambinus
1193 3376 1220 3430 in
1236 3388 1280 3429 uuo

163 3466 254 3518 codice
274 3465 358 3519 luisse
377 3465 473 3518 tradit:
501 3483 555 3518 non
573 3468 610 3520 cd
628 3469 670 3519 rer'
682 3468 800 3534 publice
813 3482 920 3533 prenae,
944 3466 991 3518 sed
1009 3467 1047 3517 od
1065 3468 1191 3519 mulmis
1207 3465 1281 3519 libidi-

163 3572 235 3608 uosoe
253 3557 365 3607 deliciae
383 3556 544 3621 deposcitur.
582 3556 612 3608 ln
632 3555 738 3623 vulgari
761 3555 897 3623 scriptura
920 3555 1055 3619 (libidines
1078 3563 1103 3607 et
1127 3553 1189 3621 del.)
1207 3566 1282 3621 neque

162 3643 268 3696 nudum
287 3645 410 3695 mulieris
428 3659 530 3697 nomen
550 3644 588 3697 rei
608 3644 781 3712 iniquitatem
800 3643 867 3696 satis
886 3647 981 3696 notare
1000 3642 1109 3696 videtur
1129 3660 1219 3713 neque
1234 3642 1283 3695 lili·

162 3820 273 3882 ultioni;
293 3822 394 3873 delicioe
412 3826 485 3885 sunt,
510 3838 579 3889 quas
598 3838 648 3875 nos
667 3822 783 3874 dicimus
802 3822 896 3874 Luner
915 3819 1059 3887 (Lauri-eu).
1098 3822 1213 3875 Accedit
1233 3834 1284 3873 cou-

162 3910 245 3962 trarie
264 3909 414 3962 relatorum
433 3909 621 3963 membrorum
641 3910 819 3963 concinnitas.
857 3910 890 3963 nt
916 3910 1044 3964 habuisse
1063 3910 1231 3965 Lambinum
1250 3923 1285 3960 ee

162 3997 244 4061 diceS,
273 3997 319 4066 qui
339 4014 424 4051 unam
447 4003 475 4050 et
494 3998 609 4051 alteram
628 4000 730 4052 bonam
751 3999 914 4068 scripturam
934 3998 1153 4068 suppeditarent,
1182 4014 1241 4068 que
1255 4012 1285 4051 uc

165 4085 192 4139 in
211 4086 296 4139 Paris.
315 4085 428 4154 quidem
451 4087 611 4154 reperiatur,
640 4093 755 4157 apparet
778 4104 811 4141 ex
835 4105 857 4141 c.
877 4087 920 4153 22,
949 4087 992 4153 54,
1020 4088 1076 4152 ubi,
1104 4088 1180 4157 quod
1199 4085 1285 4141 edidit:

163 4176 217 4227 illie
236 4177 343 4241 studiis,
362 4176 418 4227 illie
436 4176 543 4228 artibus
562 4184 641 4245 atque
660 4179 792 4241 doctrino,
817 4176 961 4230 confirmat
980 4176 1039 4230 cod.
1059 4176 1188 4246 palimps.
1214 4176 1285 4230 Taur.

163 4260 270 4331 (reliqui
295 4264 379 4316 male:
410 4265 465 4317 illie
489 4267 596 4333 studiis,
625 4268 732 4320 artibus
755 4274 835 4335 atque
858 4263 1008 4329 doctrine);
1035 4264 1197 4335 ibidemque
1218 4265 1287 4319 lum·

163 4350 243 4404 binus
262 4353 378 4407 alteram
402 4354 570 4423 palimpsesti
595 4371 689 4408 veram
717 4355 882 4424 scripturam
910 4353 1047 4423 pracepit,
1075 4357 1102 4407 ei
1128 4356 1289 4424 comperiam

163 4455 212 4507 pro
231 4459 314 4508 quum
332 4461 415 4512 comp.
