2956 5190
624 287 688 352 571

60 478 148 546 illam
184 481 299 545 alienae
339 481 567 547 declarationis
607 481 747 548 formam
787 483 939 549 subeunt.
948 479 975 566 ¹)
1031 485 1130 568 Ergo:
1173 485 1258 567 Quid
1270 503 1310 544 au

57 587 185 653 mi?
216 585 300 669 (Hoc
322 584 438 668 merui)
461 587 513 652 fit:
549 588 634 668 Quid
656 610 688 653 ae
710 590 886 655 meruisse?
918 589 1002 673 (Hoc
1024 612 1056 656 aa
1079 590 1254 675 meruisse).

54 692 245 761 Pronomen
267 714 300 758 aa
322 697 435 758 tamen
458 714 524 759 non
548 695 594 759 ita
616 715 691 764 raro
715 695 884 761 omittitur.

149 801 190 866 B.
240 800 355 866 Omnis
386 801 596 883 interrogatio
627 801 792 867 indicativi
822 801 912 866 modi
943 803 1088 868 aecuudoe
1112 824 1259 888 personae

32 909 176 973 transit
206 908 239 972 in
268 907 519 985 coniunctirum,
554 911 692 986 mutato,
728 909 816 990 quod
843 911 997 973 narratur
1024 909 1258 992 interrogatum

51 1017 137 1080 ante
172 1033 255 1091 esse,
291 1016 438 1095 tempore
474 1015 575 1077 verbi.
630 1014 715 1094 Quia
746 1015 874 1097 fecisti?
905 1014 958 1078 fit:
996 1015 1081 1095 Quid
1112 1015 1261 1097 femma?

50 1119 169 1186 Causa
202 1121 320 1186 retenti
355 1123 468 1184 contra
501 1121 703 1202 superiorem
732 1120 888 1203 regulam,
925 1140 998 1203 quae
1032 1121 1095 1186 hoc
1129 1141 1259 1205 quoque

51 1245 163 1311 genus
186 1227 358 1309 complecti
380 1226 534 1304 debebat,
569 1225 660 1291 verbi
688 1226 769 1291 finiti
793 1227 972 1309 formaeque
996 1227 1076 1306 eius,
1112 1247 1185 1310 quae
1208 1231 1259 1294 in·

52 1332 288 1416 terrogationis
312 1332 484 1416 pendentis
508 1334 641 1415 propria
664 1336 723 1409 est,
753 1353 819 1398 non
842 1333 948 1398 solum
972 1337 1044 1399 orta
1067 1335 1196 1400 videtur
1219 1321 1260 1400 eir

52 1439 169 1505 studio
193 1439 337 1522 quodam
360 1458 518 1521 personas
542 1438 634 1503 verbi
657 1441 755 1503 etiam
781 1441 813 1503 ln
829 1439 962 1521 obliqua
978 1441 1134 1505 orationis
1155 1443 1261 1508 lomna

54 1545 263 1628 significandi
298 1543 400 1627 (quod
435 1545 609 1610 discrimen
642 1545 821 1623 tolleretur,
857 1545 884 1611 si
914 1546 967 1611 hic
998 1566 1129 1628 quoque
1157 1550 1259 1613 esset:

58 1651 149 1732 Quid
169 1650 305 1734 fecisse?
325 1671 404 1716 nam
421 1653 561 1733 primam
585 1670 762 1734 personam
778 1652 920 1717 ostendit
943 1652 1093 1717 additum
1116 1653 1260 1735 plerum·

56 1777 126 1841 que
148 1756 203 1840 aa),
239 1759 297 1824 sed
321 1759 421 1823 etiam
445 1777 485 1822 ex
509 1777 557 1835 eo,
594 1758 692 1840 quod,
728 1778 828 1841 quum
852 1758 958 1824 aliena
982 1760 1086 1823 oratIo
1109 1760 1259 1838 retertur,

55 1865 93 1929 in
117 1863 167 1944 iis,
196 1885 270 1947 quae
294 1866 366 1947 quis
390 1884 431 1929 ex
454 1884 492 1929 eo
516 1866 597 1946 ipso,
629 1883 770 1946 quocum
793 1866 920 1930 locutus
943 1868 1003 1943 est,
1039 1865 1258 1948 Interrogavit,

55 1970 166 2054 magis
188 1972 262 2053 ipsa
284 1970 504 2055 interrogandi
528 1970 618 2037 notio
641 1972 797 2048 oboritur,
821 1975 858 2036 ut
881 1971 975 2054 quasi
998 1990 1038 2036 ex
1060 1971 1123 2037 hac
1146 1972 1260 2037 latenti

57 2078 194 2143 notione
218 2078 381 2143 sententia
403 2097 488 2143 nexa
513 2081 546 2143 et
569 2084 648 2160 apta
670 2079 836 2160 procedat.

153 2183 187 2248 0.
233 2183 348 2250 Omnis
372 2185 591 2268 interrogatio,
627 2205 701 2267 quae
731 2187 822 2250 recta
850 2186 996 2249 oratioue
1020 2184 1259 2249 coniunctirum

57 2289 173 2370 habet,
197 2309 272 2355 eum
296 2292 431 2356 modum
454 2292 489 2356 in
511 2292 658 2356 oratione
673 2290 806 2373 obliqua
821 2292 948 2369 retinet,
972 2294 1100 2356 mutato
1120 2293 1260 2369 tantum,

58 2397 120 2461 ubi
142 2417 225 2480 opus
248 2401 308 2476 est,
332 2403 491 2480 tempore.
541 2397 625 2478 Quid
646 2396 810 2480 facerem?
831 2398 883 2462 fitz
910 2398 994 2477 Quid
1014 2397 1159 2479 faceret?
1183 2397 1261 2478 Quia

59 2502 194 2568 medat?
221 2504 273 2568 fit:
309 2504 387 2585 Oraia
414 2500 606 2587 crederet?²)
652 2505 807 2588 Alioquin
832 2504 918 2569 enirn
943 2525 993 2583 ea,
1028 2523 1102 2586 quae
1126 2503 1160 2568 in
1183 2523 1261 2569 con·

60 2611 205 2675 iunctiro
236 2613 295 2689 est,
331 2610 522 2693 significatio
552 2611 673 2694 periret
700 2631 760 2677 nec
784 2610 958 2693 quicquam
981 2612 1153 2676 interesset
1176 2612 1260 2675 inter

60 2716 243 2798 simplicem
267 2716 554 2800 interrogationem
579 2721 613 2783 et
635 2718 863 2783 dubitativam.

150 2822 231 2888 Haec
254 2827 430 2906 praecepta,
465 2828 503 2889 ut
524 2824 698 2906 perspicua
720 2827 806 2903 sunt,
841 2823 887 2889 ita
910 2843 988 2888 vera
1012 2842 1093 2901 esse,
1128 2823 1179 2888 his
1204 2843 1260 2888 ex·
1393 2843 1396 2848 ’

61 2928 178 3010 emplis
203 2929 457 3008 confirmabitur,
493 2949 567 3012 quae
591 2951 609 2995 e
632 2931 722 3009 Livii,
758 2931 906 3007 Caesaris,
943 2929 1048 2995 Taciti
1075 2929 1165 2994 libris
1194 2929 1260 2995 col-

61 3034 140 3117 legi3
175 3034 265 3117 apud
292 3037 379 3102 solos
410 3036 579 3102 historicos
608 3056 667 3101 cur
694 3037 756 3101 hoc
783 3056 886 3120 genus
916 3037 1069 3118 frequens
1092 3037 1144 3112 sit,
1180 3037 1260 3101 satis

61 3147 213 3222 apertum
238 3145 297 3207 est.

151 3247 193 3311 A.
220 3249 248 3312 1.
283 3248 403 3314 Pn’mae
425 3268 589 3330 personae:
613 3248 639 3313 E
663 3247 791 3314 Livio:
815 3248 881 3326 VII,
907 3249 963 3313 18:
990 3249 1074 3328 Quid
1095 3270 1128 3314 ee
1147 3251 1260 3332 maere,

62 3353 141 3439 qaid
164 3355 198 3418 in
221 3361 319 3437 parte
346 3356 461 3419 muium
490 3357 619 3437 calceari,
647 3357 676 3419 ai
704 3357 766 3420 cet.
790 3354 866 3437 (hoc
889 3359 953 3419 est:
988 3356 1065 3440 quid
1092 3353 1260 3437 vicimua?)
1273 3372 1314 3414 21³

62 3460 176 3538 XXVI,
200 3462 259 3525 35:
295 3460 381 3525 Num
409 3461 493 3525 uude
519 3469 693 3544 paraturos
718 3462 849 3525 navales
875 3444 996 3525 aedua?
1021 3459 1260 3546 (parabimua2)

61 3566 202 3645 XXVIII,
227 3568 284 3632 24:
308 3567 385 3652 quid
408 3588 471 3632 aeae
494 3570 577 3633 iuter
593 3576 726 3653 pacatos
746 3567 878 3651 facere?
904 3589 961 3631 cur
976 3569 1018 3640 ,iu
1042 3567 1175 3632 Italiam
1198 3588 1260 3632 nou

61 3672 191 3736 revehi?
223 3671 314 3758 (quid
335 3675 497 3757 facimus?
529 3696 587 3740 cur
608 3696 672 3740 non
694 3672 907 3756 recchimu·r?)
935 3674 1077 3752 XXXIV,
1109 3675 1165 3739 11:
1201 3695 1260 3760 quo

62 3779 145 3842 euim
167 3800 199 3843 ae
229 3815 268 3824 —
297 3782 420 3846 ituros?
452 3780 613 3865 (ibicum)
649 3782 715 3847 ihd.
739 3783 797 3846 33:
832 3780 944 3867 quibua
977 3781 1053 3845 aliia
1085 3783 1183 3865 copiis
1218 3815 1259 3825 -

46 3994 53 4006 ’
93 4006 115 4077 ¹)
133 4007 189 4077 [Sic
213 4027 287 4065 nunc
311 4028 369 4066 reru
395 4011 485 4066 verbis
508 4012 653 4082 complecti
676 4017 791 4066 conatus
813 4028 889 4076 sum,
916 4016 947 4066 ut
970 4010 1157 4066 satisfacerem
1179 4011 1260 4065 hana·

133 4099 328 4154 volentissimoe
351 4100 531 4155 admonitioni
555 4106 583 4154 et
606 4100 770 4155 dubitationi
789 4101 817 4155 L.
837 4100 865 4154 C.
884 4100 918 4154 u.
938 4099 1071 4163 AubertiI,
1099 4098 1260 4169 professoris

134 4188 362 4253 Christianiausis,
381 4204 466 4258 quarn
484 4190 512 4243 iu
532 4189 647 4258 epistola
665 4190 698 4244 ad
719 4206 763 4244 me
782 4190 847 4243 data
865 4194 893 4242 ct
911 4189 983 4258 typis
1001 4187 1136 4257 exsumpta
1150 4206 1174 4242 a.
1191 4186 1260 4241 1839

133 4277 267 4346 exposuit.
305 4275 395 4344 1842]

90 4360 113 4432 'l
131 4364 212 4432 Quia,
237 4370 269 4421 ut
286 4367 369 4435 paulo
388 4372 449 4436 post
468 4368 621 4432 ostendam,
645 4368 741 4422 Latine
760 4366 871 4422 dicitur:
902 4368 973 4434 Quid
988 4368 1116 4434 factm-ua
1131 4367 1213 4433 fuit,
1236 4368 1262 4420 ai

133 4457 181 4511 hoc
199 4457 359 4511 accidisset?
375 4472 444 4510 non:
464 4458 531 4525 quid
546 4458 674 4524 facturus
690 4459 807 4523 fuisset?
828 4456 940 4526 ohIIqua
958 4455 1041 4510 etiam
1060 4454 1182 4509 oratione
1200 4453 1260 4508 fiet:

137 4546 208 4612 Quid
223 4546 365 4612 facturum
380 4546 486 4612 sulam?
1080 4565 1082 4569 ’
