2948 5206
691 272 767 343 Ι693

136 470 223 536 Add.
247 491 308 554 pro
332 472 421 537 Sext.
444 470 542 537 Rosc.
565 471 640 536 Am.
663 472 717 550 37,
744 472 817 537 108.
851 471 888 536 ln
912 471 1076 537 codicibus
1099 469 1331 552 antiquissimis

135 596 224 660 saepe
247 558 409 661 maathica,
432 577 584 642 mamillis
604 553 766 661 legitur.¹)

225 682 297 748 Lib.
320 683 463 763 XXXHI,
485 684 540 750 48.
589 684 749 764 thntam
771 703 822 748 rea
844 690 873 747 et
893 689 1014 766 tempus
1030 681 1246 767 potiebantur,
1275 702 1331 766 ap-
1344 699 1384 741 aee

128 796 262 874 paratae
301 790 522 877 celebrataeque
560 791 627 855 eins
664 790 730 854 diei
768 790 867 874 epula
904 796 986 854 sant.
1044 788 1124 854 Cod.
1158 788 1330 872 Bamberg.

136 895 264 977 Quanto
286 917 338 961 rea
361 904 390 961 et
410 904 532 981 temptes
547 895 756 981 patiebantur
773 894 937 980 adparatu
953 893 1182 981 celebrataque.
1217 895 1331 960 Deleta

133 1023 203 1088 que,
227 1022 340 1068 veram
364 1003 560 1085 scripturam
582 1002 795 1084 habebimus:
821 1002 945 1082 Quanto
967 1020 1019 1065 rea
1041 987 1070 1065 et
1091 1008 1211 1086 ternpus
1227 1002 1330 1086 patie-

133 1107 263 1192 bantur,
287 1116 451 1194 apparatu
472 1109 634 1174 celebratae
657 1110 724 1173 eiua
746 1108 778 1172 d.
803 1129 849 1192 ep.
872 1102 991 1188 sunt.²)

225 1215 296 1280 Lib.
319 1215 463 1294 XXXIII,
490 1215 540 1280 15.
549 1211 576 1298 ³)
616 1215 816 1281 Describitur
838 1213 1086 1293 Androsthenis,
1109 1213 1200 1279 ducis
1222 1214 1332 1279 Mace*

133 1320 241 1400 donis
276 1321 332 1405 qui
360 1321 403 1387 ad
432 1322 589 1411 Nemeam
617 1340 748 1387 amnem
777 1320 862 1385 inter
885 1322 1074 1388 Corinthum
1104 1323 1137 1386 et
1160 1320 1331 1404 Sicyonem

133 1431 245 1492 castra
267 1427 425 1507 habebat,
459 1447 679 1511 magnamque
707 1427 848 1492 militum
876 1432 1004 1510 partem
1029 1427 1212 1510 praedatum
1235 1425 1331 1492 dimi·

133 1537 241 1612 serat,
282 1534 471 1617 trepidatio,
512 1554 612 1618 quum
653 1534 768 1600 castris
807 1534 1086 1617 appropinquaret
1118 1533 1331 1611 Nicostratus,

133 1640 333 1706 Achaeorum
356 1645 493 1724 proetor:
533 1639 710 1726 Trepidam
732 1641 808 1722 dua,
836 1647 871 1705 ut
893 1641 948 1725 qai
969 1639 1070 1704 hostes
1091 1660 1246 1725 nusquam
1268 1639 1333 1703 nisi
1363 1650 1366 1655 '

132 1766 215 1810 raro
240 1747 277 1810 in
303 1747 432 1812 collidus
460 1754 532 1812 anm
559 1745 732 1832 Sicyonem,
766 1767 830 1811 non
857 1745 1007 1812 cadmea
1034 1766 1146 1831 cymen
1172 1745 1333 1809 demittere

133 1854 171 1916 im
193 1873 329 1938 campos,
352 1853 490 1936 vidisset,
515 1853 559 1917 ad
583 1853 716 1919 Cleonm
738 1853 863 1939 quidem
887 1872 1064 1917 occasuros
1085 1872 1247 1938 nunquam
1263 1872 1331 1916 cre-

133 1958 278 2025 didisset.
323 1961 424 2043 Atqui
455 1980 497 2025 ne
526 1979 612 2025 nuuc
643 1959 774 2043 quidem
799 1959 843 2025 ad
866 1959 1003 2026 Cleonas
1026 1959 1237 2036 accedebant,
1271 1957 1332 2024 sed

133 2064 179 2130 ad
212 2065 383 2145 Nemeam,
418 2067 475 2132 ubi
504 2068 751 2133 Androsthenes
782 2066 928 2132 sedebat.
974 2065 1102 2132 Cleonis
1129 2066 1332 2132 Nicostratus

133 2172 255 2251 tuerat,
279 2192 447 2257 quumque
478 2194 517 2240 eo
548 2175 682 2240 nuntius
706 2174 747 2239 de
769 2173 925 2239 militibus
953 2172 1190 2238 Androsthenis
1212 2172 1331 2256 palatis

133 2298 196 2361 per
218 2297 315 2363 agros
338 2280 456 2346 allatus
480 2288 575 2358 esset,
600 2280 675 2346 inde
694 2281 851 2345 Nemeam
872 2299 985 2345 versus
1007 2279 1173 2363 profectus
1196 2282 1255 2344 est.
1294 2278 1332 2343 111

134 2384 248 2451 codice
270 2385 504 2468 Bamberqensi
526 2386 682 2470 scriptum
707 2390 771 2452 cst:
796 2386 840 2451 ud
864 2384 998 2451 Cleonis.
1040 2384 1120 2464 Quis
1143 2404 1208 2450 non
1231 2385 1330 2463 videt,

134 2491 345 2557 scribendum
377 2493 491 2559 tuisse:
527 2514 548 2557 a
580 2493 723 2558 Cleonis?
766 2492 916 2558 Ceterum
950 2496 987 2558 ut
1021 2494 1084 2557 hoc
1115 2491 1331 2557 certissimum

135 2601 197 2674 est,
228 2597 274 2661 ita
296 2617 362 2663 non
385 2599 488 2665 multo
511 2600 618 2664 minus
642 2603 766 2664 certum
790 2603 850 2677 est,
874 2619 947 2664 cum
971 2599 1101 2664 Dukero
1123 2597 1331 2663 scribendum

135 2721 209 2768 esse
232 2723 335 2768 raros.
381 2703 487 2783 Quam
511 2725 599 2789 saepe
622 2706 868 2771 Androsthenes
891 2705 1001 2771 hostes
1025 2706 1168 2783 vidisset,
1191 2705 1271 2770 nihil
1288 2702 1331 2769 ad

134 2827 206 2873 rem
230 2812 311 2873 erat.

225 2915 295 2979 Lib.
319 2916 462 2993 XXXIII,
486 2918 543 2982 31:
581 2917 757 2983 identidem
783 2919 955 3001 Quinctius,
990 2918 1188 2983 liberandam
1211 2939 1332 2983 ornnem
1345 2935 1384 2975 εστ

136 3021 308 3104 Graciam,
343 3025 372 3087 si
399 3023 579 3087 AEtolorum
608 3026 734 3110 linquas
761 3025 937 3107 emundare,
969 3027 1000 3090 ei
1027 3046 1135 3089 aeram
1157 3027 1331 3104 ceritum,

135 3129 331 3192 maiestatem
355 3130 442 3214 apeed
465 3151 570 3195 omnes
591 3131 729 3194 nomime
751 3130 891 3195 Romani
912 3131 1022 3195 vellent
1041 3151 1115 3196 ease.
1149 3133 1331 3198 Incommo-

135 3233 304 3299 dissimam
330 3254 402 3301 esse
425 3240 458 3302 et
480 3237 716 3303 intolerabilem
741 3237 890 3322 asyndeti
912 3233 1049 3320 figuram
1073 3237 1107 3302 in
1122 3239 1229 3304 verbis
1245 3240 1332 3303 curi-

135 3348 241 3423 tutem
276 3343 469 3408 maiestatem
502 3336 632 3424 omnes,
667 3344 796 3428 opinor,
832 3346 988 3423 sentient,
1022 3345 1084 3410 nisi
1118 3347 1172 3427 qui
1207 3346 1331 3411 nullam

165 3642 189 3708 ¹)
206 3641 403 3714 [Kreyssiqiua
432 3645 514 3699 huius
543 3645 742 3700 emendationis
768 3646 892 3714 ignarm,
924 3643 1162 3714 interpolationem
1189 3647 1277 3701 tenuit
1304 3652 1340 3701 et,

206 3733 341 3803 probavit
378 3731 469 3800 iata]

164 3819 189 3888 ¹)
208 3819 263 3889 [lta
281 3822 452 3893 Kreyssiqius
470 3823 563 3878 edidit.
600 3820 690 3889 1842]

165 3908 188 3979 ⁸)
207 3909 284 3979 [Hac
303 3917 329 3965 et
348 3911 474 3981 proxima
492 3928 566 3966 nunc
584 3912 696 3967 demum
716 3911 818 3976 addidi,
846 3927 881 3966 ne
903 3910 1014 3980 exiguas
1039 3911 1088 3964 has
1111 3910 1248 3979 symbolas
1267 3916 1332 3966 ante

207 4000 310 4054 multos
327 4016 416 4054 annos
433 4000 596 4070 propositas,
619 4000 668 4055 sed
687 4001 725 4053 ita
742 4000 904 4069 propositas,
929 4004 960 4054 ut
978 3998 1072 4068 paucis
1090 3999 1241 4054 innotuisse
1259 3999 1332 4054 vide-

207 4093 299 4153 antur,
326 4104 400 4143 nunc
423 4089 482 4144 sine
505 4090 657 4143 adiectione
679 4095 839 4157 repeterem.
878 4089 930 4142 Sed
949 4105 984 4142 ne
1003 4088 1109 4142 infinita
1127 4088 1242 4142 materia
1260 4094 1332 4144 esset

208 4175 254 4241 (ex
273 4192 329 4245 qua
347 4181 439 4232 tamen
459 4195 514 4233 non
532 4194 621 4248 pauca
640 4177 756 4232 delibavi
780 4193 866 4245 quum
890 4177 918 4231 in
942 4177 1079 4247 prioribus
1101 4178 1239 4247 opusculis
1257 4182 1284 4232 et
1303 4177 1332 4231 in

208 4265 251 4319 his
270 4265 343 4330 alibi,
362 4271 422 4319 tum
440 4265 468 4320 in
481 4266 600 4321 editione
613 4264 750 4321 Ciceronis
762 4266 894 4345 Ehrorum
908 4267 942 4320 de
954 4265 1074 4332 finibus),
1094 4282 1127 4321 ex
1144 4267 1240 4320 eodem
1253 4266 1331 4333 libro,

208 4353 286 4408 cuius
304 4354 423 4409 duorum
442 4354 565 4409 locorum
584 4355 790 4409 emendationes
812 4354 936 4424 proxime
958 4354 1157 4423 precedebant,
1185 4360 1240 4409 tres
1264 4355 1331 4409 alios

208 4441 329 4506 adiunxi,
353 4458 440 4511 quum
463 4443 613 4512 prasertim
638 4444 662 4497 is
680 4459 767 4512 nuper
786 4460 802 4496 a
820 4442 973 4512 Kreyssiqio
992 4443 1196 4512 diligentissime
1215 4449 1331 4513 pertrac-

207 4536 282 4584 tatus
301 4536 380 4585 esset.
418 4528 508 4598 laea]
