2948 5206
685 320 746 385 127

143 519 244 599 aperte,
267 513 372 597 qualis
395 513 494 579 fuerit
516 533 595 580 vera
617 514 679 581 loci
702 514 818 580 forma.
864 513 974 593 Quum
998 513 1084 580 enim
1106 515 1238 598 proprie
1260 514 1314 580 Ci·
1329 529 1368 571 1⁵⁷

141 641 200 688 cero
219 621 258 687 de
279 619 512 687 Tuberonibus
534 621 679 700 dixisset,
703 620 851 699 subiecit,
880 640 946 686 non
968 620 1003 684 in
1025 620 1064 684 iis
1087 621 1191 703 magis
1215 640 1314 704 quam

138 727 305 810 irreliquis
328 745 406 792 eum
436 727 583 792 animum
612 727 722 793 tuisse.
768 727 837 793 lam
865 731 942 810 apte
969 727 1185 793 communiter
1213 727 1314 793 adde-

135 834 232 901 batur:
253 853 360 900 omnes
374 835 467 898 eom.
501 834 615 916 ltaque
637 833 795 900 excidisse
815 834 970 899 nonnulla
992 834 1203 900 manifestum
1220 838 1279 899 est.
1289 828 1315 914 ¹)

135 940 237 1007 Paucis
252 940 324 1007 'alia
346 959 410 1018 res,
433 941 587 1022 quoniam
611 939 694 1006 torte
711 942 746 1005 in
762 959 836 1006 eam
853 940 1003 1007 hocloco
1019 930 1127 1018 incidi,
1151 940 1315 1024 tangenda

135 1051 186 1113 eat
217 1046 353 1113 Duobus
376 1046 533 1125 versibus,
557 1046 613 1129 qui
636 1046 681 1114 ad
702 1048 872 1129 superiora
894 1047 1118 1114 confirmanda
1140 1048 1314 1130 pertinent,
1385 1075 1391 1086 ·

132 1154 327 1237 interpositis,
351 1153 468 1219 eadem
491 1153 559 1219 lere
574 1154 676 1219 rerba
691 1154 857 1236 leguntur:
884 1152 1008 1235 Omnes,
1029 1155 1170 1240 mecm,
1193 1156 1316 1219 vinem

131 1259 305 1325 actm.
354 1259 404 1325 lbi
437 1260 626 1326 Schummrs
661 1263 694 1324 et
727 1259 867 1327 Orellius
901 1259 1061 1326 Goerenzii
1095 1261 1316 1328 coniecturam

131 1367 221 1432 secuti
242 1387 358 1448 omnes,
381 1387 496 1449 omnes,
524 1368 665 1452 inquom,
694 1366 876 1445 ediderunt,
905 1367 1100 1445 necessaria,
1128 1370 1166 1432 ut
1187 1371 1314 1450 putant,

132 1481 254 1556 propter
275 1475 407 1559 inpiam
430 1473 659 1556 duplicatione.
698 1473 819 1538 Verum
842 1492 883 1538 ea
904 1473 1012 1538 locum
1034 1473 1137 1538 habet
1159 1473 1193 1538 in
1214 1474 1315 1539 verbo

133 1579 230 1663 aliquo
251 1600 319 1645 uno
340 1600 407 1646 non
430 1584 507 1647 ante
529 1580 645 1664 posito,
680 1581 743 1647 hoc
769 1579 840 1646 loco
868 1579 949 1646 nihil
975 1580 1037 1646 nisi
1059 1580 1132 1662 ipsa
1154 1579 1316 1645 sententia

133 1687 269 1769 superior
290 1688 458 1769 repetitur,
493 1691 530 1752 ut
557 1687 782 1752 vehementius
810 1685 920 1764 teriat;
954 1686 988 1752 id
1016 1705 1118 1769 mum
1145 1685 1213 1765 fiat,
1248 1687 1316 1751 sire
1369 1762 1373 1775 Ι

133 1791 236 1858 iisdem
258 1775 338 1876 ipsis
361 1793 469 1858 verbis
492 1792 561 1858 sive
583 1794 752 1876 paululum
775 1793 919 1871 mutatis,
943 1795 1001 1858 aut
1017 1811 1117 1875 quum
1135 1792 1224 1876 prior
1240 1811 1316 1858 sen·

135 1899 224 1965 tmtia
246 1903 377 1965 tantum
398 1899 548 1966 universe
571 1899 778 1984 significetur,
806 1918 873 1965 non
900 1899 1058 1982 geminari
1086 1902 1164 1965 ante
1186 1901 1318 1985 inquom

134 2004 250 2088 sigula
263 2005 435 2084 vocabula,
458 2025 539 2072 sane
561 2006 707 2072 debebat
729 2026 802 2072 esse
825 2004 949 2072 notum.
984 2006 1097 2089 Itaque
1120 2024 1187 2071 non
1208 2005 1316 2070 minus

135 2130 224 2193 prave
246 2112 281 2179 in
302 2113 450 2179 oratione
471 2132 532 2195 pro
554 2112 659 2178 Deiot.
675 2132 703 2178 c.
722 2114 773 2191 12,
797 2112 842 2178 34
858 2116 989 2195 recepta
1005 2115 1057 2178 est
1073 2112 1222 2178 Lambini
1239 2132 1317 2178 con-

135 2213 258 2295 lectura.
284 2217 473 2284 scribentis:
491 2218 609 2302 ‘Solea
636 2219 730 2302 solue,
757 2221 899 2305 inquom.
944 2218 1040 2299 Quod
1067 2220 1172 2284 inerat
1194 2218 1261 2284 iam
1284 2220 1318 2283 in

134 2320 182 2387 lli
210 2324 388 2391 sententia:
423 2325 501 2406 Quo
533 2346 655 2411 semper
681 2328 718 2391 ia
748 2328 834 2391 cicili
862 2327 995 2391 victam
1021 2326 1190 2407 amaimue,
1224 2345 1262 2389 ee
1289 2332 1318 2389 te

135 2428 238 2494 adore
258 2448 323 2495 noa
344 2430 491 2510 oidimree,
526 2432 586 2497 sed
615 2433 806 2511 involutum,
842 2432 876 2498 id
898 2432 1042 2516 apertius
1072 2435 1105 2497 et
1127 2431 1318 2514 explicatius

136 2536 296 2617 repetibm
327 2537 430 2619 Solae,
458 2539 598 2624 inquom.
644 2541 746 2605 Recte
769 2539 866 2622 igitur
888 2539 1073 2605 Classenius
1096 2538 1130 2603 in
1152 2542 1235 2604 orat.
1259 2559 1318 2622 pro

137 2639 251 2709 Cluent„
274 2644 329 2722 24,
364 2644 408 2711 65
442 2644 577 2729 (studete
610 2667 737 2731 separe,
772 2646 811 2710 ab
849 2644 1022 2730 Oppianico
1056 2644 1184 2710 Staieno
1218 2645 1319 2709 iudici

132 2751 289 2830 mnium
312 2751 442 2833 dotem
469 2760 589 2837 myote,
612 2755 752 2838 inquom,
776 2754 811 2817 in
834 2773 867 2816 eo
890 2751 985 2834 [meo]
1009 2749 1086 2833 loce)
1109 2751 1235 2817 codices
1259 2771 1318 2834 op·

137 2853 222 2921 timos
243 2861 376 2924 munis
398 2859 499 2924 semel
522 2863 651 2925 tantum
673 2866 783 2944 nepote
799 2860 917 2942 posuit,
940 2878 1006 2923 non
1023 2863 1111 2923 recte
1127 2858 1214 2923 idern
1231 2859 1318 2924 locos

137 2959 305 3044 marianae
328 2968 363 3030 et
384 2965 602 3032 Deiotarianoe
624 2967 709 3031 inter
731 2966 881 3048 exempla
903 2965 1012 3048 posuit
1034 2965 1122 3030 vocis
1145 2965 1319 3047 duplicatae

138 3072 204 3134 ente
224 3072 366 3157 inertem.
410 3072 479 3138 Nec
500 3072 640 3156 Philipp.
663 3073 701 3151 ll,
739 3074 789 3150 12,
824 3073 868 3137 30
898 3071 1032 3154 (edormi
1060 3072 1236 3155 crepidam,
1271 3072 1319 3134 in-

140 3194 232 3258 quom,
266 3184 295 3243 ct
328 3177 458 3261 aloto)
492 3181 666 3263 quicquam
700 3179 893 3244 mutandum
922 3182 988 3255 est;
1022 3177 1124 3243 habet
1150 3179 1236 3242 enirn
1265 3177 1320 3241 illa

140 3283 286 3366 sriptura
312 3285 399 3353 hanc
425 3289 638 3353 sententiam:
674 3306 774 3369 quum
808 3289 841 3350 te
875 3286 1071 3351 constituere
1105 3284 1184 3349 illud
1213 3285 1319 3360 iubeo,

143 3386 193 3453 boc
212 3389 318 3471 iubeo,
342 3395 511 3476 crapulam
535 3397 571 3459 ut
594 3393 771 3469 edormias3
795 3411 835 3457 ea
858 3394 909 3456 est
926 3391 1012 3455 enim
1033 3409 1133 3456 causa
1149 3390 1319 3455 oblivionis

143 3489 239 3577 Μ’)
272 3496 413 3565 Omnino
436 3502 555 3583 saepius
574 3502 683 3566 nescio
701 3501 791 3564 cuius
807 3500 952 3568 δεινότητος
970 3497 1077 3562 studio
1095 3517 1190 3562 voces
1208 3500 1319 3561 contra
1335 3513 1373 3553 1⁵⁸

168 3771 525 3837 ¹ctr.v0t11.325s
564 3783 631 3836 .ed.
670 3800 690 3835 r.

169 3773 261 3929 'illlis
276 3799 668 3940 eiusdemperrorisquempli
690 3778 826 3940 pionemur
849 3870 921 3924 infra
938 3871 973 3923 ad
992 3874 1059 3924 orat.
1081 3885 1130 3938 pro
1148 3868 1217 3921 Sest.
1236 3883 1258 3919 c.
1280 3865 1321 3929 11,

204 3954 244 4010 ts.
277 3959 375 4014 Fateor
402 3976 447 4014 me
473 3960 638 4014 constituere
665 3975 721 4013 non
747 3975 836 4028 posse,
863 3958 1022 4012 Ciceronine
1045 3958 1095 4026 ipsi
1119 3956 1257 4019 excidisse,
1285 3972 1320 4009 an

207 4043 372 4103 librariorum
391 4048 475 4103 errori
493 4048 586 4102 deberi
604 4053 700 4117 putem
718 4046 934 4116 perversitatem,
953 4063 1015 4115 quas
1032 4046 1061 4099 in
1080 4045 1169 4100 verbis
1188 4044 1234 4097 illo
1247 4044 1322 4113 Liga-

208 4132 284 4189 n'anar
300 4136 361 4191 loco
379 4137 544 4206 interpositis
563 4138 645 4192 inest:
661 4139 741 4204 pocta
759 4138 880 4204 quidem
897 4152 1001 4203 semper
1019 4142 1114 4188 auctor
1130 4136 1182 4200 fui,
1200 4135 1247 4185 aed
1264 4140 1321 4186 tum

209 4237 268 4278 wo.
303 4227 374 4280 Erat
392 4229 463 4280 enim
481 4229 602 4294 amatia,
627 4244 710 4296 quum
729 4229 812 4279 odem
830 4226 940 4289 vicima
959 4241 1056 4293 pacem
1074 4224 1204 4289 copitare;
1228 4225 1322 4290 aperte

212 4311 275 4366 euim
292 4330 331 4379 sa,
357 4315 432 4383 quod
449 4315 562 4370 minime
581 4315 647 4379 vult,
676 4313 803 4369 amentiae
821 4319 939 4377 accusat,
968 4328 1018 4366 nec
1042 4312 1099 4364 haec
1118 4308 1253 4363 cavillatio
1273 4314 1321 4371 est,

212 4400 261 4464 Μ,
286 4403 332 4470 qui
353 4404 389 4457 ad
412 4404 576 4459 sententiam
598 4403 746 4457 attendunt
771 4402 888 4472 plusque
913 4417 996 4469 quam
1022 4400 1131 4453 inanem
1155 4414 1254 4452 sonum
1277 4414 1322 4466 po·

214 4489 314 4556 ouant,
341 4492 379 4546 ita
402 4493 550 4561 intelligere
574 4497 721 4562 cogentum
750 4508 815 4545 nam
838 4507 905 4545 sane
926 4492 1013 4556 futare
1035 4504 1065 4541 se
1089 4492 1228 4541 auctorem
1247 4485 1322 4555 pacis

216 4574 278 4641 didi,
303 4580 354 4634 etsi
371 4597 440 4647 sero,
467 4598 500 4636 eo
519 4586 650 4651 tempore,
679 4597 733 4649 quo
757 4578 874 4633 amentis
893 4576 974 4631 fuerit
992 4592 1087 4646 pacem
1107 4575 1232 4644 cogitare.
1270 4573 1323 4627 Sed
