2956 5190
699 279 764 343 222

80 489 121 531 m
133 474 339 557 Praecipuum
374 478 486 539 tamen
520 473 617 538 huius
651 475 778 556 generis
817 473 1012 540 beneficium
1054 474 1158 541 fuisse
1199 477 1323 557 ridetur,

132 580 230 662 quod,
266 582 320 663 qui
350 582 560 664 magistratus
588 582 622 645 in
651 581 777 646 colonia
800 581 917 647 Latina
939 585 1122 665 gesserant,
1158 584 1249 648 cives
1268 584 1325 651 Ro·

131 685 220 751 mani
244 685 379 764 fiebant,
410 689 437 752 si
460 688 522 769 ipsi
545 687 725 765 voluerant,
755 687 797 752 de
821 688 911 753 cuius
933 686 980 753 rei
1003 688 1205 755 testimoniis
1229 692 1327 756 statu

2 778 5 786 ’
50 849 54 855 .
133 791 250 858 dicam.
296 793 562 859 Praevenendum
588 798 637 858 est
661 795 747 858 enim
770 794 814 859 ad
837 794 975 859 alteram
1003 793 1178 860 Niebuhrii
1208 800 1329 862 senten·

133 899 224 977 tiam,
260 901 319 963 hos
356 900 487 966 Latinos
516 902 620 966 socios
651 902 849 966 connubium
880 920 955 965 cum
977 902 1140 967 Romanis
1169 903 1330 969 habuisse.

133 1005 257 1070 Praeter
280 1007 420 1071 obscura
442 1006 653 1072 vetustissimi
676 1007 832 1089 temporis
856 1007 1002 1090 vestigia,
1031 1028 1107 1091 quae
1136 1008 1182 1074 ad
1207 1010 1331 1076 latinos

135 1111 220 1177 bello
243 1113 398 1178 subactos
422 1117 455 1178 et
478 1113 620 1179 colonias
644 1114 760 1179 eodem
783 1116 854 1179 iure
877 1133 898 1179 a
919 1114 1042 1196 populo
1065 1114 1203 1181 domino
1222 1117 1332 1183 missas
1378 1114 1381 1135 ¹

133 1218 213 1283 nihil
246 1220 419 1301 pertinent,
454 1221 544 1284 velut
573 1222 794 1285 narrationem
825 1221 970 1304 Dionysii
1002 1220 1043 1285 de
1071 1221 1236 1287 uxoribus
1264 1231 1332 1288 autc

135 1344 277 1407 pugnam
296 1327 521 1392 Romanorum
545 1330 578 1391 et
595 1327 784 1393 Latinorum
809 1328 853 1393 ad
869 1327 977 1392 lacum
994 1326 1160 1410 Regillum
1184 1329 1333 1412 utrinque

135 1432 279 1498 remissis
303 1433 367 1515 (Vl,
394 1431 426 1515 1)
436 1429 462 1515 ¹)
486 1437 520 1497 et
541 1438 770 1516 argumentum
795 1453 836 1498 ex
859 1434 1022 1499 connubio
1044 1433 1229 1517 Campanis
1252 1435 1332 1514 dato,

135 1539 224 1621 quod
265 1540 308 1604 ad
351 1540 536 1623 Campanos
582 1540 712 1606 civitate
753 1541 906 1606 Romana
953 1540 1092 1604 donatos
1142 1543 1335 1623 pertinuisse

135 1647 262 1711 ostendi
269 1642 306 1729 ²),
331 1648 432 1712 utitur
456 1648 598 1711 maxime
616 1646 747 1712 Diodori
767 1647 865 1712 Siculi
883 1646 1067 1729 fragmento
1083 1666 1192 1729 nuper
1209 1653 1336 1731 reperto

135 1757 168 1818 et
191 1754 234 1818 ad
256 1754 427 1820 historiam
450 1753 527 1818 belli
550 1753 678 1818 socialis
701 1753 887 1835 pertinenti,
910 1754 944 1818 in
968 1773 1033 1835 quo
1052 1753 1173 1820 milites
1191 1754 1229 1820 C.
1247 1754 1336 1821 Marii

136 1862 169 1924 et
191 1860 230 1938 Q.
253 1861 434 1943 Pompaedii
458 1862 566 1926 tristes
591 1860 690 1925 fuisse
714 1860 836 1939 scribit,
872 1880 972 1942 quum
1002 1861 1131 1941 utrique
1164 1861 1198 1925 in
1223 1863 1335 1927 castris

135 1969 292 2050 oppositis
332 1968 453 2033 multos
492 1970 647 2050 cognatos
680 1967 841 2031 haberent
874 1971 1010 2049 propter
1044 1966 1200 2031 connubii
1236 1968 1336 2051 legem

68 2128 78 2149 θ
135 2069 261 2141 (συχνούς
283 2074 396 2132 οἰκείους
418 2073 463 2122 καὶ
487 2075 626 2139 συγγενεῖς
644 2068 799 2136 κατενόουν,
826 2068 874 2130 οὓς
896 2067 911 2121 o‘
935 2074 982 2134 τῆς
1005 2071 1155 2140 ἐπιγαμίας
1178 2069 1266 2143 νόμος
1287 2071 1337 2125 tm-

136 2166 242 2233 ποιὴκει
261 2174 404 2223 κοινωνεῖν
422 2172 469 2232 τῆς
488 2166 611 2232 τοιαύτης
629 2157 778 2245 q=attac).³)
824 2162 890 2227 Sed
914 2166 946 2226 ei
968 2161 1065 2226 valde
1094 2161 1204 2227 maltis
1227 2167 1338 2229 auctor

136 2272 187 2333 est
210 2270 251 2335 de
273 2271 430 2335 institutis
459 2269 600 2351 antiquis
623 2268 850 2334 Romanorum
873 2268 1044 2345 Diodorus,
1074 2271 1108 2332 et
1136 2272 1228 2334 totus
1252 2270 1337 2335 locus

136 2379 224 2440 recte
251 2377 392 2459 scriptus
421 2396 492 2441 esse
521 2379 629 2458 potest
658 2379 691 2441 et
721 2380 833 2441 tamen
867 2396 933 2440 non
968 2375 1012 2439 ad
1044 2373 1277 2441 Romanorum
1309 2380 1338 2442 et

137 2482 326 2548 Latinorum
349 2482 548 2548 connubium
572 2484 744 2565 pertinere,
774 2483 834 2547 sed
863 2482 905 2547 ad
929 2482 1121 2546 Latinorum
1143 2486 1179 2546 et
1202 2482 1338 2548 aliorum

136 2590 298 2654 sociorum
323 2596 356 2656 et
379 2570 423 2655 ad
444 2590 562 2655 horum
585 2589 669 2653 inter
692 2608 743 2665 se;
767 2609 845 2653 narn
869 2593 902 2653 et
920 2588 1025 2653 Latini
1048 2587 1143 2651 multi
1167 2592 1201 2653 et
1219 2589 1339 2672 aliquot

137 2693 191 2758 alii
213 2697 301 2772 socii,
337 2699 392 2779 qui
420 2697 546 2762 infide
574 2699 773 2773 manserant,
801 2696 834 2759 in
864 2696 1017 2760 Romano
1047 2694 1192 2759 exercitu
1216 2715 1341 2780 pugua-

83 2831 123 2872 ,η
137 2799 227 2866 bant.
237 2797 263 2883 ⁴)
298 2802 430 2868 Nullum
454 2807 566 2869 autern
589 2804 712 2868 Latinis
737 2822 811 2867 curn
829 2801 986 2866 Romanis
1012 2800 1214 2865 connubium
1231 2801 1340 2875 imese,

207 3033 265 3087 haec
284 3035 370 3088 verba
392 3034 476 3087 habet
499 3032 537 3102 (p.
557 3032 615 3098 91):
646 3035 691 3087 Sei
718 3036 779 3102 quia
806 3050 907 3099 corum,
936 3034 999 3100 quei
1021 3033 1101 3084 ceivie
1122 3032 1268 3086 Rontonus
1290 3050 1341 3087 non

208 3126 267 3190 erit,
286 3125 337 3177 troc
355 3126 410 3190 lege
428 3124 509 3175 oderi
526 3139 621 3176 nomen
641 3163 647 3175 .
667 3163 673 3174 .
693 3162 699 3175 .
720 3162 726 3175 .
746 3121 816 3174 Hinc
834 3120 961 3174 Klenzius
974 3119 1121 3183 concludit,
1140 3121 1289 3189 praemium
1307 3121 1341 3175 ad

207 3227 304 3266 omnes
331 3212 488 3281 peregrinos
514 3211 686 3280 pertinuisse,
714 3210 872 3264 Ciceronem
897 3213 1006 3262 tantum
1033 3208 1067 3261 de
1085 3208 1190 3263 Latinis
1216 3209 1343 3265 locutum

208 3315 275 3363 esse,
304 3302 377 3368 quod
405 3301 546 3355 Cornelius
570 3301 672 3354 Balbus
695 3316 729 3353 ex
752 3299 884 3352 toederata
907 3296 1017 3350 civitate
1040 3301 1120 3350 esset.
1157 3297 1213 3351 Sed
1238 3314 1289 3352 cur
1306 3298 1340 3352 de

208 3387 311 3442 Latinis
334 3389 425 3457 potius
448 3407 532 3459 quam
555 3390 590 3444 de
613 3387 750 3442 ioederatis
779 3386 907 3440 omnibus
935 3385 1042 3449 dixerit,
1070 3401 1157 3454 quum
1185 3386 1340 3455 prasertim

207 3474 310 3530 Balbus
329 3493 385 3531 non
403 3495 438 3532 ex
455 3478 554 3532 Latina
572 3477 681 3532 civitate
700 3482 779 3541 esset,
800 3492 856 3529 non
868 3480 996 3544 apparet3
1016 3474 1076 3542 ipsa
1088 3473 1227 3528 Ciceronis
1240 3474 1339 3529 verba:

207 3566 325 3632 Latinis
344 3568 374 3619 id
392 3575 438 3635 cst,
456 3569 604 3634 sedeatis,
623 3565 780 3625 ostendunt.
800 3564 888 3633 legem
901 3563 935 3617 de
948 3562 1052 3616 Latinis
1066 3561 1158 3626 fuisse,
1177 3562 1339 3617 Ciceronem

208 3660 302 3708 autem
328 3654 428 3719 dicere,
456 3671 542 3724 quum
566 3655 670 3709 Latinae
692 3655 816 3709 civitates
840 3653 979 3707 ioederatae
1004 3651 1113 3714 tuerint,
1141 3651 1206 3705 inde
1225 3650 1341 3721 aliquid,

209 3743 283 3811 quod
301 3743 414 3797 omnino
432 3744 468 3797 ad
486 3744 632 3798 foederetas
651 3743 794 3813 pertineat,
815 3742 930 3796 elucere.
967 3741 1064 3809 ltaque
1083 3744 1131 3793 ant
1150 3739 1215 3794 alibi
1235 3739 1264 3794 in
1282 3740 1342 3810 lege

209 3831 313 3900 aliquid
331 3832 451 3901 positum
471 3837 530 3887 erat
548 3837 597 3886 ant
615 3833 728 3886 omnino
747 3832 776 3885 in
795 3831 854 3885 iure
873 3830 1040 3895 institutum,
1059 3844 1114 3898 qno
1127 3827 1210 3882 latius
1229 3827 1297 3898 legis
1316 3828 1344 3882 in

209 3919 256 3974 illo
280 3920 340 3974 loco
363 3921 528 3975 vocabulum
556 3921 591 3974 ad
618 3921 690 3975 solos
718 3920 830 3974 Latinos
858 3918 1081 3988 adstringeretur.
1118 3915 1255 3985 Equidem
1282 3917 1345 3972 aliis

209 4008 358 4078 peregrinis
382 4009 489 4064 aditum
512 4009 547 4063 ad
571 4009 737 4063 accusatoris
762 4014 854 4078 partes
878 4006 1029 4061 in'iudicio
1053 4005 1222 4075 peragendas
1247 4007 1345 4061 datum

210 4096 256 4150 rix
274 4101 378 4166 putem.

167 4179 190 4248 ¹)
208 4184 268 4239 Vid.
287 4202 371 4256 supra
389 4203 416 4256 p.
435 4184 496 4240 220.

167 4267 190 4337 ’)
209 4273 298 4343 Supra
317 4291 344 4343 p.
363 4272 415 4328 241
436 4282 492 4330 not.

169 4356 192 4425 ⁸)
210 4362 334 4432 Excerpt.
354 4364 389 4418 de
408 4366 530 4421 Sentent.
550 4363 681 4428 XXXVII,
702 4361 736 4415 10
754 4379 781 4432 p.
802 4361 853 4415 130
871 4362 913 4416 ed.
933 4362 1013 4416 Dind.

168 4446 189 4513 ⁴)
209 4451 475 4509 Commemorandus
503 4458 545 4508 eet
572 4453 656 4508 etiam
684 4451 756 4506 Festi
779 4451 856 4506 locus
878 4469 900 4505 s.
919 4467 944 4505 r.
966 4453 1128 4505 Numestio:
1154 4452 1269 4519 Fabius,
1298 4454 1348 4521 qut

210 4557 283 4594 unua
304 4550 370 4610 port
392 4558 440 4596 ees
461 4542 695 4596 retrocesserat>
718 4541 846 4594 Etrrcacr'a
867 4542 1020 4607 interfectos
1043 4542 1188 4608 superfuit,
1216 4542 1347 4594 induetur
