2948 5206
705 292 770 357 638

135 487 268 569 intelligi
302 488 391 551 nullo
425 487 524 551 modo
559 490 684 569 potest,
720 486 794 565 ubi,
832 486 988 568 expositis
1023 486 1164 551 consulis
1197 486 1310 568 imperiis

135 593 375 677 mandatisque,
411 594 516 658 oratio
548 597 662 675 aperte
686 593 719 657 in
742 594 797 658 illo
820 595 952 658 nomine
976 594 1021 658 ad
1043 592 1136 658 aliud
1156 592 1311 657 subiectior

135 699 333 765 transfertur
355 697 412 782 (-
435 700 519 764 iubet
543 735 583 745 —
608 699 721 765 tradit.
768 700 833 765 His
855 702 954 784 copiis
976 699 1120 765 dimissis
1143 719 1176 763 eo
1192 701 1314 762 intentius

136 805 358 888 Romanus).
392 807 507 889 ltaque
529 807 702 872 universus
726 808 887 872 exercitus
911 806 1123 889 significatur,
1147 810 1193 884 ut,
1215 807 1240 870 si
1255 826 1313 870 vera

137 913 298 996 scriptura
322 918 382 991 est,
417 914 526 978 Livius
550 933 636 990 euin,
673 913 729 995 qui
759 933 821 978 sua
843 914 915 995 ipse
939 932 1042 995 opera
1065 912 1189 995 aliquid
1210 912 1316 976 efficere

138 1023 284 1099 conatur,
313 1021 434 1085 instare
462 1020 498 1083 id
518 1020 592 1103 fieri
621 1020 741 1085 dixisse
764 1019 931 1102 putandus
955 1021 1007 1097 sit,
1032 1020 1122 1100 quod
1146 1020 1240 1084 etiem
1260 1039 1317 1101 per·

138 1125 263 1191 versius
291 1130 351 1190 est.
397 1127 462 1191 Sed
493 1146 560 1192 non
590 1127 696 1192 solum
727 1128 842 1204 oratio,
878 1145 993 1191 verum
1024 1128 1126 1191 etiarn
1155 1146 1207 1191 res
1234 1146 1316 1208 praru

138 1237 198 1297 ost.
244 1234 397 1298 Nondum
431 1233 519 1297 enim
549 1252 666 1316 reapse
698 1233 855 1299 stationes
878 1232 1097 1298 Macedonum
1125 1253 1161 1298 se
1188 1238 1317 1315 capturos

138 1338 310 1417 Quinctius
346 1343 379 1404 et
394 1324 555 1405 'Romani
589 1342 769 1422 sperabant
803 1343 861 1405 aut
889 1358 1008 1421 capere
1036 1359 1113 1403 vere
1145 1338 1318 1405 nitebantur.

139 1445 199 1510 sed
227 1446 338 1510 hostes
371 1445 578 1511 lacessebant
607 1466 625 1511 a
656 1446 762 1512 fronte
790 1445 862 1530 (ubi
888 1444 1048 1511 stationes
1076 1444 1184 1526 erant)
1216 1445 1318 1511 detine

139 1552 285 1634 bantque
309 1552 393 1618 acris
416 1552 522 1635 proelii
545 1553 663 1634 specie,
687 1573 729 1618 ne
752 1554 992 1618 circumeuntes
1014 1552 1098 1627 illos
1122 1571 1204 1634 quos
1226 1555 1316 1634 pastor

140 1658 292 1737 ducebat,
322 1658 637 1738 animadverterent3
666 1679 780 1726 veram
801 1658 1082 1743 oppugnationem
1105 1662 1177 1723 tum
1200 1660 1318 1740 eoeptun

141 1784 223 1844 esse,
253 1784 356 1847 quum
379 1765 424 1829 illi
447 1767 480 1830 in
503 1765 659 1830 verticem
682 1767 804 1831 montis
826 1767 1066 1848 pervenissent,
1102 1764 1212 1829 Livius
1232 1762 1318 1846 prori-

141 1872 204 1937 mis
232 1872 341 1937 verbis
369 1872 448 1936 dicit
476 1869 614 1954 (ο.12);
649 1879 726 1936 tum
760 1891 862 1949 vero,
898 1873 1069 1955 trifariam
1097 1872 1209 1937 diois-s
1233 1870 1317 1953 copia,

142 1979 333 2044 remulcet.
378 1978 449 2057 His,
485 1998 559 2060 quae
587 1978 733 2061 exposui,
768 1979 900 2044 latentis
931 1978 1043 2043 mendi
1071 1978 1197 2043 indiciis
1217 1975 1316 2041 accedi

108 2082 111 2087 ’
142 2086 291 2168 praeolari
313 2085 398 2151 illius
422 2085 541 2151 codicis
565 2084 817 2168 Bambergensis
840 2084 1076 2161 testimonium.
1100 2087 1135 2150 in
1157 2102 1219 2167 quo
1239 2083 1315 2163 scrip

143 2199 213 2258 tum
248 2196 313 2258 est:
347 2194 446 2257 instat
479 2193 564 2276 capit
597 2193 755 2257 notiores.
810 2192 920 2257 Livius
953 2191 1147 2273 scripserat:
1182 2190 1314 2255 &mauu

142 2298 282 2384 trudique
302 2300 402 2364 instat
425 2306 517 2382 aput
538 2300 696 2363 ειαιίοπεε.
743 2298 792 2362 Ex
813 2294 877 2363 hae
907 2298 1071 2380 scriptura
1103 2294 1204 2381 (opat)
1229 2291 1312 2359 meru

144 2407 234 2489 origo
257 2408 405 2488 apparet.
