2956 5190
255 486 340 550 tucri
362 485 489 563 dicitur,
513 483 674 562 inimicus,
698 487 869 551 accusator
891 468 1079 566 intelligitur
1096 481 1150 547 vel
1165 481 1269 547 iudex
1284 488 1418 567 comio:
1459 506 1475 549 ε

257 595 290 658 et
311 592 451 675 iniquus.
497 592 567 657 Iam
590 612 612 655 o
634 589 746 677 quibus
768 590 928 657 omittitur
955 591 989 655 in
1017 588 1089 656 ood.
1112 587 1309 682 Eriurtemi,
1339 588 1418 659 idei
1468 614 1475 625 ’

256 700 290 764 iu
312 698 446 764 meliore
469 697 593 783 familia
602 693 639 779 ¹),
663 698 696 762 in
718 697 909 775 Hauniensi
933 696 955 761 b
978 695 1072 774 Oxx„
1095 694 1170 761 edd.
1194 697 1294 771 vctt3
1315 693 1353 759 ob
1369 700 1419 763 arb
1462 702 1475 761 ἒ

251 806 307 883 iia,
343 824 408 887 quo
435 805 556 871 omisso
584 808 672 870 stare
701 804 840 870 alterum
865 824 932 870 non
954 806 1073 886 potest,
1106 803 1142 867 in
1164 798 1246 879 nt,
1280 799 1388 880 Eoum
1473 862 1475 867 .

205 910 356 989 1onqu
389 910 463 976 edd.
492 914 587 988 vett,
618 911 712 976 codd.
742 910 1038 994 Lagomarsininnis
1064 907 1177 974 multis
1212 905 1285 990 (qui
1310 906 1426 991 prototo¹

256 1037 323 1083 non
345 1037 458 1083 omnes
482 1038 503 1082 a
526 1015 638 1103 quibus
660 1017 862 1094 habuerunt;
896 1017 956 1083 sed
983 1016 1146 1082 delectum
1172 1015 1345 1081 vunculis
1366 1014 1428 1100 Pes.

257 1143 356 1190 ronus
379 1123 456 1189 iecit
477 1124 553 1188 inde
575 1144 597 1189 a
620 1119 817 1208 cap.10).²)
862 1124 959 1190 Patet
980 1124 1057 1202 iam,
1091 1121 1232 1199 bootis,
1267 1123 1323 1208 qui
1342 1120 1425 1189 etet

258 1230 302 1296 ad
323 1231 531 1309 sententiam,
555 1232 588 1295 in
611 1250 677 1313 qua
699 1251 759 1314 per
781 1231 942 1296 ablativos
957 1229 1200 1314 consequentiae
1218 1228 1343 1295 elabrm
1357 1228 1425 1295 iuni

258 1337 301 1416 id,
325 1337 367 1402 de
390 1357 455 1421 quo
477 1338 733 1421 interrogaretur
755 1336 846 1421 (num
869 1337 980 1404 dativo
1002 1337 1111 1402 nullus
1132 1336 1186 1401 hic
1203 1336 1298 1401 locus
1314 1338 1370 1411 ert,
1387 1350 1426 1401 rut

258 1444 402 1509 ablativo
424 1444 507 1509 alius
530 1445 657 1527 generis
680 1445 714 1509 in
736 1442 907 1527 personis),
941 1444 976 1509 iu
1004 1444 1136 1526 vulgata
1160 1445 1276 1508 autem
1297 1441 1428 1525 scriptu

258 1552 409 1616 lacunam
432 1551 528 1616 huius
551 1571 617 1617 non
640 1551 844 1635 interpolatos
867 1551 1052 1634 scripturae:
1081 1569 1151 1635 quc
1174 1554 1219 1613 cst
1240 1555 1340 1633 croto
1356 1548 1428 1633 you

259 1658 316 1722 bun
337 1679 401 1722 non
416 1657 583 1743 potuim?
615 1657 664 1722 Iis
690 1658 778 1724 male
800 1658 964 1741 expletam
988 1676 1071 1723 esse.
1116 1655 1153 1721 ln
1175 1653 1339 1721 vocabulo
1357 1654 1428 1740 yae

260 1763 317 1830 lus
350 1765 451 1830 latere
485 1765 614 1830 videtur
647 1765 834 1830 terminatio
867 1765 1027 1847 participii
1063 1761 1208 1829 ablativo
1247 1780 1329 1827 casu
1358 1762 1429 1845 μή

260 1869 377 1952 (velut:
403 1870 522 1952 Quibus
543 1872 758 1939 iudicantibus
779 1892 843 1936 uon
859 1871 1022 1956 potuisse?
1043 1869 1093 1935 Iis
1109 1865 1198 1952 cet),
1231 1868 1341 1935 Huius
1353 1868 1431 1952 port

260 1977 334 2060 cipii
362 1980 396 2043 et
422 1979 510 2043 vocis
533 1978 643 2045 dativo
678 1998 756 2044 casu
790 1980 823 2042 in
856 1978 922 2044 flne
956 1975 1131 2060 superioris
1164 1975 1310 2041 membri
1342 1972 1431 2059 pou'b

259 2083 436 2149 similitudo
458 2086 738 2167 perturbationem
762 2085 931 2168 scripturae
958 2085 1081 2168 genuit.
1126 2081 1236 2164 Atque
1264 2081 1362 2148 huius
1380 2100 1433 2147 cor·

261 2191 396 2272 ruptelae
430 2191 594 2258 simillima
628 2196 689 2270 est,
724 2212 823 2276 quam
857 2193 892 2256 in
925 2195 1007 2257 orat.
1042 2209 1103 2273 pro
1129 2188 1260 2271 Lumo
1298 2207 1327 2255 c.
1347 2186 1433 2266 ult

261 2296 381 2373 notavi,
417 2295 532 2361 eodem
563 2298 661 2364 modo
684 2298 780 2382 vulgo
803 2299 1011 2365 occultatam.
1057 2294 1242 2379 tegebatur
1266 2296 1368 2361 enim:
1395 2314 1434 2373 or,

260 2407 296 2465 ut
314 2400 352 2483 fit
373 2404 409 2464 in
436 2402 580 2469 ciuilibuu
607 2404 705 2487 bellis,
738 2426 794 2471 mc
823 2408 859 2470 iu
886 2404 972 2470 vobio
999 2404 1102 2489 mucio
1129 2422 1227 2489 φιαηι
1252 2403 1291 2466 in
1317 2399 1435 2488 rdiqrit,

261 2527 366 2571 omncs
388 2509 533 2572 cincmdi
554 2510 659 2575 studio
680 2513 877 2589 tenebamur3
911 2511 945 2576 in
972 2528 1039 2592 qua
1060 2510 1223 2591 scriptura
1245 2527 1289 2574 ea
1309 2512 1383 2575 siml
1399 2506 1436 2572 in·

263 2614 444 2693 commoda,
469 2635 543 2698 quae
566 2637 587 2681 a
610 2617 698 2682 nullo
722 2637 793 2683 esse
817 2618 1045 2683 animadversa
1068 2616 1182 2692 mirem
1216 2614 1437 2698 gravissimu

262 2721 360 2803 quod,
397 2741 498 2804 quum
532 2725 774 2804 praecessissent
802 2725 843 2789 de
871 2723 1101 2790 Tuberonibus
1128 2721 1184 2786 illa
1205 2721 1330 2788 ironice
1351 2720 1438 2807 pono

263 2827 473 2912 lonquidiorc,
497 2829 599 2912 credo,
623 2830 726 2894 studio
748 2832 785 2894 in
806 2851 904 2895 cauca
924 2830 1035 2913 fuistis
1057 2834 1130 2908 cet,
1158 2829 1324 2913 planeque
1344 2846 1440 2895 necu-

263 2933 350 2999 sario
373 2935 610 3000 subiiciendum
639 2940 734 3013 esset,
769 2937 1054 3002 vehementissime
1085 2956 1147 3002 eos·
1167 2935 1318 3019 Pompeii
1346 2936 1440 3019 pono

260 3041 456 3119 defendisse,
481 3041 598 3106 dicitur
621 3044 835 3106 communiter
857 3063 962 3107 ornnes
983 3042 1180 3120 nocturnum
1202 3042 1334 3120 deinde,
1356 3057 1442 3125 quun

262 3167 367 3212 munes
389 3148 538 3212 vincendi
555 3148 663 3213 studio
680 3148 802 3214 incensi
819 3148 919 3214 fuisse
936 3149 1096 3227 dicuntur,
1119 3167 1273 3232 perverse
1290 3149 1326 3214 in
1342 3146 1442 3215 eaden

263 3255 425 3319 sententia
450 3255 659 3338 praemittitur
686 3254 778 3337 utfit
800 3258 920 3319 nonin
946 3255 1032 3320 uobis
1059 3257 1162 3341 mocio
1195 3276 1292 3341 quom
1320 3256 1356 3318 in
1381 3252 1444 3318 nli·
1472 3300 1475 3349 1

263 3361 342 3444 quic,
363 3359 471 3439 idest,
495 3365 531 3426 ut
545 3361 583 3427 fit
598 3363 630 3426 in
648 3363 809 3427 omnibus.
845 3359 993 3444 [Omitto
1011 3382 1112 3444 prave
1130 3363 1280 3445 coniungi
1298 3360 1445 3428 betlono

264 3468 297 3530 et
323 3485 537 3548 personarum
565 3469 846 3551 significationem:
875 3470 912 3532 iu
934 3504 974 3514 —
1000 3468 1089 3533 bellis
1112 3503 1155 3515 -
1176 3468 1213 3533 in
1234 3467 1348 3555 vobio]
1390 3462 1446 3532 sel

264 3572 358 3637 aliter
380 3572 451 3638 haec
473 3593 493 3638 a
517 3574 671 3640 Cicerone
693 3575 814 3657 scripta
837 3595 919 3653 esse,
943 3579 1084 3658 arguunt
1107 3574 1244 3640 codices.
1290 3574 1377 3639 Nam
1398 3572 1447 3639 Er·

264 3678 418 3743 fortensis
442 3684 475 3744 et
497 3679 697 3759 llresdensis¹
732 3684 802 3746 tum
831 3701 871 3746 ex
902 3682 1062 3748 deteriore
1090 3681 1215 3747 familia
1236 3680 1359 3760 Heium,
1393 3678 1449 3745 duo

265 3783 369 3851 Oxou.
398 3785 559 3869 editioque
588 3806 618 3851 a.
645 3787 730 3853 1480
757 3786 895 3852 habent:
929 3809 1034 3854 moues
1064 3789 1165 3866 cuim3
1199 3806 1239 3853 ex
1270 3807 1338 3870 quo
1368 3786 1451 3871 patet

295 4011 317 4081 ¹)
335 4014 467 4069 Gruterus
485 4016 519 4070 de
537 4016 699 4081 suis'codd.,
718 4022 749 4071 ut
766 4017 843 4081 solet,
862 4022 942 4072 tacet.
970 4017 1094 4073 Bavarici
1112 4017 1270 4087 scripturas,
1289 4033 1354 4087 quo
1367 4020 1452 4088 cpont

337 4103 413 4157 falso
440 4108 468 4157 et
494 4104 596 4159 nullius
619 4121 685 4160 usus
709 4105 874 4171 viderentur,
903 4111 951 4161 aut
977 4107 1013 4161 ab
1040 4107 1164 4162 Harlesio
1192 4112 1241 4162 aut
1267 4123 1285 4161 a
1312 4102 1453 4162 omnnio

337 4192 452 4247 omissae
479 4209 547 4258 osse,
575 4193 630 4247 iam
657 4193 813 4250 Wunderus
840 4194 926 4264 (proi.
949 4196 1008 4250 cod.
1032 4195 1086 4249 Eri.
1105 4195 1213 4250 LXXIX
1236 4199 1264 4250 et
1287 4194 1405 4264 prolem.
1423 4191 1454 4246 od

337 4279 486 4344 Plancian.)
505 4281 646 4338 intellexit.

296 4364 318 4434 ¹)
336 4370 445 4436 Vereor,
468 4386 504 4425 ne
526 4386 602 4425 error
619 4370 655 4425 sit
672 4387 744 4426 unns
761 4376 789 4427 et
807 4372 876 4427 alter
894 4372 922 4426 in
940 4371 1024 4437 libris¹
1049 4389 1117 4441 quos
1135 4371 1347 4442 Lagomarsinus
1367 4387 1454 4428 nume

338 4458 375 4512 ris
398 4458 566 4528 significavit,
590 4459 753 4525 indicandis3
781 4465 862 4526 certe,
888 4465 919 4515 ut
936 4461 988 4515 boc
1007 4462 1132 4531 exemplo
1151 4465 1221 4527 utar,
1245 4461 1304 4518 ood.
1323 4459 1359 4515 92
1378 4460 1455 4518 editio

339 4546 448 4602 Grutori
466 4548 542 4603 nullo
561 4548 643 4602 modo
662 4564 721 4603 csse
739 4554 837 4619 potest,
855 4554 887 4605 ut
904 4550 1045 4619 Peyronus
1063 4550 1148 4620 ponit.
