2948 5206
580 1643 880 1735 Praelatio

342 1821 458 1903 prioris
481 1822 653 1886 voluminis
678 1843 707 1887 a.
732 1820 1004 1886 MDCCCXXXIV
1028 1821 1115 1886 editi.

645 2016 800 2023 ——.-

220 2104 296 2228 (lui
311 2159 374 2224 hoc
391 2159 553 2224 volumine
569 2158 888 2239 comprehenduntur
904 2160 1012 2237 libelli,
1036 2159 1067 2235 ii,
1092 2162 1212 2241 praeter
1230 2159 1323 2239 quin·

140 2287 199 2347 tum
223 2288 255 2347 et
278 2283 466 2365 septimum,
499 2302 519 2347 a
542 2301 606 2364 qua
629 2282 799 2346 occasione
822 2284 885 2347 orti
906 2283 980 2360 sint,
1009 2284 1122 2348 titulus
1151 2284 1220 2365 ipse
1251 2283 1323 2347 libri

140 2408 280 2471 ostendit.
337 2405 591 2488 Programmatis
632 2406 718 2469 enirn
758 2407 935 2471 academiae
972 2407 1170 2471 Hauniensis
1205 2407 1320 2469 horum

139 2532 270 2613 quinque
306 2550 464 2594 annorum
500 2529 612 2592 inserti
647 2529 787 2594 fuerunt.
850 2531 938 2595 Duas
974 2531 1045 2595 illas
1087 2530 1323 2611 disputationes

139 2661 260 2736 propter
284 2655 465 2736 argumenti
493 2653 736 2717 similitudinem
766 2659 797 2719 et
827 2653 1050 2734 cognationem
1084 2654 1227 2730 adiunxi,
1263 2673 1322 2717 nec

137 2779 201 2842 ideo
224 2781 266 2842 ab
291 2778 551 2843 academicorum
568 2779 795 2859 opusculorum
817 2777 947 2842 nomine
964 2779 1183 2843 recedendum
1199 2779 1321 2860 putavi.

138 2902 197 2966 Hoc
222 2923 281 2983 ogo
306 2902 455 2965 universo
479 2902 641 2965 scribendi
665 2921 791 2984 genere,
822 2901 909 2983 quod
938 2905 1043 2966 totum
1072 2924 1137 2967 non
1167 2908 1234 2967 tam
1264 2924 1320 2967 vo·

137 3026 250 3090 luntale
275 3030 307 3089 et
330 3025 511 3089 studiorum
542 3026 721 3090 rationibus
749 3026 871 3107 regitur
902 3046 1000 3107 quam
1031 3027 1160 3091 aliunde
1190 3027 1320 3108 pendet,

135 3172 190 3215 non
215 3170 347 3233 possum
371 3169 424 3213 me
448 3150 601 3213 delectari
626 3152 742 3215 dicere.
789 3151 836 3212 Ac
860 3150 967 3231 potius
992 3151 1209 3225 nuncetiam,
1235 3151 1320 3214 hunc

135 3277 242 3338 librum
279 3274 518 3355 contemplans,
560 3294 678 3355 angore
719 3274 861 3354 quodam
900 3275 999 3338 animi
1039 3275 1177 3350 afficior,
1219 3294 1319 3355 quum

132 3401 238 3480 cogito,
264 3403 332 3461 tam
357 3399 460 3461 multa
484 3418 503 3462 a
528 3418 579 3461 me
603 3402 669 3462 tam
694 3399 806 3479 paucis
831 3398 924 3462 annis
942 3399 1076 3480 carptim
1103 3417 1174 3462 esse
1198 3398 1318 3478 scripta

131 3525 168 3586 de
190 3522 356 3587 disiunctis
381 3523 579 3602 argumentis
603 3527 635 3586 et
659 3522 791 3586 minutis
814 3521 923 3599 rebus,
954 3542 1053 3604 quum
1082 3522 1210 3585 interim
1240 3522 1318 3584 nihil

131 3667 235 3710 eorum
261 3645 416 3727 perticere
440 3647 610 3727 potuerim,
636 3666 708 3726 quae
725 3662 830 3728 neque
848 3647 1011 3711 frustatim
1029 3648 1197 3710 concidere
1213 3666 1319 3726 neque

132 3772 239 3834 Latina
264 3771 410 3834 oratione
434 3769 566 3834 induere
591 3790 696 3850 neque
720 3771 840 3835 chartis
864 3771 907 3835 ad
931 3772 1223 3836 diversissimorum
1250 3775 1318 3832 stu·

132 3895 250 3958 diorum
275 3895 423 3958 homines
449 3895 641 3976 vagantibus
665 3896 823 3959 mandare
841 3895 1000 3958 volebam.
1042 3896 1105 3959 Sed
1123 3914 1221 3975 quum
1240 3894 1318 3955 mihi

131 4018 208 4082 hanc
232 4019 394 4083 scribendi
419 4019 555 4083 formam
580 4020 724 4082 muneris
748 4019 811 4083 mei
836 4020 918 4082 ratio
947 4024 979 4082 et
1007 4019 1104 4083 officii
1128 4020 1317 4098 imponeret,

133 4141 199 4205 dedi
222 4163 367 4224 operam.
392 4151 437 4218 ul,
463 4143 589 4208 etiamsi
614 4143 725 4208 tenuia
750 4146 867 4218 essent,
898 4162 971 4222 quae
995 4141 1244 4223 programmatis
1270 4141 1317 4202 in-

134 4265 341 4343 cluderentur,
378 4288 443 4331 non
476 4275 583 4331 essent
616 4273 726 4332 tamen
757 4267 881 4340 inania,
917 4267 974 4330 sed
1007 4267 1128 4347 aliquid
1159 4265 1319 4328 haberent

135 4391 208 4465 novi,
237 4392 324 4472 quod
354 4391 523 4474 philologis
552 4393 678 4468 saltem,
708 4394 735 4455 si
764 4394 798 4455 in
827 4412 866 4454 ea
893 4391 1090 4465 incidissent,
1120 4389 1198 4452 utile
1223 4391 1317 4452 esset.

136 4513 205 4578 Nam
231 4520 262 4580 et
286 4516 373 4580 locos
398 4516 520 4597 aliquot
544 4536 583 4580 ex
607 4516 758 4580 historico
782 4517 898 4581 horum
915 4515 1093 4580 studiorum
1112 4533 1239 4595 genere,
1265 4512 1319 4593 qui
