2956 5190
737 364 803 429 434

133 578 158 618 a·
261 561 296 627 C.
322 562 373 637 16,
403 561 446 625 35
474 562 576 625 verba
605 580 645 625 ex
673 560 796 625 laedere
824 558 988 624 Gaditano
1024 562 1185 642 excerpta
1216 561 1255 626 sic
1281 566 1332 628 sai

172 669 294 733 buntur
321 668 397 732 inde
426 668 468 732 ab
498 668 661 733 Ernestio:
697 667 895 731 Maiestatem
924 667 1040 751 papuli
1077 666 1220 731 Rama
1247 669 1336 733 mnia

172 781 366 851 eaeeseraat03
391 779 423 838 et
446 774 544 856 paulo
567 777 642 857 post
665 775 771 839 editur
794 778 868 856 post
891 772 1096 838 Weiskium:
1127 772 1267 837 stimant
1284 775 1340 839 terli

170 902 268 967 aenas
302 880 358 944 leae
392 889 628 945 coeeseraato.
680 881 814 946 Codices
849 880 952 945 altero
986 880 1061 945 loco
1099 879 1229 945 habent
1257 901 1345 945 eam

171 989 270 1053 aandi
293 986 334 1070 [P
357 992 470 1052 tamen
490 1008 513 1052 a
536 989 641 1069 prima
665 1007 765 1052 manu
788 986 1015 1071 carpetaniae}
1043 988 1163 1071 priore
1185 998 1351 1061 camenam

172 1095 206 1159 in
239 1095 289 1159 his
324 1098 474 1176 apertum
504 1098 554 1159 est
583 1093 637 1176 (ex
664 1094 757 1159 litera
785 1091 820 1175 a)
855 1094 1017 1177 pluralem
1053 1114 1239 1161 numerum
1268 1094 1355 1167 latae

173 1205 324 1283 recteque
349 1201 545 1265 Lambinum
572 1201 623 1266 bis
652 1207 853 1265 conservanto
881 1201 1064 1283 scripsisse,
1103 1202 1201 1283 quod
1231 1201 1298 1284 ipsa
1320 1222 1358 1267 ra

172 1308 326 1389 postulat.
372 1306 407 1372 Si
437 1308 523 1371 enim
555 1315 733 1371 conservato
765 1309 921 1390 scriptum
951 1307 1070 1372 luisset
1102 1308 1151 1372 de
1175 1328 1243 1374 uuo
1264 1308 1362 1392 populi

173 1413 344 1490 Gaditano,
368 1433 502 1496 prorsus
526 1413 657 1478 exclusa
681 1414 795 1478 luisset
818 1413 982 1478 calumnia
1004 1416 1232 1493 accusatoris,
1259 1404 1364 1479 eahta
1398 1422 1400 1427 '

172 1521 414 1603 interpretantis
438 1521 642 1584 communiter
665 1520 705 1584 de
729 1521 884 1602 utrisque.
919 1520 1036 1602 Itaque
1054 1520 1180 1587 Cicero
1198 1520 1367 1604 paulopost

172 1624 204 1707 (ἓ
228 1623 284 1707 37)
308 1627 394 1691 idem
418 1629 464 1692 sie
487 1627 579 1692 dicit:
614 1622 870 1708 manifestere,
899 1633 934 1691 at
959 1629 1171 1692 raaiestatem
1189 1628 1304 1712 papuli
1322 1626 1369 1691 aa

172 1735 262 1796 maai
291 1737 494 1798 comlrraaiter
526 1742 712 1798 conservent.
759 1732 911 1798 Ceterum
941 1735 1063 1799 verba:
1102 1733 1151 1798 [d
1183 1733 1279 1798 laba
1305 1732 1371 1797 lan

171 1841 245 1922 *aiere
269 1847 303 1903 at
325 1841 366 1904 sit
388 1841 442 1905 ille
465 1840 553 1923 (pop.
577 1837 688 1921 Rom.)
711 1841 746 1903 ia
760 1840 880 1922 sade-re
899 1839 1047 1921 inferior,
1074 1841 1274 1907 necessario
1287 1843 1371 1906 inter·

173 1947 317 2029 rogative
340 1947 582 2029 pronuntianda
606 1951 691 2012 sunt.
703 1942 729 2028 ¹)

261 2054 296 2117 In
320 2073 347 2117 c.
374 2055 424 2132 17,
454 2054 497 2119 39
521 2054 751 2119 molestissima
782 2053 985 2118 dubitatione
1013 2053 1247 2135 implicamur.
1291 2053 1372 2134 Quod

173 2160 259 2224 enim
282 2161 357 2226 inde
382 2181 401 2225 a
424 2160 586 2242 Naugerio
610 2166 643 2225 et
665 2160 830 2242 Hervagio
854 2159 960 2224 editur
983 2158 1015 2241 (e
1039 2160 1159 2226 codice
1184 2161 1307 2244 aliquo,
1328 2161 1372 2244 qui

172 2267 216 2331 ad
237 2267 428 2332 Parisiensis
452 2269 587 2350 stirpem
612 2265 789 2349 pertinuit),
814 2266 848 2330 id
870 2286 957 2331 nunc
979 2267 1025 2331 ita
1042 2266 1251 2333 Parisiensis
1267 2267 1372 2333 codicis

173 2375 365 2438 auctoritate
389 2375 608 2452 confirmatur,
633 2378 669 2437 ut
693 2373 823 2438 defendi
847 2373 966 2437 debere
990 2372 1163 2438 videatur:
1190 2376 1250 2460 qai
1271 2373 1371 2457 (Gadi-

174 2465 253 2562 tani)
278 2502 298 2544 a
315 2482 477 2564 [mincipia
500 2482 551 2544 sai
571 2482 696 2564 poneris
720 2500 756 2542 ac
779 2480 827 2542 eei
844 2478 981 2562 preblicae
1004 2479 1044 2542 ab
1066 2482 1158 2544 oanni
1183 2480 1292 2546 studio
1313 2500 1370 2545 aar

172 2608 268 2671 caque
302 2587 466 2651 Paetorum
503 2595 619 2651 onerates
652 2608 728 2650 suas
762 2585 806 2649 ad
836 2594 976 2650 naseam
1004 2588 1180 2670 imperium
1211 2608 1371 2671 emeaenqm

133 2717 158 2755 a
172 2693 335 2774 flexerant.
382 2694 447 2759 Sed
470 2698 581 2759 tamen
605 2698 724 2775 praeter
756 2692 903 2756 codicum
933 2697 1117 2758 ceterorum
1146 2693 1369 2774 perturbatam

174 2801 383 2883 scripturam:
409 2823 428 2864 a
447 2803 608 2884 principio
631 2802 682 2863 sai
703 2800 827 2884 perte-ris
844 2805 899 2862 aret
913 2799 1017 2862 stadio
1041 2800 1088 2862 rei
1099 2820 1138 2882 p.
1162 2800 1203 2862 tn·
1226 2800 1268 2864 'ab
1284 2799 1368 2875 amai.

174 2907 206 2971 in
230 2927 295 2988 qua
319 2912 466 2989 apparet,
491 2907 686 2971 vocabulum
709 2906 812 2970 stadio
837 2925 945 2969 errore
969 2908 1173 2986 praeceptum
1201 2926 1286 2977 esse.
1308 2907 1367 2970 hae-

174 3033 283 3078 remus
307 3014 340 3078 in
363 3015 433 3096 ipsa
457 3014 628 3089 sententia,
653 3033 726 3094 quae
750 3012 917 3076 ridiculam
942 3011 1232 3094 exaggerationem
1256 3012 1367 3077 nabere

173 3120 311 3185 videtur.
357 3122 441 3185 Nam
466 3123 570 3196 inea,
596 3139 669 3201 quae
692 3138 778 3183 nunc
802 3122 861 3197 est,
886 3118 1060 3183 verborum
1085 3120 1317 3184 coniunctione
1337 3118 1365 3199 (a

169 3229 330 3311 principio
352 3230 403 3291 sai
424 3229 548 3312 perceris
568 3226 606 3290 ab
629 3228 714 3289 anerei
742 3224 858 3306 stadia)
887 3226 988 3289 verba
1018 3247 1038 3288 a
1063 3227 1233 3310 principio
1255 3228 1305 3290 aei
1322 3248 1365 3309 ge

175 3336 262 3398 aeris
273 3334 334 3398 nisi
347 3335 387 3398 de
402 3341 547 3416 tempore
560 3332 692 3415 intelligi
704 3336 880 3414 nequeunt,
894 3333 1079 3415 frustraque
1089 3332 1274 3398 Abramius
1285 3333 1366 3398 aliter

176 3461 328 3505 enarrare
353 3445 502 3515 conatu1·;
527 3445 693 3505 ettamen
718 3439 825 3505 Gades
849 3439 996 3520 pluribus
1020 3438 1147 3504 saeculis
1167 3443 1248 3505 ante
1268 3440 1365 3505 auae

175 3569 274 3631 quarn
286 3549 426 3613 Romani
445 3549 478 3612 in
491 3547 683 3629 Hispaniam
697 3548 871 3622 venissent,
893 3566 934 3610 ne
954 3545 1113 3610 Romanis
1134 3546 1272 3628 quidem
1286 3547 1365 3629 igue

246 3762 313 3815 Oxx.
338 3762 405 3826 duo,
434 3761 481 3814 sed
509 3776 582 3813 nunc
609 3759 691 3814 etiam
716 3766 830 3829 uterque
853 3759 1000 3813 Beruensis
1023 3757 1194 3827 adiungitur,
1224 3764 1316 3813 tamen
1337 3774 1365 3812 ex

246 3854 336 3903 iectast
353 3850 394 3912 (E,
414 3850 481 3903 Oxx.
497 3847 524 3913 2)
543 3853 616 3902 recte
635 3850 738 3902 factum
757 3849 865 3902 videtur
882 3851 968 3912 icisse,
987 3847 1061 3915 quod
1080 3852 1107 3900 et
1126 3848 1201 3915 apud
1214 3849 1364 3903 Ciceronem

246 3936 284 4003 (in
303 3939 392 3991 Pison.
412 3936 428 4003 fi
447 3938 481 3990 28
501 3939 529 4001 E,
554 3937 634 4002 Oxx.)
658 3942 686 3991 et
708 3938 781 4006 apud
806 3938 912 3991 Livium
932 3936 1012 4001 (XXI,
1032 3935 1074 4000 18,
1098 3936 1194 3995 XXXI.
1219 3935 1247 4001 2,
1270 3937 1323 4000 XL,
1342 3934 1364 3987 u

246 4032 272 4080 et
291 4027 363 4095 apud
382 4027 507 4079 Tacitum
527 4023 609 4091 (Anu.
630 4026 687 4089 Xll,
707 4025 751 4092 62)
771 4026 816 4080 illo
836 4026 918 4079 modo
937 4025 1040 4079 librarii
1059 4030 1252 4093 corruperunt.
1290 4026 1364 4080 Recte

246 4116 334 4168 torma
353 4114 434 4168 huius
453 4115 565 4183 perlecti
589 4120 696 4168 servate
721 4120 762 4168 est
785 4116 812 4168 in
837 4116 929 4168 codice
952 4115 1129 4184 palimpsesto
1152 4113 1215 4168 libr.
1234 4116 1270 4169 de
1289 4116 1327 4168 Re
1343 4130 1364 4182 p.

245 4203 354 4257 ilci.
392 4204 495 4257 Nonius
523 4209 550 4257 et
578 4203 731 4256 Priscianus
760 4204 787 4257 in
816 4221 847 4258 ea
875 4205 948 4258 Gaelii
973 4211 1000 4257 et
1024 4204 1192 4258 comicorum
1211 4205 1366 4260 auctoritate

245 4297 368 4346 utuntur.
406 4289 496 4357 1842]

202 4378 224 4447 ¹)
243 4380 259 4447 ᾖ
277 4381 320 4446 38,
340 4383 385 4436 ubi
406 4382 506 4435 editur:
527 4385 690 4434 tercie-etatem
712 4383 753 4434 illi
771 4390 891 4436 ecastram
910 4399 1067 4435 coacervare
1084 4383 1216 4446 timerent,
1236 4382 1327 4437 PABE
1343 4388 1365 4434 et

246 4471 306 4524 edd.
331 4476 395 4525 vett.
420 4472 523 4525 habent
550 4488 669 4533 see-rara
698 4476 770 4524 recte
799 4476 891 4525 tamen
919 4471 965 4525 alii
992 4471 1104 4525 alterius
1132 4471 1246 4525 familiae
1267 4472 1367 4525 calices

245 4559 338 4624 (Oxx.)
357 4561 471 4614 verbum
490 4560 680 4629 compositum,
700 4557 820 4626 quadiu
839 4558 890 4611 hac
904 4560 1022 4614 sounula
1034 4560 1177 4629 proprium
1190 4567 1259 4623 erat,
1278 4566 1366 4615 tenere

246 4649 384 4708 videntum
404 4666 468 4703 uam
488 4665 572 4717 supra
590 4663 699 4716 quoque
713 4664 735 4700 c.
749 4644 791 4711 13,
810 4645 843 4698 31
863 4647 892 4700 iu
906 4648 998 4702 PABE
1017 4665 1066 4717 pro
1084 4653 1220 4703 consecuti
1238 4650 1366 4720 scriptum

247 4741 288 4790 est
306 4754 390 4806 prave
408 4741 499 4792 secreti.
