2948 5206
748 269 767 332 7

145 484 243 529 mam
274 483 347 530 csse
375 462 498 528 iactam
532 463 566 528 in
600 464 662 529 hoc
696 483 816 546 genere
851 465 885 528 in
918 465 991 547 ipsa
1025 466 1118 530 Italia
1153 467 1355 531 eversionem

147 570 275 636 veteris
310 570 413 654 copim
449 574 482 634 et
516 569 721 649 eruditionis,
756 570 790 636 id
825 571 914 653 quod
947 571 1136 654 planissime
1171 573 1355 639 cassiodori

148 677 278 760 scripta
305 677 485 742 declarant.
535 677 572 741 ln
599 677 662 742 hac
691 681 803 742 autem
836 681 906 742 tota
942 679 1163 761 disputatione
1198 687 1356 761 quantam

148 804 271 868 pauooe
294 786 347 849 hae
369 783 500 867 Apuleii
523 783 650 866 pagina
675 783 739 848 vim
763 784 926 849 habiturae
949 785 1024 863 sint,
1053 806 1118 851 non
1147 794 1197 851 est
1226 786 1356 851 difficile

152 890 349 975 intelligere,
384 910 459 972 quae
486 890 638 955 inferiore
666 894 816 974 tempore
845 911 911 956 non
941 912 1055 957 eornm
1082 893 1181 957 modo
1209 897 1356 985 ueterum

151 997 325 1077 librorum,
360 997 417 1080 qui
451 1016 472 1061 a
505 997 701 1062 doctissimis
727 998 848 1062 -saeculi
882 998 992 1080 quarti
1020 999 1240 1081 grammaticis
1269 1000 1356 1082 lege·

151 1105 290 1182 baubat,
325 1105 386 1170 sed
414 1104 552 1169 aliorum
579 1104 740 1169 rariorum
768 1109 802 1170 et
829 1121 871 1168 ne
894 1105 945 1169 his
969 1104 1101 1186 quidem
1124 1113 1357 1189 usurpatorum

151 1211 377 1292 cognih‘onem
404 1219 438 1276 et
466 1231 562 1276 usum
586 1211 685 1276 luisse
710 1211 884 1276 videantur
911 1212 1095 1276 ostendere.
1118 1249 1121 1255 -
1147 1213 1227 1290 Quae
1256 1232 1357 1294 quum

152 1317 203 1381 ita
225 1317 302 1393 sint,
331 1317 461 1383 videtur
483 1337 573 1396 sane,
602 1337 703 1400 quum
733 1337 774 1382 ea
796 1317 847 1396 sit,
884 1337 983 1398 quam
1008 1318 1083 1396 dixi,
1119 1317 1302 1383 obscuritas
1325 1319 1358 1382 in

152 1423 220 1488 hoc
241 1424 411 1505 opusculo,
435 1424 619 1506 diligentius
643 1425 684 1488 de
708 1444 748 1489 eo
766 1423 990 1506 quaerendum.
1026 1424 1146 1488 Verum
1164 1444 1204 1488 ea
1221 1424 1358 1506 quaestio

152 1531 245 1594 hunc
267 1529 405 1595 habebit
427 1538 591 1609 eventum,
616 1535 652 1595 ut
674 1531 903 1613 intelligamus,
927 1532 1016 1595 lusos
1040 1550 1112 1595 esse
1136 1513 1221 1596 viros
1245 1531 1358 1596 doctos

156 1635 204 1700 ab
226 1637 378 1719 impmho
405 1637 584 1720 impostore
613 1641 647 1701 et
673 1639 745 1702 haec
774 1637 958 1718 fragmenta
987 1637 1089 1701 stulta
1116 1640 1215 1719 atque
1244 1645 1360 1720 aperta

157 1742 276 1807 lraude
297 1743 523 1808 recentissima
546 1749 644 1809 aetate
667 1745 807 1810 conficta
830 1764 904 1809 esse
928 1752 960 1808 et
983 1748 1087 1809 totam
1104 1743 1194 1808 illam
1211 1748 1360 1809 veterum

159 1850 355 1932 scriptorum
384 1851 728 1917 commemorationem
764 1851 935 1915 mendacio
964 1851 1149 1915 conflatam.
1201 1850 1296 1928 Quod
1324 1853 1361 1914 ut

163 1955 261 2037 plane
284 1960 318 2020 et
338 1957 509 2039 perspicue
533 1963 725 2040 exponatur,
763 1960 803 2024 de
833 1957 948 2022 libellis
978 1958 1018 2021 de
1048 1960 1127 2021 nota
1154 1956 1360 2038 aspirationis

164 2062 260 2126 etde
283 2063 491 2146 diphthongis
514 2065 604 2146 prius
627 2084 733 2146 pauca
756 2064 895 2128 dicenda
912 2068 998 2143 sunt,
1023 2084 1105 2146 quos
1121 2064 1269 2146 pluribus
1286 2070 1361 2146 post

168 2167 366 2234 Priscianum
389 2176 422 2235 et
445 2170 676 2236 Cassiodorum
700 2171 829 2236 saeculis
852 2171 991 2252 scriptos
1021 2191 1093 2234 esse
1124 2171 1203 2236 satis
1218 2175 1361 2250 ¹constat

171 2279 239 2339 tum
271 2295 309 2340 ex
342 2276 417 2340 exili
450 2296 561 2341 rerum
598 2284 749 2354 tractatu,
786 2285 856 2340 tum
891 2298 931 2341 ex
966 2277 1178 2359 scriptoribus
1209 2277 1359 2355 laudatis,

173 2379 288 2447 Isidoro
313 2390 346 2447 et
375 2383 539 2465 Gregorio,
575 2384 717 2448 maxime
746 2404 823 2448 vero
852 2405 892 2447 ex
919 2384 968 2460 iis,
1004 2403 1078 2464 quae
1107 2385 1147 2448 de
1175 2385 1388 2452 nominihuso

178 2486 359 2567 qrribusdam
383 2510 531 2572 nupera
555 2490 705 2555 barbaris
730 2495 763 2554 et
786 2490 1011 2572 Transalpinis
1040 2491 1083 2554 ad
1111 2491 1208 2556 Italos
1240 2491 1361 2574 impor-

182 2593 249 2657 tatis
269 2615 443 2678 eorumque
466 2597 713 2661 scribendorum
742 2597 869 2661 ratione
900 2598 1082 2661 traduntur.
1093 2592 1118 2678 ¹)
1170 2583 1235 2661 Sed
1263 2598 1359 2662 iidem

183 2697 236 2764 loci
255 2702 292 2765 ad
312 2703 459 2768 infimam
488 2711 616 2785 partem
648 2703 765 2767 mediae
794 2704 910 2781 aetatis
946 2705 1037 2768 cuius
1066 2725 1107 2767 ne
1138 2705 1201 2768 alia
1230 2705 1362 2786 quidem

188 2804 242 2870 ulla
269 2813 341 2874 nota
376 2811 645 2892 deprehenditur,
688 2810 748 2875 hos
790 2810 916 2874 libellos
951 2810 1072 2874 referre
1108 2810 1203 2892 plane
1239 2816 1361 2875 vetant.

190 2910 402 2993 Argumentum
426 2921 547 2994 autem,
583 2921 751 2999 sumptum
781 2938 820 2980 cx
849 2918 887 2980 iis
917 2917 1003 2992 locis
1040 2937 1122 2997 quos
1150 2917 1270 2980 scimus
1294 2921 1363 2981 stu-

193 3015 262 3083 diose
287 3026 440 3088 tractatos
470 3025 513 3088 ab
550 3024 777 3105 orthographis
812 3023 895 3086 illius
924 3023 1029 3087 aetatis
1059 3043 1144 3100 csse,
1181 3024 1293 3087 ordine
1321 3025 1364 3088 ad

192 3121 346 3193 literarum
381 3130 499 3194 seriem
536 3131 603 3194 sere
639 3130 918 3206 accommodat0,·
945 3130 985 3193 de
1025 3129 1157 3211 singulis
1198 3131 1364 3195 vocabulis

192 3235 393 3316 precipiendo,
418 3237 488 3300 sine
511 3236 577 3302 ullo
600 3257 710 3301 rerum
734 3237 915 3300 alienarum
939 3240 1066 3311 ornatu,
1100 3237 1188 3300 nulla
1211 3238 1365 3301 affectata

193 3340 355 3407 eruditionis
379 3344 497 3426 specie,
533 3344 726 3420 absolvitur,
762 3344 794 3407 in
826 3364 891 3425 quo
914 3348 1026 3408 tamen
1049 3345 1158 3421 miror,
1195 3344 1364 3413 Osannum

213 3634 229 3703 ¹)
243 3641 289 3696 cfr.
308 3644 370 3697 hiaii
394 3644 469 3712 praes.
494 3661 519 3712 p.
543 3644 663 3697 XXXIII.
702 3644 821 3697 Heinrici
846 3651 872 3698 et
895 3645 1040 3698 Humberti
1064 3644 1177 3697 nomIna
1201 3647 1326 3697 moderno
1350 3661 1366 3696 a

242 3730 424 3803 Transalpinis
443 3738 555 3800 accepta
573 3733 638 3786 dicit
657 3751 682 3801 p.
703 3732 763 3797 112,
788 3734 925 3797 IIaInaldi,
949 3734 1081 3798 Almonis
1105 3734 1247 3794 Volderici,
1273 3734 1365 3785 Vazzo·

244 3820 288 3885 nis,
307 3822 420 3875 Vidonis
438 3839 465 3890 p.
486 3821 545 3885 121,
565 3822 612 3874 uhi
629 3825 750 3888 famosos
768 3826 813 3874 sui
833 3826 960 3890 temporis
978 3825 1097 3876 homines
1114 3826 1222 3876 Guazzo
1237 3831 1261 3874 ct
1277 3824 1366 3874 (luido

243 3911 359 3978 ambare,
378 3913 519 3979 plerosque
537 3919 626 3964 autem
645 3914 698 3965 duo
717 3929 763 3979 uu,
783 3914 854 3979 quod
873 3914 981 3964 omnino
1000 3915 1106 3964 ratione
1125 3920 1224 3977 carcat,
1244 3914 1365 3962 annotat.

244 3997 352 4052 Difficile
382 4005 432 4062 est,
461 3999 530 4052 mihi
556 4000 717 4068 praesertim,
747 4001 774 4053 in
804 4017 832 4052 re
861 4000 1038 4068 diplomatica
1063 4001 1147 4053 ltalia
1172 4016 1225 4052 non
1250 4003 1366 4061 versato,

244 4088 347 4154 quando
367 4088 405 4141 ita
423 4090 506 4142 scribi
524 4095 644 4158 coeptum
663 4089 706 4151 sit,
731 4088 905 4152 constituere,
929 4090 977 4142 sed
997 4095 1090 4142 tamen
1110 4089 1237 4141 videntur
1256 4088 1313 4139 haec
1332 4087 1367 4139 ad

245 4175 375 4231 decimum
394 4179 438 4231 vcl
457 4178 634 4232 undecimum
654 4178 785 4230 saeculum
804 4182 939 4246 speclare;
959 4184 1083 4231 extrema
1098 4176 1180 4230 medii
1199 4176 1249 4228 ari
1269 4175 1368 4229 saecula

246 4265 352 4320 omnino
371 4268 529 4321 excludunt
562 4268 609 4320 Est
628 4267 713 4320 etiarn
733 4266 825 4336 aliqua
845 4268 976 4335 temporis
996 4272 1061 4320 nota
1080 4267 1107 4319 in
1128 4266 1167 4328 iis,
1193 4281 1253 4332 quae
1273 4282 1298 4333 p.
1316 4263 1367 4316 113

247 4353 275 4406 de
296 4358 377 4408 michi
399 4363 426 4410 ct
450 4359 533 4410 ntehil
556 4356 662 4419 scribit,
691 4372 752 4424 quae
775 4358 903 4410 madano
927 4373 978 4409 usu
1003 4360 1111 4423 recepta
1135 4354 1279 4422 improbat.
1321 4354 1368 4406 Est

248 4441 298 4496 hac
320 4445 458 4498 scribendi
482 4445 551 4498 ratio
576 4461 631 4499 non
656 4444 693 4497 ita
711 4460 819 4507 recens,
846 4444 898 4497 rid.
919 4444 1005 4496 Nouv.
1026 4443 1105 4496 traile
1125 4444 1158 4496 de
1177 4443 1318 4511 diplomat.
1337 4442 1366 4495 T.

250 4531 278 4583 lll
295 4551 321 4599 p.
339 4533 398 4587 507.
