2948 5206
137 467 218 533 inloc
237 467 307 533 looo
331 468 468 546 variare,
504 469 601 551 igitur
629 471 833 537 coniecturas
862 469 984 536 frustra
1008 469 1151 535 exerceri
1173 471 1298 537 statuit.

136 573 200 653 Quod
226 593 329 657 quum
358 575 386 639 is
416 575 560 655 dixisset,
596 576 793 660 multiplices
828 576 869 642 de
904 578 1012 660 priore
1046 576 1171 659 periodi
1204 581 1298 660 parte

135 680 290 746 uniaturae
318 682 494 764 propositae
523 686 610 762 sunt,
646 703 720 766 quae
749 687 782 748 et
808 683 1005 748 sententiam
1033 682 1136 748 habet
1163 690 1298 761 rectam,

133 787 223 870 pn'dem
246 807 267 854 a
289 787 420 854 Mureto
442 792 475 854 et
497 798 615 873 postea
644 810 664 856 a
687 790 867 858 Garatonio
895 791 1078 873 expositam
1108 788 1184 871 (hoc
1212 773 1298 855 enirn

132 894 210 960 (icero
243 894 331 972 dicit,
367 916 469 979 quum
498 897 631 981 longam
660 895 758 975 diem,
793 917 855 963 sua
883 896 1015 980 quidem
1043 916 1102 979 spe
1130 900 1298 975 aeternam,

132 1001 192 1066 nbis
221 1001 320 1066 saluti
355 1003 600 1086 propagaverit,
636 1004 775 1068 eandem
809 1024 845 1070 se
880 1005 1097 1069 aeternitatem
1132 1005 1300 1070 memoriae

131 1107 285 1173 emulatus
309 1109 360 1173 sul
384 1109 583 1189 conciliasse,
607 1130 673 1176 non
697 1112 886 1188 interiturae,
915 1112 994 1176 dum
1019 1114 1083 1176 stet
1106 1101 1210 1192 urbs),
1239 1129 1300 1176 nec

130 1213 179 1278 ulis
197 1213 352 1280 librorum
375 1215 501 1281 indiciis
532 1215 565 1281 in
594 1216 812 1301 suspicionem
842 1217 1029 1294 adducitur;
1064 1237 1142 1282 nam
1174 1216 1202 1281 si
1233 1217 1300 1282 dis·

131 1322 232 1398 aessens
256 1341 276 1385 a
299 1323 436 1390 meliore
458 1325 571 1390 ordine
596 1324 782 1403 verborum,
819 1344 919 1407 quam
947 1344 965 1389 e
997 1323 1107 1389 codice
1132 1323 1243 1389 Goion.
1267 1326 1301 1388 et

130 1424 270 1512 llislrurg.
293 1431 433 1507 restitui,
458 1435 491 1496 et
514 1433 615 1497 verbo
639 1453 711 1510 csse,
736 1432 824 1514 quod
844 1451 884 1497 ex
900 1431 1015 1496 iisdem
1035 1431 1171 1513 aliisque
1188 1429 1300 1495 addidi

131 1531 328 1621 (papoqacam
351 1557 416 1601 esse
438 1544 467 1601 ct
489 1538 533 1602 od
554 1539 615 1604 eol.
638 1538 728 1604 urbia
751 1536 844 1619 cet.),'
862 1537 941 1602 nihil
964 1556 1098 1619 prorsus
1122 1541 1171 1602 est
1194 1536 1300 1602 varie·

130 1637 220 1723 tatis.²)
261 1642 386 1710 Contra
409 1644 513 1710 altera
536 1664 613 1728 pars
637 1646 808 1710 sententia
832 1648 945 1727 aperte
969 1647 1019 1707 est
1042 1644 1210 1721 mendosa,
1234 1663 1301 1711 non

132 1746 287 1833 insirigulis
311 1751 431 1829 verbis,
467 1771 541 1835 quae
569 1757 603 1819 et
630 1756 719 1817 recta
743 1758 821 1817 sunt
842 1770 903 1835 per
924 1770 960 1816 se
984 1754 1026 1829 et,
1062 1770 1128 1816 uno
1153 1757 1299 1832 excepto,

134 1855 236 1922 acodd.
259 1858 511 1937 confirmantur3
545 1860 605 1925 sed
627 1864 729 1944 patet,
766 1858 920 1935 averbo,
956 1856 1044 1939 quod
1072 1861 1122 1922 est
1150 1858 1299 1940 imcllipo,

134 1956 181 2025 hec
196 1965 335 2046 pendere
358 1986 425 2031 non
452 1986 565 2050 posse;
600 1987 706 2049 neque
741 1966 828 2031 enim
863 1963 1012 2047 intelligit
1041 1963 1163 2041 Cicero,
1198 1982 1234 2027 se
1268 1965 1301 2027 et

135 2064 291 2153 Pompeium
327 2074 506 2151 exstitisse,
542 2075 597 2156 qui
626 2074 821 2143 ,Romanum
856 2071 1029 2153 imperium
1064 2072 1234 2134 servarent
1268 2071 1301 2132 et

138 2177 347 2258 tnplificarent,
383 2179 441 2244 'sed
472 2180 513 2244 de
545 2183 752 2263 posterorum
784 2179 902 2244 iudicio
930 2180 962 2242 et
990 2175 1300 2242 commemoratione

138 2272 251 2364 buntur,
274 2286 331 2369 qui
354 2285 387 2350 id
410 2286 619 2368 praedicaturi
642 2287 716 2352 sint.
752 2287 819 2351 Nec
843 2305 864 2350 a
887 2284 1013 2350 ratione
1036 2284 1200 2365 discrepat
1222 2300 1300 2346 auc·

139 2388 231 2467 aaa„
264 2393 318 2458 hie
353 2395 440 2458 enim
475 2413 548 2459 esse
583 2393 693 2460 mendi
729 2393 841 2459 sedern
877 2392 1054 2457 ostendunt
1089 2390 1232 2466 codices,
1267 2389 1300 2453 in

141 2511 239 2574 qnorum
261 2499 351 2565 nullo
375 2509 424 2565 est
448 2521 578 2586 unoque,
602 2501 661 2566 sed
684 2504 717 2565 et
740 2501 773 2564 in
796 2499 834 2564 iis
858 2498 1111 2581 (Oxoniensibus
1135 2493 1301 2576 omnibus)

142 2603 201 2667 etin
225 2607 296 2671 edd.
321 2612 401 2672 vett.
425 2609 570 2694 omnique
600 2607 729 2691 (loquor
752 2610 864 2671 autem
888 2605 928 2669 de
952 2605 990 2669 iis
1014 2603 1189 2681 codicibus,
1220 2622 1301 2683 qno·

142 2722 188 2772 nn
203 2713 384 2779 testimonio
408 2716 455 2779 uti
478 2735 669 2798 possumus;
699 2735 776 2779 nam
800 2712 958 2777 Gruterus
982 2711 1022 2774 de
1047 2712 1124 2786 suis,
1148 2713 1185 2773 ut
1208 2709 1300 2782 solet,

143 2812 212 2892 taren
242 2818 387 2884 Graevius
411 2821 452 2885 ad
477 2823 618 2904 priorem
643 2824 771 2886 tanturn
795 2818 965 2883 sententies
989 2821 1115 2899 partem
1146 2815 1301 2890 attendit3

142 2914 328 2991 Ste'umetzius
360 2947 490 3009 quoque
521 2929 555 2993 in
587 2949 626 2992 ea
659 2928 822 3009 vulgatam
855 2924 1049 3007 scripturam
1082 2924 1125 2987 ab
1149 2921 1301 2987 omnibus

143 3021 186 3090 lere
203 3031 287 3097 oodd.
312 3033 496 3098 confirmari
520 3036 576 3110 ait,
609 3035 650 3098 de
673 3034 853 3116 posteriore
877 3036 970 3114 parte
993 3051 1058 3095 non
1083 3030 1220 3111 cogitat3
1256 3028 1302 3092 sic

142 3133 234 3201 oues
260 3139 494 3221 conseruntur).
539 3141 635 3205 Patet
664 3140 822 3205 excidisse
852 3140 986 3202 verbnm
1017 3135 1158 3223 aliquod,
1195 3136 1301 3217 ipsum

141 3237 307 3330 abiatettipo
330 3247 488 3329 pendens,
523 3267 544 3311 a
571 3267 636 3329 quo
666 3247 815 3329 proxima
843 3245 1032 3327 penderent,
1069 3250 1104 3307 ut
1135 3242 1205 3306 haec
1236 3241 1303 3305 iere
1318 3252 1356 3293 1⁰¹

141 3342 210 3413 tueor
233 3355 382 3419 orationis
411 3353 531 3418 forma:
567 3355 711 3439 amarique
747 3360 882 3436 ternpore
898 3349 985 3432 {hoc
1007 3350 1221 3434 pnoedicotom
1249 3349 1303 3428 ἐνί,

141 3453 220 3539 dull]
240 3461 272 3523 in
286 3460 345 3525 loc
360 3459 536 3544 republica
560 3464 621 3524 cet.
656 3458 848 3524 Omissionis
872 3477 972 3522 causa
994 3457 1131 3540 patebit,
1155 3456 1182 3519 si
1206 3457 1303 3547 puta-

141 3553 213 3642 bitur,
243 3567 353 3633 eodem
383 3567 483 3632 verbo
507 3566 645 3649 repetito
674 3567 833 3649 scriptum
858 3565 972 3629 fuisse:
1004 3562 1218 3648 praedicatum
1249 3562 1303 3639 iri,
1372 3554 1375 3559 ’

143 3665 220 3730 mem
239 3679 376 3757 tempore.
385 3669 412 3754 ²)

209 3775 436 3846 lnCatilinaria
458 3775 611 3862 quarta³)
635 3781 775 3861 primum
795 3798 821 3842 e.
844 3781 871 3853 l,
899 3781 912 3841 l
941 3777 1042 3841 edidi:
1067 3775 1121 3840 sed
1145 3795 1224 3853 corn,
1243 3793 1305 3855 per

145 3872 199 3940 deta
216 3882 402 3968 immortales,
437 3886 589 3971 deponite,
626 3887 728 3950 eiecto
760 3886 954 3950 auctoritate
978 3883 1096 3948 codicis
1121 3881 1155 3946 C.
1181 3880 1358 3961 Steph.,1os

148 4012 369 4038 ‘’k-

170 4084 186 4152 ¹l
200 4093 389 4166 &wantiam
417 4117 465 4169 pro
488 4108 673 4168 propopolom
703 4100 730 4153 in
758 4114 814 4151 uno
843 4098 900 4150 cod.
928 4095 1057 4165 pessimo,
1088 4093 1305 4162 vulgatissimum

204 4186 319 4252 nudum,
338 4206 395 4244 uon
413 4205 536 4244 numero.

171 4260 189 4329 ')
203 4264 330 4333 [leniorem
350 4278 514 4333 medicinam
532 4277 637 4330 tentavi
650 4281 745 4344 postea
762 4274 789 4328 in
803 4275 921 4328 editione
939 4278 1044 4342 quarta,
1064 4288 1097 4324 ex
1116 4272 1193 4325 cuius
1212 4271 1305 4339 preala-

205 4359 261 4417 liene
277 4373 398 4436 excerpta
416 4371 539 4420 extremo
559 4366 622 4419 huic
641 4363 773 4418 volumini
794 4360 968 4428 inserentur.]

175 4438 192 4506 ¹)
206 4445 264 4505 Hanc
279 4457 425 4510 orationem
445 4456 496 4510 luit
520 4471 608 4526 nuper
636 4454 682 4522 qui
712 4470 729 4506 a
752 4452 881 4506 Cicerone
904 4448 1114 4504 adiudicandam
1139 4466 1198 4502 esse
1217 4448 1306 4516 dispu-

208 4539 261 4593 ωε(
277 4543 305 4596 iis
321 4544 498 4614 argumentis,
517 4561 579 4613 quae
598 4559 652 4597 non
667 4548 723 4594 tam
737 4541 894 4610 singulatim
908 4536 1057 4592 refellenda
1070 4537 1203 4599 videatur,
1223 4552 1307 4605 quam
