2948 5206
648 277 712 342 481

115 476 205 540 lectum
226 472 273 537 fit.
320 471 502 537 Destitutus
527 473 612 536 enim
638 492 747 537 sermo
776 471 889 538 formis
921 473 964 538 ad
996 473 1134 538 eandem
1163 476 1281 539 seriem

115 585 265 662 temporum
290 578 472 643 notandam
494 578 527 642 in
556 579 704 645 oratione
736 579 779 643 ad
808 580 1008 662 praeteritum
1040 580 1145 644 relata
1167 600 1281 646 neces·

116 688 179 751 sario
203 685 303 750 utitur
333 685 419 750 notis
449 684 557 750 minus
591 685 761 750 distinctis.
807 686 844 750 tn
871 685 1052 768 perlectum
1081 688 1153 753 haec
1176 689 1281 753 forma

116 791 277 857 maiunrtivi
312 794 382 856 tum
417 791 545 870 transit,
581 812 681 874 quum
716 791 893 873 respondet
926 792 1101 858 indicativo
1134 796 1280 877 perlecti,

117 897 182 961 uelut
199 917 235 962 ex
256 917 308 974 ea,
339 898 428 980 quod
458 901 523 963 est:
558 919 653 983 quam
684 920 761 963 usus
785 898 995 982 propredieas
1022 899 1281 982 familiaritatem

118 1003 198 1086 derit,
217 1012 281 1068 tum
305 1025 397 1068 amar
419 1004 596 1087 efflorescit,
620 1005 658 1068 fit
680 1003 759 1087 (uic.
784 1005 824 1069 de
847 1004 917 1069 rin.
941 1004 964 1082 1,
989 1005 1042 1082 20,
1066 1006 1138 1089 69):
1162 1008 1281 1091 dieunt,

118 1131 187 1195 pam
206 1146 243 1157 —
267 1110 414 1194 effecerit,
444 1118 511 1174 tum
543 1145 586 1156 -
618 1111 821 1194 efflorescere.
868 1112 1012 1176 Tantum
1037 1112 1281 1196 intelligendum

119 1220 166 1291 est,
192 1220 327 1295 veteres,
363 1237 464 1300 quum
498 1218 584 1282 hano
618 1217 758 1283 formam
794 1238 833 1283 ex
868 1216 978 1284 futuro
1012 1218 1046 1282 in
1080 1222 1281 1301 praeteritum

119 1324 309 1389 transeuntem
341 1328 511 1405 ponerent,
546 1344 612 1388 non
646 1344 777 1407 semper
812 1332 900 1390 certo
928 1344 1026 1389 sensu
1053 1329 1204 1408 tempora
1233 1327 1283 1392 di·

119 1429 245 1507 duxisse,
268 1434 306 1495 ut
330 1432 466 1513 praeoise
489 1431 551 1512 ipsi
575 1430 681 1495 dicere
706 1434 848 1513 possent,
873 1432 929 1495 ubi
953 1431 1337 1513 profuturoexaato,1m

119 1534 159 1598 ulti
176 1555 225 1617 pro
246 1537 391 1619 perlecto
414 1541 583 1619 ponerent.
594 1531 619 1618 ¹)
665 1537 731 1601 Sed
753 1541 865 1601 tamen
887 1537 921 1601 in
945 1538 1130 1603 huiusmodi
1151 1541 1283 1622 quidem

121 1643 237 1724 exemplo
258 1644 414 1709 orationis
437 1664 503 1709 non
526 1643 657 1708 aliunde
681 1663 860 1726 suspensae,
885 1645 982 1726 quale
1005 1648 1055 1711 est
1078 1647 1167 1728 apud
1191 1648 1283 1714 Cice·

120 1764 201 1813 rouen
222 1750 378 1815 Academ.
402 1751 429 1814 11
451 1749 545 1831 §812
569 1771 665 1836 quam.
688 1747 876 1833 (radonem)
899 1758 934 1814 at
961 1754 1099 1817 maritae
1127 1754 1284 1819 inveneris

120 1853 190 1936 (arrad
207 1856 293 1920 laud
315 1858 378 1922 scio
409 1878 453 1921 aa
481 1877 544 1920 aaa
566 1857 696 1941 possis),
727 1877 791 1920 aaa
820 1864 854 1920 ta
883 1877 991 1920 aerum
1023 1865 1128 1923 testem
1158 1859 1282 1942 habere,

120 1959 158 2021 aa
180 1983 237 2026 eura
268 1984 332 2028 aaa
361 1965 429 2028 siae
458 1985 556 2028 caasa
585 1963 705 2046 fratrum
738 1964 947 2028 testimonium
975 1963 1079 2028 dicere
1101 1965 1283 2048 ostenderis,

120 2064 227 2134 allemm
250 2070 397 2135 futurum
427 2073 577 2134 exactum
608 2071 723 2152 arguit,
759 2070 923 2152 quomodo
954 2072 1045 2153 prius
1076 2073 1119 2137 ad
1150 2092 1282 2139 sensum

121 2167 311 2242 Romanorum
341 2175 504 2241 acciderit.
555 2177 623 2241 Nec
654 2179 687 2241 in
717 2178 778 2241 hoc
809 2176 889 2241 Livii
920 2176 991 2241 loco
1022 2198 1074 2242 res
1106 2178 1206 2244 dubia
1234 2185 1284 2246 est

120 2274 240 2359 (XXVIII,
262 2284 317 2361 43,
344 2281 414 2364 lot:
438 2290 514 2365 tam,
537 2282 672 2366 horride,
695 2304 800 2367 qaam,
824 2284 853 2347 ai
876 2284 974 2347 uictor
997 2304 1034 2347 ea
1061 2285 1180 2368 Africa
1209 2288 1284 2351 red·

120 2381 193 2469 iata,
220 2411 256 2454 ea
279 2392 351 2474 ipsa
374 2391 504 2467 eleuare,
537 2393 593 2455 aut
616 2390 650 2453 iu
673 2388 735 2454 hoc
759 2388 838 2471 (ibd.
857 2391 888 2468 8,
912 2388 963 2472 4):
994 2411 1050 2455 aaa
1065 2413 1129 2477 pro
1156 2393 1285 2476 difficili

120 2487 252 2559 atatam
277 2496 466 2573 tabariam,
502 2498 537 2559 ia
564 2517 633 2581 quo,
669 2497 697 2559 si
723 2496 814 2558 enoda
843 2516 1025 2581 conpressas
1053 2519 1122 2561 aem
1146 2499 1284 2564 hostibus

119 2595 157 2677 tia,
174 2604 285 2668 aceris.
333 2603 483 2668 Ceterum
508 2604 578 2685 ipse
601 2603 678 2679 scio,
713 2603 881 2667 Romanos
909 2604 1072 2667 interdurn
1104 2604 1147 2669 ad
1177 2606 1283 2688 expri-

119 2707 239 2773 mendam
262 2730 397 2792 prorsus
420 2710 520 2775 futuri
543 2709 699 2791 temporis
723 2711 888 2773 notionem
912 2710 1011 2791 paulo
1035 2710 1148 2775 durius
1171 2713 1203 2776 in
1221 2711 1284 2777 hac

119 2804 195 2879 sonna
222 2817 396 2881 indicativo
427 2818 541 2898 primae
573 2835 722 2897 personae
754 2834 831 2879 usos
863 2834 952 2891 esse;
988 2819 1074 2880 certe
1108 2817 1140 2881 id
1171 2818 1284 2884 Cicero

118 2911 171 2983 feeit
188 2921 323 3006 Philipp.
342 2923 396 2987 Vll
419 2922 492 3003 §82
517 2943 623 3008 quaero
646 2942 759 3007 oroque
781 2943 843 3001 aaa,
868 2957 908 2967 -
933 2943 972 2986 ae
994 2923 1030 2985 id
1048 2925 1153 3007 praa,
1177 2945 1283 3009 quarn,

119 3026 252 3111 partierit,
277 3030 446 3113 explicaro,
471 3030 657 3112 repudiata
692 3032 761 3093 tota
791 3030 876 3092 enim
907 3030 1062 3094 orationis
1086 3033 1283 3096 cohaerentia

119 3123 184 3197 inre
204 3136 353 3218 cogitata,
382 3155 466 3217 quae,
495 3137 522 3199 si
546 3139 713 3201 senatores
737 3135 949 3218 repudiarint,
978 3136 1067 3201 nulla
1091 3137 1200 3202 lutura
1225 3142 1284 3214 est,

116 3233 145 3297 td
178 3243 411 3307 coniuncturum
452 3242 599 3320 inclinat,
647 3247 682 3306 ut
722 3263 788 3307 non
832 3242 940 3306 minus
980 3247 1093 3325 aperte
1132 3244 1172 3309 de
1214 3244 1283 3309 rin.

115 3334 150 3420 u,
169 3346 216 3411 m.
224 3343 250 3429 ²)

115 3514 350 3535 *—

128 3621 143 3689 ¹)
158 3630 365 3686 Restituendum
393 3637 435 3685 est
458 3632 486 3684 in
514 3637 671 3684 transcursu
697 3632 748 3685 hoe
772 3632 896 3686 laturum
920 3637 1047 3686 exactum
1070 3632 1146 3685 Livio
1170 3632 1197 3685 in
1221 3632 1275 3685 libr

158 3719 249 3785 xxm,
272 3719 317 3785 32,
340 3720 366 3785 4,
391 3720 446 3783 ubi,
470 3720 629 3789 perturbata
653 3726 808 3790 temporum
833 3722 1032 3785 consecutione,
1062 3720 1165 3774 editur:
1195 3722 1228 3774 Si
1249 3722 1283 3774 aa

156 3812 253 3876 insem'a
270 3813 383 3864 emanat
401 3827 450 3862 rex
467 3811 559 3875 Hiero,
579 3827 630 3878 quo
649 3828 694 3863 ore
713 3819 761 3863 aar
781 3811 934 3878 Syracusas
947 3819 995 3863 aut
1008 3812 1120 3865 Romam
1139 3813 1164 3862 ei
1180 3812 1285 3863 ostendi

151 3915 239 3966 posse,
258 3917 350 3967 quum,
368 3899 416 3951 abi
433 3902 589 3951 semirutam
610 3917 642 3951 aa
654 3901 799 3965 spoliatam
807 3903 931 3966 patriam
945 3902 1111 3967 respexisset,
1130 3901 1284 3966 inpaediena

153 3989 269 4041 &mom
288 3990 317 4039 ia
336 3987 462 4040 uestibulo
485 3988 570 4053 uatis,
592 4005 680 4054 prope
706 3991 731 4040 in
747 3996 839 4054 porta,
867 3990 955 4055 spolia
973 3991 1076 4056 patriae
1099 4004 1155 4041 arroe
1173 3991 1284 4041 riennes

152 4079 210 4130 ait?
233 4076 346 4130 Codices
365 4076 577 4129 Drakenborchii
598 4080 624 4129 et
643 4076 763 4144 optimus
777 4077 950 4130 Florentinus
969 4083 997 4129 et
1009 4077 1159 4130 mediocres
1179 4082 1206 4130 et
1225 4094 1284 4146 pes·

150 4165 216 4219 simi
236 4164 340 4218 habent
359 4167 514 4232 respexerit.

115 4253 213 4322 Mlia
242 4253 369 4321 exempla
395 4253 480 4306 hahet
505 4253 656 4307 Ellendtius
681 4254 708 4307 in
733 4260 879 4308 comment.
905 4256 938 4308 de
962 4253 1055 4307 formis
1074 4253 1281 4307 enunciatorum

147 4341 383 4398 condicionalium
412 4358 438 4409 p.
458 4341 507 4403 til),
540 4342 587 4394 sed
621 4359 675 4394 non
704 4347 776 4395 recte
805 4343 926 4396 laturum
956 4347 1081 4396 exactum
1110 4342 1282 4395 coniunctim

146 4447 248 4486 carere
276 4430 377 4484 scribit.
415 4430 516 4484 Eadem
547 4435 587 4483 est
616 4431 684 4483 ratio
713 4431 798 4484 futuri
825 4431 964 4499 simplicis,
994 4431 1067 4484 velut
1086 4431 1202 4500 Philipp.
1222 4432 1282 4484 vlll

1032 4518 1066 4571 31
