2956 5190
753 157 818 223 398

133 357 252 419 ⁵1³no‘n
274 353 337 418 hoc
361 353 523 436 praeponi3
559 357 592 417 et
614 372 656 417 ne
680 355 751 417 erat
774 352 905 435 quidem
929 352 1081 432 aedilicia,
1110 354 1275 437 quoniam
1296 354 1380 421 aaut

187 460 292 525 factus
326 479 392 525 non
425 463 488 536 est;
524 460 722 540 omninoque
753 458 787 522 id
816 459 1013 525 adiectivum
1045 461 1095 527 ita
1123 461 1276 543 positum
1302 462 1381 545 signi

186 567 313 644 ficaret,
354 566 453 631 aliam
494 585 566 630 esse
607 564 745 630 aliorum
785 566 1038 648 magistratuum
1074 570 1295 648 praetextam,
1329 587 1382 635 mu

188 673 337 750 eandem,
373 656 469 755 quod'
495 671 614 736 salsum
650 675 709 736 est.
755 671 804 737 De
839 692 903 755 quo
933 674 1134 755 magistratu
1166 672 1284 741 Cicero
1309 674 1383 740 diae·
1424 674 1427 701 ⁵

187 783 246 858 ret,
271 781 351 844 satis
381 781 509 857 norant,
546 778 601 859 qui
629 778 783 855 aderant3
819 781 1053 861 grammaticus
1078 780 1314 847 annotandum
1333 801 1383 865 pn·

187 888 280 951 tavit.
290 881 316 966 ¹)

276 992 400 1057 Eodem
423 1009 495 1072 cap.
519 987 538 1070 θ
563 990 603 1055 18
627 993 715 1054 recte
738 991 771 1055 in
794 991 869 1056 Par.
893 996 926 1055 et
949 991 1015 1057 Eri.
1038 993 1209 1075 scriptum
1233 996 1299 1058 est:
1321 1015 1383 1058 m

188 1118 278 1183 qaam
301 1118 338 1160 aa
361 1097 503 1161 arnaibaa
525 1095 662 1160 tribunis
678 1096 774 1180 pleb,
797 1099 970 1183 quicunque
992 1098 1138 1164 seditiosi
1158 1099 1309 1183 fueruat,
1329 1108 1383 1164 a·

188 1204 342 1268 audacem
374 1204 517 1269 audieria
542 1202 645 1286 faisse
672 1208 744 1281 cet,
778 1224 844 1270 non
870 1204 1004 1288 fuerint.
1050 1205 1168 1272 Genus
1200 1210 1325 1273 certum
1349 1226 1382 1271 er

188 1310 323 1375 historia
345 1314 459 1374 notum
484 1310 745 1393 comprehendit3
780 1310 890 1393 itaque
918 1311 1075 1377 orationis
1104 1312 1256 1396 obliquae
1282 1315 1329 1379 vis
1347 1313 1385 1378 ad

189 1437 262 1482 eam
286 1419 482 1481 sententiam
507 1435 573 1480 non
596 1416 747 1498 pertinet.
1365 1476 1369 1481 .

277 1523 313 1589 C.
337 1524 367 1600 8,
393 1522 435 1588 19
458 1522 711 1605 intelligentibus
736 1522 840 1599 facile,
875 1524 983 1589 minus
1012 1524 1128 1606 peritis
1156 1527 1217 1591 vix
1248 1531 1283 1590 et
1308 1545 1382 1609 agre

189 1629 448 1712 persuadebitur,
473 1628 649 1694 manifesto
673 1629 819 1694 convinci
835 1629 1120 1712 interpolationem
1139 1632 1265 1698 codicis
1280 1632 1383 1698 arche·

189 1714 268 1820 tgpi.
314 1737 428 1801 Editur
462 1737 563 1800 enim:
601 1736 715 1815 Quare
748 1737 830 1800 illud
864 1739 958 1801 ctiam
993 1758 1031 1801 aa
1064 1745 1103 1820 te,
1139 1745 1313 1805 conatusne
1337 1740 1384 1817 sis,

190 1844 372 1924 caluariam,
407 1843 541 1928 denique
564 1844 714 1927 cogitaris
742 1842 800 1926 (ast
823 1845 906 1907 caim
928 1864 978 1908 rea
1001 1844 1168 1927 eiusmodi,
1204 1852 1254 1927 ut,
1286 1844 1384 1910 stult

188 1952 377 2014 intuentem
400 1950 491 2014 modo
514 1952 606 2032 acciit,
641 1971 730 2015 acmo
752 1952 804 2031 sit,
839 1952 893 2035 qai
924 1956 953 2013 ta
982 1950 1046 2014 alla
1077 1940 1228 2016 madata
1255 1971 1318 2016 aare
1344 1953 1384 2015 a·

189 2055 321 2140 dignum
337 2055 453 2139 putet),
487 2059 676 2142 cogitarisae
704 2078 809 2142 augur
831 2054 914 2138 fieri.
959 2056 1025 2121 Sed
1052 2056 1200 2139 primum
1224 2061 1297 2123 tota
1316 2077 1384 2123 sen·

189 2163 299 2229 tentiae
334 2164 441 2228 forma
474 2164 633 2246 postulat,
674 2172 710 2228 ut
749 2167 822 2245 post
862 2162 994 2248 denique
1028 2163 1256 2246 suspendatur
1289 2164 1384 2230 oratio

168 2272 456 2352 ‚praepareturque
479 2270 568 2347 illud,
598 2271 685 2352 quod
708 2273 818 2335 orator
841 2269 1011 2335 additurus
1034 2270 1091 2346 sit;
1126 2270 1261 2349 deinde,
1289 2270 1315 2336 si
1337 2270 1383 2336 Ci-

190 2396 263 2441 cero
288 2377 424 2441 verbum
448 2378 560 2442 statim
576 2377 748 2459 posuisset,
772 2377 889 2440 saltem
906 2380 994 2441 recte
1008 2378 1175 2459 posuisset
1189 2378 1382 2464 cogitarieaa,

190 2482 301 2546 addita
329 2483 499 2564 particula,
535 2504 607 2565 quae
641 2483 757 2548 abesse
788 2482 877 2546 nullo
905 2481 1004 2549 modo
1032 2490 1160 2565 posset;
1196 2488 1270 2549 tum
1304 2491 1383 2549 certe

189 2592 263 2670 post
285 2589 495 2670 parenthesin
518 2610 583 2656 non
611 2594 679 2654 tam
708 2590 795 2654 nude
824 2590 910 2654 idem
942 2589 1079 2654 verbum
1110 2591 1298 2673 repetisset,
1329 2591 1382 2656 sed

189 2697 246 2757 aut
268 2694 323 2758 sed
345 2697 533 2779 copitariane
556 2701 615 2761 aut
637 2697 733 2762 simili
757 2698 854 2761 modo
886 2697 1030 2761 dixisset.
1076 2696 1149 2762 Non
1178 2701 1289 2780 pa'uca
1314 2704 1382 2763 sunt

188 2801 373 2866 huiusmodi
397 2802 626 2885 supplementa
649 2804 769 2885 partim
794 2803 827 2866 in
843 2803 1008 2868 codicibus
1030 2804 1189 2869 orationis
1211 2809 1292 2870 ante
1313 2824 1381 2888 par·

189 2907 337 2972 enthesin
366 2910 490 2992 reliqua
518 2913 762 2992 praeparantem
786 2929 965 2992 suspensae.
1011 2908 1177 2974 Praeterea
1201 2911 1306 2976 codex
1322 2911 1381 2976 Eri.

135 3041 173 3080 51⁴
188 3017 299 3092 habet,
334 3022 372 3082 ut
394 3017 468 3081 edd.
492 3020 570 3080 vett.
595 3019 628 3079 et
651 3016 765 3080 Lamb.
790 3017 824 3080 in
851 3017 997 3099 margine
1021 3016 1097 3081 edit.
1121 3021 1237 3099 repet,
1277 3018 1382 3098 Quart

189 3125 284 3186 etiam
307 3123 398 3201 iliad,
428 3124 482 3206 qui
507 3122 681 3187 verborum
705 3123 785 3187 ordo
809 3123 916 3187 ethic
939 3127 972 3187 et
996 3143 1023 3187 c.
1050 3124 1099 3199 12,
1124 3123 1169 3188 30
1193 3124 1382 3190 auctoritate

189 3229 274 3305 Par,
299 3230 405 3306 Bern,
434 3229 510 3307 Eri,
541 3233 573 3294 et
597 3249 624 3293 c.
651 3228 701 3306 14,
731 3230 774 3293 33
798 3230 991 3294 auctoritate
1015 3229 1089 3294 Par.
1114 3233 1147 3294 et
1168 3229 1269 3295 Bern.
1294 3232 1382 3296 resti·

189 3336 328 3401 tuendus
353 3342 412 3413 est,
448 3339 543 3400 ctiam
571 3337 773 3400 adverbum
798 3332 953 3417 relato²);
988 3339 1101 3400 contra
1124 3340 1200 3418 post
1224 3344 1318 3423 atquc
1339 3341 1383 3402 est

189 3441 269 3506 iliad
300 3445 394 3506 alicam
423 3443 457 3506 in
487 3443 638 3507 omnibus
670 3441 764 3506 codd.
790 3442 841 3518 14,
870 3444 913 3506 34
937 3446 970 3506 et
995 3443 1045 3519 15,
1075 3442 1127 3506 37.
1178 3442 1285 3509 Paulo
1315 3447 1383 3528 post

188 3546 205 3628 ἓ
230 3548 573 3614 200rd0re1horum
599 3569 616 3613 e
641 3550 711 3614 cod.
735 3550 821 3626 Par,
857 3550 995 3615 Lambb.
1019 3550 1197 3615 mutandus
1226 3554 1278 3615 est
1308 3550 1380 3634 (raa

184 3676 218 3736 p.
237 3656 360 3737 platani-i
383 3655 505 3737 (latera).

206 3797 345 3804 ----——.-
349 3799 361 3804 -
366 3799 377 3803 -
386 3799 452 3805 ...-

216 3882 237 3950 1)
256 3886 340 3938 Paulo
359 3892 421 3954 posi
440 3885 466 3938 in
487 3886 584 3938 eadem
603 3885 722 3938 sectione
741 3885 769 3938 in
789 3885 882 3939 codice
901 3886 1048 3955 archetypo
1066 3903 1116 3955 pro
1134 3888 1289 3941 babuerunt
1304 3887 1383 3942 fuine

258 3976 422 4037 habita-ant,
451 3979 526 4043 patet
554 3991 586 4028 ex
615 3990 749 4027 consensu
777 3975 851 4038 Pan,
879 3975 946 4036 Eri..
975 3974 1024 4029 Ox.
1051 3984 1085 4039 ψ,
1117 3976 1251 4030 mendose
1278 3982 1383 4031 tamem

258 4079 322 4116 nam
342 4063 369 4115 id
388 4063 478 4131 ipsum
499 4062 557 4115 vult
581 4063 776 4117 moderationis
799 4081 859 4117 esse
883 4065 1087 4127 documentum,
1117 4080 1173 4118 non
1200 4064 1276 4132 quod
1304 4065 1382 4133 leges,

258 4168 326 4219 quas
354 4152 501 4220 aliquando
529 4151 690 4205 habuissent
718 4153 917 4221 promulgatas,
951 4154 998 4206 sed
1032 4153 1105 4222 quod
1138 4169 1198 4218 eas,
1232 4169 1302 4221 quas
1337 4169 1383 4222 per

258 4247 346 4294 totum
375 4257 478 4294 cinnum
507 4240 662 4305 habuerint,
690 4247 720 4295 ut
748 4242 858 4306 ferrent,
887 4243 909 4296 si
937 4242 1047 4310 quamdo
1075 4240 1177 4306 liceret,
1205 4246 1300 4296 tamen
1329 4258 1382 4295 non

259 4329 378 4383 tulerint.

215 4413 236 4481 ΔᾸ)
255 4414 320 4482 [Sed
340 4419 422 4472 etiam
442 4436 491 4489 pro
510 4418 576 4473 Sall.
596 4416 613 4484 ἓ
631 4416 647 4470 4
667 4418 807 4472 scribitur:
831 4422 928 4485 Quare
948 4421 1015 4472 illud
1033 4415 1134 4485 etiam]
