2948 5206
639 316 703 382 317

112 509 210 577 bellios
242 510 365 575 mutari
398 510 485 588 velit,
521 530 622 593 quum
651 511 721 595 ipse
748 511 948 593 reliquorum
977 512 1125 578 codicum
1153 513 1270 579 turbas

113 616 263 683 deluerit
284 621 376 682 ortas
397 636 471 683 esse
494 636 534 682 ea
556 618 776 700 interpolandi
799 618 982 698 sedulitate,
1018 638 1093 702 quae
1120 619 1155 683 in
1176 618 1270 684 Pari-

203 743 333 806 quoque
367 723 488 801 codice,
524 743 625 806 quum
660 724 767 807 prima
800 736 919 790 manus
954 726 1040 790 hanc
1074 725 1268 807 scripturam
1317 740 1320 746 ·

113 831 238 908 auset
273 831 434 914 corrigere
464 832 613 896 tentavit.
659 831 756 910 Quod
783 835 895 897 artem
924 818 1121 898 Lambinum
1143 831 1268 911 laudat,

113 938 300 1020 pisenserit
332 938 464 1020 proprie
497 938 618 1019 requiri
653 946 746 1025 atqaua
779 938 930 1025 hodieque
964 937 1039 1021 (boc
1074 941 1137 1016 est,
1177 938 1270 1002 bodie

113 1042 211 1130 W),
245 1044 401 1109 nimirum
431 1045 554 1110 rariore
583 1048 616 1110 et
639 1046 846 1128 elegantiore,
882 1065 982 1128 quam
1004 1046 1154 1129 putabat,
1189 1063 1270 1110 voce

113 1149 260 1217 tannem
282 1151 383 1216 beare
406 1150 518 1227 voluit,
543 1152 598 1233 qui
621 1155 750 1217 tantum
773 1151 869 1217 abest
891 1155 928 1217 ut
944 1171 1018 1218 eam
1034 1152 1208 1231 desideret,
1231 1155 1268 1217 ut
1282 1169 1322 1209 ³⁹1

113 1274 181 1339 nque
206 1258 276 1340 ipse
306 1278 414 1341 neque
440 1259 550 1323 Livius
580 1277 688 1341 neque
711 1259 884 1342 quisquam
919 1260 1083 1342 antiquior
1116 1278 1156 1324 ea
1190 1278 1270 1324 usus

113 1364 262 1445 sanant.
272 1358 299 1445 ¹)
1015 1388 1021 1399 ·

166 1469 250 1548 (24,
276 1472 319 1536 10
347 1471 454 1536 editur
481 1472 547 1537 iam
577 1471 653 1537 inde
682 1492 703 1537 a
731 1473 844 1537 lunta:
880 1471 924 1535 ud
950 1492 1041 1558 quern
1069 1469 1270 1554 (Catilinam)

114 1576 248 1642 incanuit
271 1584 328 1642 aut
350 1579 379 1643 si
402 1598 423 1641 a
445 1598 494 1642 mc
515 1577 658 1643 discessit
686 1599 827 1671 unquam
855 1577 1051 1665 (qcaanquam
1078 1579 1171 1642 inubi
1198 1578 1272 1642 boni

114 1680 278 1750 duanam
300 1685 350 1749 ilii
371 1684 492 1748 bomini
513 1705 648 1771 nequeam
676 1692 769 1771 atque
790 1685 931 1770 improbo
957 1682 1169 1767 studuerunt),
1204 1678 1274 1749 tum¹

114 1790 264 1857 uitiantur
288 1791 405 1856 Catius
430 1791 577 1856 Catilina
600 1793 734 1856 nimium
755 1792 937 1875 familiaria
957 1791 1069 1874 fuisse,
1101 1810 1203 1873 quum
1226 1790 1270 1856 ad

114 1897 266 1963 ualentiam
289 1898 387 1977 male,
416 1934 458 1942 -
485 1918 563 1964 nam
587 1899 634 1963 sic
656 1898 736 1963 illud
759 1919 942 1984 quanquam
964 1897 1187 1981 superioribus
1210 1915 1270 1961 an-

114 2005 219 2083 aditur,
254 2006 288 2070 in
319 2004 438 2088 quibus
468 2005 547 2069 nihil
578 2009 638 2083 est,
674 2005 717 2070 ad
749 2005 837 2087 quod
869 2005 1040 2081 referatur,
1074 2008 1108 2069 et
1130 2005 1177 2068 ita
1199 2005 1270 2068 haec

114 2105 231 2189 iuntur,
266 2117 425 2195 tanquam
456 2112 599 2194 postulet
631 2112 744 2178 Cicero
774 2131 929 2194 magnam
962 2111 1105 2194 aliquam
1129 2113 1162 2174 et
1184 2109 1271 2175 diffi-

115 2212 170 2281 iem
189 2219 234 2282 rei
263 2219 502 2301 probationem,
538 2237 637 2300 quum
673 2221 744 2283 lota
778 2217 883 2283 oratio
916 2218 959 2281 sit
991 2216 1209 2300 permittentis
1238 2220 1271 2280 et

115 2324 288 2401 macilentis,
313 2327 341 2390 si
364 2325 416 2389 vel
439 2325 604 2390 levissima
621 2324 740 2389 indicia
758 2324 978 2407 proferantur,
1004 2358 1047 2369 -
1070 2327 1141 2388 tum
1157 2326 1270 2388 contra

115 2442 173 2493 burn
192 2431 357 2514 loquendi,
391 2431 471 2497 illud
500 2439 567 2496 tum
590 2435 664 2514 post
688 2432 717 2495 ai
740 2431 774 2495 in
796 2431 932 2514 epodosi
956 2432 1175 2512 respuentem,
1210 2429 1271 2494 etsi

115 2530 191 2601 liubrr
210 2545 277 2602 tum
301 2537 438 2621 deman
460 2540 498 2616 si,
529 2542 562 2603 et
585 2542 699 2603 contra
722 2537 849 2603 codices
872 2536 986 2615 bonos,
1015 2536 1120 2601 malos
1144 2535 1271 2619 (Paris,

115 2635 201 2721 lemn,
236 2645 314 2723 Eri,
351 2644 448 2726 Oxx.)
479 2648 513 2709 et
543 2646 702 2710 editiones
735 2649 874 2709 veteres.
920 2642 1082 2726 Apodosis
1111 2642 1223 2736 incipit
1250 2662 1271 2706 a

115 2765 262 2835 nunqnam,
287 2753 333 2816 ita
358 2752 574 2830 conformata,
609 2756 646 2816 ut
669 2756 779 2817 orator
795 2751 963 2826 ostendat,
998 2770 1034 2814 se
1057 2750 1130 2832 plus
1154 2750 1271 2843 adver·

115 2854 167 2920 ario
185 2859 370 2936 concedere,
403 2880 501 2942 quarn
526 2878 659 2923 necesse
682 2860 734 2922 sit.
779 2859 894 2939 Itaque
916 2857 1070 2922 scribitur
1092 2856 1271 2921 rectissime

115 2957 238 3029 incedi:
266 2987 449 3051 quanquam
473 3001 514 3011 —
537 2966 735 3046 nudauerant,
764 2972 870 3028 tamen
894 2967 954 3028 cet.
1001 2963 1102 3027 Multa
1126 2961 1272 3042 conquiri

116 3070 225 3142 llltrant
254 3072 406 3154 exempla
436 3072 588 3155 apodasis
619 3072 666 3136 ita
697 3071 852 3136 dilatatae.
909 3070 1013 3135 Paulo
1044 3072 1118 3151 post
1149 3068 1271 3132 fnrslra

116 3167 257 3242 blanditur
281 3179 336 3243 illa
359 3181 557 3244 coniunctio:
594 3178 724 3242 Secutus
753 3185 797 3242 est
821 3198 942 3261 annus:
973 3197 1102 3240 causam
1129 3176 1271 3239 Catilina

116 3273 176 3355 Vnt
203 3305 274 3366 quae
304 3305 371 3351 non
402 3286 499 3350 modo
531 3285 683 3351 duritiam
713 3283 815 3349 habet
837 3283 1076 3349 intolerabilem
1099 3284 1132 3347 in
1156 3302 1270 3346 narra·

117 3381 174 3450 lune
199 3390 443 3474 simplicissimo,
478 3393 536 3457 sed
571 3392 748 3458 absurdam
784 3387 1017 3466 elocutionem3
1052 3410 1130 3454 nam
1165 3408 1270 3453 annus
1286 3413 1328 3453 aaa

120 3504 202 3560 unum
222 3519 351 3582 semper
373 3499 530 3581 sequitur.

122 3660 338 3685 *xz-—

141 3765 222 3834 lilim
236 3782 285 3836 hoo
304 3789 369 3838 ante
387 3783 488 3837 multos
512 3799 599 3836 annos
617 3781 767 3850 Scioppius,
796 3778 839 3833 cui
865 3778 1067 3848 imperitissime
1090 3776 1221 3831 Cellarius
1245 3782 1280 3829 et·

171 3862 309 3937 barachias,
332 3873 442 3926 Dukero
461 3887 570 3941 quoque
589 3876 617 3924 et
635 3868 858 3923 Drakenborchio
880 3866 927 3932 (ad
946 3865 1002 3920 Liv.
1023 3867 1054 3930 V,
1073 3864 1116 3929 27,
1136 3862 1163 3930 1)
1182 3880 1272 3917 assen-

173 3952 285 4026 tamus,
303 3966 490 4031 opposuerunt
504 3960 557 4015 Cic.
577 3960 611 4012 de
626 3959 700 4013 Orat.
716 3960 736 4023 l,
755 3956 799 4021 22,
819 3958 894 4010 Verr.
913 3955 945 4020 V,
964 3954 1000 4007 25
1017 3953 1156 4025 (poterant
1175 3952 1272 4006 eodem

175 4039 215 4098 lure
230 4049 296 4104 bunc
314 4049 440 4104 Caelianae
457 4050 548 4104 locum
568 4055 595 4103 et
614 4047 693 4113 alios)
706 4052 733 4101 et
745 4047 804 4101 Lir.
817 4046 836 4109 1,
857 4044 890 4096 17
904 4051 931 4098 et
944 4044 974 4109 V,
993 4043 1027 4109 4,Ι
1039 4042 1117 4112 quasi
1130 4041 1272 4110 Scioppius

176 4129 273 4204 loduqu
290 4139 317 4192 in
336 4138 526 4207 coniungendo
550 4136 585 4202 (et
604 4136 690 4203 hodic)
713 4136 766 4190 dici
790 4139 924 4203 negasset.
961 4132 1065 4186 Deinde
1083 4132 1103 4184 1.
1122 4130 1151 4184 F.
1171 4129 1273 4183 Grono-

178 4217 220 4274 Vlss
233 4226 348 4293 pluribus
367 4227 435 4281 Livii
455 4228 520 4281 locis
539 4227 639 4281 inferre
663 4227 690 4280 id
709 4223 874 4278 vocabulum
894 4221 987 4275 voluit.
1025 4220 1093 4287 Quae
1111 4218 1193 4288 paulo
1211 4224 1273 4286 post

181 4318 203 4359 ²¹
216 4310 338 4371 Garatonii
362 4317 434 4371 notis
457 4317 575 4371 Orellius
599 4317 633 4370 de
657 4313 815 4368 Puteolanis
839 4310 974 4379 excerpsit
997 4314 1024 4363 et
1047 4310 1080 4362 de
1104 4306 1274 4377 praefecturis

181 4391 239 4453 hiim
252 4406 377 4475 temporis
395 4406 508 4473 addidit,
536 4421 591 4459 non
617 4409 691 4458 reeta
715 4420 783 4466 esse,
812 4401 877 4455 satis
901 4398 1088 4454 demonstrari
1106 4398 1134 4451 in
1153 4396 1273 4464 disputa·

184 4479 235 4540 Vtile
255 4493 284 4547 de
309 4495 421 4548 coloniis
449 4495 588 4548 Romanis.
636 4494 689 4547 Sed
718 4494 862 4546 Puteolani
894 4489 979 4543 nihilo
1011 4487 1103 4541 minus
1135 4486 1190 4539 huo
1217 4500 1273 4538 non

185 4574 293 4635 anent
