2956 5190
749 252 811 318 188

184 468 267 530 quae,
291 467 392 530 quum
416 451 504 513 esset
534 448 643 531 stirpis
673 451 818 530 cognatm
843 445 984 525 Sabinae,
1013 447 1056 511 ab
1086 444 1251 510 universa
1277 446 1362 528 genu

183 555 307 619 loedere
330 574 365 619 se
389 553 544 619 disiunxit
574 558 608 619 et
630 555 790 621 Romane
818 535 892 618 urbi
922 572 982 636 per
1011 551 1194 617 amicitiam
1224 550 1363 617 adiundt

184 660 266 725 lllud
289 664 400 726 autem
424 661 547 725 lactum
570 669 620 726 est
643 661 756 726 Servio
779 660 887 725 Tullio
909 660 1076 741 regnante,
1110 656 1206 723 cuius
1228 677 1269 723 eo
1289 676 1365 740 spec·

183 771 256 832 tant
289 766 400 832 omnia
434 767 591 846 instituta,
627 786 743 832 census
777 767 920 831 maxime
955 767 988 830 et
1022 764 1210 829 centuriata
1243 763 1368 830 univeaa'

184 873 305 957 populi,
340 872 550 955 patriciorum
578 878 611 938 et
637 875 851 957 plebeiorum,
886 871 1017 937 comitia
1045 870 1251 954 (comitiatus
1279 868 1369 934 maxi·

184 976 281 1062 mus).
316 978 430 1061 Itaque
452 980 480 1044 is
504 980 602 1044 etiam
625 981 695 1063 agri
717 980 839 1062 publici
863 982 949 1043 certe
973 976 1103 1042 emendi
1125 976 1262 1059 plebem
1283 975 1369 1059 parti·

185 1087 290 1169 eipem
314 1085 391 1150 lecit
413 1083 558 1170 (Dionys.
582 1086 633 1162 IV,
664 1087 706 1152 10
729 1090 761 1151 et
786 1084 850 1168 13),
880 1104 950 1163 nec,
979 1084 1067 1168 quod
1089 1083 1206 1167 magni
1229 1083 1371 1148 momenti

185 1198 244 1271 est,
267 1196 343 1275 post
366 1211 441 1257 eum
464 1192 659 1274 pomoerium
682 1193 846 1275 prolatum
870 1195 921 1256 est
944 1189 1090 1275 (Dionys.
1114 1189 1167 1267 Ν,
1202 1187 1268 1270 13).
1311 1186 1372 1267 Quo

184 1298 289 1382 magis
310 1300 395 1364 mira
418 1303 468 1364 est
490 1298 658 1363 Niebuhrii
687 1299 805 1381 opinio,
841 1300 897 1382 qui
925 1298 1028 1362 multo
1056 1303 1131 1379 post
1159 1293 1228 1361 hoc
1255 1298 1373 1378 templu

185 1407 271 1472 solos
294 1406 447 1490 patricios
470 1406 504 1469 in
527 1404 669 1470 colonias
692 1407 809 1470 missos
832 1408 937 1488 putat,
967 1402 1103 1487 plebeiis
1132 1421 1202 1468 non
1232 1401 1373 1468 admixtis

186 1512 226 1594 (ll
250 1533 282 1596 p.
307 1512 381 1590 261,
413 1514 488 1589 278,
515 1512 591 1589 488,
615 1509 704 1593 508).
750 1512 791 1576 Et
818 1514 931 1576 tamen
954 1509 1041 1575 idem
1064 1508 1199 1574 colonos
1223 1507 1294 1572 illos
1314 1505 1372 1572 sui·

186 1619 289 1701 fregio
324 1620 470 1684 exclusos
504 1621 609 1701 putat,
644 1618 677 1682 id
712 1623 771 1697 est,
806 1616 942 1701 plebeiis
976 1616 1145 1681 inferiores
1174 1615 1292 1680 factos.
1334 1612 1374 1678 De

185 1727 378 1808 scriptorum
414 1727 607 1791 testimoniis
642 1725 720 1790 nihil
755 1724 878 1803 dicam,
913 1723 1009 1788 nimis
1045 1723 1145 1787 etiarn
1181 1721 1373 1787 coloniarum
1414 1808 1416 1813 Ι

186 1832 395 1898 deductiones
426 1834 626 1898 tenuissimae
658 1833 762 1914 plebis
794 1831 956 1896 commodi
988 1849 1088 1894 causa
1116 1828 1226 1892 factas
1248 1845 1374 1891 narran-

132 1953 172 1994 ιιι
185 1940 277 2004 tium.
322 1939 387 2004 Sed
410 1945 522 2005 tamen
544 1940 689 2023 Dionysii
711 1943 884 2021 tantopere
908 1941 1006 2002 antea
1028 1934 1154 2000 laudati
1172 1934 1374 2009 obliviscitur,

186 2047 240 2128 qui
264 2050 297 2110 et
320 2047 370 2124 VI,
394 2046 623 2112 aeconomia
646 2047 758 2111 scribit
781 2043 954 2127 (ὠνείδισται
986 2051 1021 2102 ιιι
1046 2067 1096 2112 μοι
1124 2049 1170 2100 καὶ
1198 2045 1215 2112 ἡ
1245 2049 1302 2098 rur
1325 2045 1374 2107 «aa

186 2149 294 2220 ροόχων
320 2152 357 2210 εἰς
386 2148 566 2210 victorimus
599 2147 734 2220 ἐκπομπή,
770 2148 810 2201 ὅτι
837 2152 892 2217 γῆν
920 2145 1021 2211 πολλήν
1050 2147 1094 2197 καὶ
1123 2142 1243 2215 α’γπθιίν
1269 2141 1303 2196 ον’
1328 2144 1376 2200 τοῖς

185 2246 336 2307 πατρικίοις
354 2237 422 2290 οὐδὲ
441 2242 495 2298 τοῖς
514 2240 637 2291 ἱππεῦσιν
655 2235 833 2310 ἐχαρισάμην,
854 2233 922 2288 alte
941 2240 997 2295 τοῖς
1014 2233 1128 2303 ἀπόροις
1146 2231 1228 2304 ὁμοῖν
1246 2230 1375 2301 dotauit«)

186 2334 218 2393 et
233 2330 284 2406 Vl,
308 2331 351 2394 46
371 2337 400 2388 ἐκ
418 2341 471 2388 τῶν
489 2345 637 2409 φριιριων,
661 2331 694 2395 id
717 2334 775 2406 est,
801 2350 841 2394 ex
864 2328 1007 2405 coloniiS,
1032 2327 1181 2392 homines
1197 2344 1236 2390 se
1255 2324 1300 2390 ad
1313 2323 1374 2406 ple·

185 2437 286 2512 beioS,
322 2438 377 2518 qui
405 2436 438 2501 in
466 2442 611 2502 montem
635 2458 764 2502 sacrum
789 2436 1006 2512 secessissent,
1042 2451 1238 2517 aggregasse
1262 2432 1375 2496 narrat

185 2544 297 2625 Neque
322 2543 392 2607 haec
416 2551 572 2625 tanquam
596 2547 789 2627 argumenta
817 2563 947 2625 oppono
978 2543 1024 2606 rei
1054 2561 1120 2606 non
1150 2538 1258 2604 solum
1289 2535 1376 2601 nullis

186 2650 385 2731 argumentis
408 2651 556 2726 firmatae,
581 2650 639 2715 sed
663 2650 757 2715 valde
782 2649 1041 2740 improbabiliter
1063 2648 1164 2720 fictam
1189 2645 1250 2710 sed
1273 2646 1376 2709 incon·

185 2759 340 2821 stantiam
375 2762 453 2821 noto
488 2762 520 2821 et
554 2758 698 2821 studium
733 2757 855 2821 inventi
893 2757 978 2820 ultra
1012 2759 1118 2818 rectos
1153 2753 1237 2816 fines
1272 2769 1376 2833 perse·
1408 2816 1409 2821 ,

186 2863 322 2945 quendi3
357 2884 422 2945 quo
452 2864 498 2937 fit,
534 2869 570 2928 ut
602 2884 650 2940 ea,
687 2884 759 2946 quae
792 2864 832 2927 de
862 2862 1006 2945 patriciis
1035 2860 1176 2943 primam
1200 2859 1292 2923 illam
1315 2876 1375 2920 rem

185 2970 348 3051 publicam
381 2971 566 3035 tenentibus
598 2972 725 3052 egregie
756 2969 954 3051 disputaret,
990 2970 1061 3050 ipsa
1097 2969 1128 3031 in
1164 2966 1377 3048 suspicionem

186 3077 337 3141 falsitatis
361 3079 502 3154 veniant,
533 3098 633 3160 quum
662 3077 732 3140 haec
761 3077 801 3140 de
830 3075 900 3139 aliis
929 3076 1132 3158 temporibus
1156 3074 1377 3136 annectantur.

275 3183 339 3247 Sed
363 3186 388 3247 si
413 3186 484 3265 quis
513 3204 577 3247 non
609 3185 718 3247 omnia
749 3183 813 3249 illa.
850 3203 924 3263 quae
956 3183 997 3245 de
1031 3181 1154 3245 civibus
1185 3197 1226 3242 ex
1258 3177 1379 3261 oppidis

185 3290 329 3355 subactis
361 3291 501 3355 Romam
533 3290 691 3354 traductis
724 3289 874 3364 diximus
910 3290 1050 3370 probare
1082 3286 1192 3363 audet,
1228 3285 1380 3366 quoniam

185 3399 362 3461 nunccius
387 3398 432 3461 rei
457 3397 709 3479 disputationem
734 3417 799 3460 non
823 3396 1058 3478 persequimur,
1089 3393 1233 3457 contenti
1263 3393 1380 3456 erimus

185 3523 234 3581 eo,
259 3504 345 3585 quod
371 3524 421 3567 res
445 3506 516 3586 ipsa
540 3504 633 3587 cogit,
664 3504 744 3579 illos,
777 3504 831 3585 qui
860 3502 893 3566 in
922 3503 989 3565 suis
1013 3499 1140 3582 oppidis
1164 3499 1210 3562 ita
1233 3517 1382 3564 remane-

184 3614 266 3683 rent,
291 3614 326 3674 ut
351 3611 484 3674 coloniae
507 3611 761 3692 imponerentur,
786 3612 960 3690 questam
985 3627 1073 3689 saepe
1096 3606 1254 3670 deiecisse
1279 3625 1301 3670 a
1317 3605 1382 3670 Ro·

184 3717 289 3781 manis
313 3716 458 3798 legimus
488 3717 638 3781 inferiore
662 3715 731 3780 inre
761 3717 889 3780 vixisse.
935 3715 1045 3796 Atque
1075 3733 1130 3777 eos
1159 3717 1272 3776 tamen
1299 3713 1382 3775 cives

184 3823 288 3888 factos
312 3843 383 3888 esse
407 3843 455 3901 eo,
485 3824 638 3905 quoiam
662 3823 737 3899 dixi,
767 3823 875 3900 modo,
906 3822 1014 3900 iidem,
1052 3821 1108 3903 qui
1132 3819 1173 3883 de
1196 3818 1383 3884 hominibus

183 3929 324 3995 Romam
348 3930 506 3994 traductis
530 3931 599 3994 eius
628 3930 676 3994 rei
705 3932 854 3994 auctores
883 3933 967 3999 sunt,
997 3927 1173 4009 scriptores
1200 3924 1339 3990 tradunt
1348 3919 1382 4004 ¹),

183 4073 306 4080 ----
312 4073 448 4080 ---—---

213 4142 233 4208 ¹)
253 4144 362 4213 Dionys
382 4143 427 4208 lll,
451 4143 486 4196 49
510 4143 544 4196 de
568 4142 792 4197 Crustumerium:
817 4136 999 4211 συνεχώρησεν
1021 4144 1065 4204 τῆς
1082 4135 1223 4207 Ῥωμαίων
1241 4137 1383 4199 uelamine,

254 4227 290 4288 ὥς
313 4227 448 4301 πρότερον,
470 4234 601 4301 parilem
629 4231 687 4285 Liv.
706 4232 726 4296 l,
751 4230 782 4283 11
808 4231 842 4284 de
866 4229 1085 4284 Antemnatibus.
1122 4227 1270 4296 Dionysius
1289 4232 1382 4281 tamen

253 4321 297 4384 Vl,
317 4321 350 4373 19
369 4327 445 4386 extr,
464 4322 562 4375 urbem
581 4325 608 4375 et
626 4320 765 4374 civitatem
782 4320 961 4382 confundens,
980 4320 1048 4372 alios
1065 4319 1177 4373 colonos
1190 4318 1288 4381 iactos,
1306 4318 1383 4383 alios,

253 4409 299 4476 qui
323 4410 441 4464 Romam
464 4409 582 4479 migrare
604 4409 773 4472 maluissent,
802 4408 875 4462 cives
898 4408 975 4473 dicit;
1004 4409 1052 4462 cfr.
1071 4409 1115 4474 Vl,
1141 4408 1183 4463 55.
1225 4407 1269 4461 Ad
1291 4408 1384 4463 minus
