2956 5190
669 1597 762 1691 XIII
792 1594 847 1693 (I).
906 1624 914 1629 ·

204 1766 266 1858 De
304 1768 608 1860 emendandis
645 1767 868 1860 Ciceronis
906 1769 1202 1862 orationibus
1236 1770 1286 1862 de

266 1910 518 2028 provinciis
547 1910 874 2003 consularibus
902 1912 949 2001 et
974 1936 1064 2029 pro
1094 1910 1237 2003 Balbo

600 2052 866 2170 disputatio.
876 2050 901 2153 ¹)

1 2406 51 2451 Vol
64 2406 86 2449 n
99 2419 121 2461 r·
134 2412 153 2448 1·
244 2340 372 2458 Annus
402 2395 452 2456 est
479 2396 513 2456 et
536 2392 634 2474 paulo
663 2394 745 2475 plus,
782 2412 883 2474 quum
918 2391 1109 2475 significavi,
1145 2413 1202 2458 me
1235 2392 1338 2474 atquo

153 2499 383 2581 scriptIonibus
407 2499 601 2563 academicis
625 2500 665 2564 de
690 2499 918 2564 emendatione
934 2499 1077 2581 quinque
1094 2499 1262 2566 Ciceronis
1281 2517 1340 2565 om·
1387 2484 1389 2533 Ι

154 2608 279 2671 tionum
295 2605 546 2688 disputaturum
571 2626 652 2682 esse,
678 2606 824 2671 adhibito
848 2612 967 2687 praeter
986 2605 1029 2680 id,
1055 2606 1146 2687 quod
1170 2606 1238 2671 iam
1260 2624 1341 2689 para·

42 2724 46 2729 ’
155 2717 225 2776 tum
261 2715 362 2788 esset,
406 2712 657 2777 instrumentum
698 2714 843 2777 criticum
886 2711 1013 2794 egregio
1053 2712 1205 2778 subsidio
1240 2712 1341 2778 codicis

156 2818 366 2882 vetustissimi
401 2818 604 2882 Parisiensis
670 2820 707 2883 Id
741 2819 909 2884 consilinm
946 2819 1100 2900 quoniam
1142 2820 1176 2883 in
1213 2821 1344 2885 mallone

157 2925 300 2990 Caeliana
323 2925 451 2989 duabus
475 2925 765 2999 dissertationibus,
790 2925 822 2988 in
838 2925 990 2989 Sestiana
1014 2928 1046 2988 et
1061 2924 1242 2991 Vatiniana
1257 2926 1346 2991 tribus

158 3034 329 3095 exsecutus
352 3051 436 3110 sum,
471 3036 647 3113 supersunt
670 3033 744 3096 duae
767 3032 940 3109 orationes,
976 3031 1017 3095 de
1039 3032 1220 3113 provinciis
1245 3051 1348 3098 consu·

157 3139 281 3203 laribus
316 3143 349 3202 et
382 3158 442 3220 pro
477 3140 512 3202 L.
547 3139 696 3204 Cornelio
730 3138 848 3215 Balbo,
884 3138 925 3201 de
959 3137 1077 3220 quibus
1111 3140 1177 3203 hoc
1213 3142 1350 3221 tempore

159 3246 354 3310 coniunctim
379 3264 541 3326 exponere
565 3246 674 3321 statui,
705 3245 847 3309 maxime
871 3244 1002 3326 quidem
1027 3244 1067 3307 de
1091 3243 1300 3319 Corneliana,
1324 3249 1352 3308 et

157 3352 333 3433 aliquando
356 3351 487 3415 residua
516 3352 599 3416 illius
628 3352 778 3434 promissi
808 3351 984 3415 exsolvere.
1031 3351 1115 3414 Avet
1145 3354 1248 3431 enlm,
1282 3370 1350 3417 vere

158 3459 274 3535 dIcam
305 3460 443 3535 animus,
480 3442 667 3523 criticorum
687 3458 997 3540 quaestiuncularum
1021 3457 1168 3521 minutiis
1193 3458 1351 3540 fatigatus,

131 3565 296 3630 aaliorum
320 3568 587 3647 argumentorum
610 3567 768 3631 varIetate
787 3564 969 3629 exhilarari.
1004 3564 1113 3644 Atque
1130 3583 1207 3629 eam
1225 3564 1353 3646 quidem

159 3672 386 3755 disputationis
409 3675 549 3752 partem,
574 3691 657 3753 quae,
682 3691 784 3753 quum
807 3671 849 3734 sit
872 3690 1004 3753 prorsus
1025 3670 1068 3734 ad
1085 3670 1213 3752 reliqua
1230 3690 1354 3753 praepa·

187 3916 209 3985 ¹)
228 3919 307 3972 Edita
326 3919 453 3987 bipertito
472 3918 541 3971 1834
566 3923 593 3973 et
612 3916 690 3971 1835.
728 3916 840 3985 [Secuta
858 3923 900 3972 est
922 3918 1022 3971 Irarum
1045 3916 1213 3981 orationum,
1236 3924 1270 3971 ut
1294 3922 1357 3971 cete

231 4015 333 4072 rarum,
353 4008 475 4061 recensio
493 4007 635 4061 Klotziana
653 4005 688 4073 (a.
708 4005 798 4074 1839),
818 4023 902 4075 quam
921 4022 954 4060 eo
973 4007 1064 4060 minus
1083 4022 1173 4060 causae
1197 4007 1289 4061 habeo
1314 4022 1358 4059 eur

231 4112 305 4150 nunc
323 4096 357 4149 ad
377 4096 602 4166 disceptationem
622 4111 725 4161 vocem,
749 4096 823 4164 quod
842 4101 870 4149 et
888 4095 953 4149 alibi
971 4095 999 4149 in
1019 4096 1070 4148 hoc
1089 4094 1147 4163 ipso
1166 4094 1311 4149 volumIne
1327 4094 1358 4148 de

232 4184 327 4238 Klotzii
346 4184 474 4239 uniuersa
492 4186 598 4240 ratione
617 4184 729 4249 dicetur,
750 4200 840 4253 neque
859 4184 882 4238 is
901 4189 995 4238 nostra
1013 4184 1047 4238 de
1067 4183 1109 4236 his
1123 4184 1298 4239 orationihus
1311 4184 1358 4237 dis

231 4274 374 4341 putatione
392 4291 459 4328 usus
477 4291 537 4329 esse
555 4275 671 4338 videtur,
691 4290 777 4343 quum
796 4275 824 4327 in
844 4274 977 4337 Sestiana,
997 4273 1151 4336 VatIniana,
1169 4272 1293 4327 Caeliana
1307 4288 1358 4327 non

232 4378 334 4429 paucas
362 4350 469 4417 nostras
496 4364 702 4418 emendationes
729 4367 840 4417 secutus
859 4368 938 4416 esset.
976 4363 1006 4416 In
1031 4378 1063 4415 ea
1082 4361 1212 4425 maxime,
1231 4378 1296 4431 quae
1312 4378 1359 4431 pro

232 4450 317 4505 Balbo
337 4456 386 4520 est,
405 4468 460 4505 non
480 4468 568 4520 pauca
586 4451 854 4521 corruptissimorum
867 4451 992 4507 codicum
1005 4450 1107 4504 menda
1119 4451 1268 4513 revocavil,
1287 4456 1358 4504 recte

232 4539 341 4593 sublata
358 4541 394 4594 ab
412 4540 481 4595 aliis.
518 4537 608 4606 1842]
