2948 5206
656 289 721 353 409

132 484 205 548 canda
223 481 414 560 necessaria,
438 462 614 565 plurimum
639 487 751 549 tamen
773 483 897 548 habeat
914 484 1083 562 molestiae,
1108 486 1290 551 contectam

132 590 176 652 ian
194 608 254 653 esse
276 592 310 653 et
338 589 523 689 absolutam
555 590 658 656 laetor.
704 590 789 655 Nam
821 590 862 655 de
892 592 1045 655 universo
1075 592 1291 657 instrrnuento

132 694 210 760 critico
228 694 439 777 codicumquc
469 698 660 778 cognatione
689 696 769 761 nihil
792 699 843 760 est
876 696 963 777 quod
988 697 1109 762 addam
1133 700 1181 776 iis,
1217 719 1291 781 quae

132 805 179 865 tun
197 801 335 884 exposita
358 804 444 879 sunt,
474 822 574 885 quum
599 803 641 867 de
664 803 813 867 Sestiana
837 804 983 867 oratione
1006 804 1207 886 disputatum
1232 808 1292 869 est.

131 906 174 970 Per
196 909 318 973 eadem
347 910 433 974 enirn
469 909 617 974 codicum
653 908 793 973 familias
828 909 1027 990 eosdemque
1062 910 1130 975 fere
1165 911 1293 976 codices
1417 927 1421 939 ·

134 1011 169 1076 be
186 1014 219 1079 ad
238 1035 297 1080 nos
321 1014 485 1080 orationes
508 1020 742 1097 pervenerunt3
770 1018 901 1079 tanturn
925 1015 1089 1097 singulare
1112 1017 1191 1082 illud
1216 1038 1293 1085 con·

132 1118 264 1186 tmendae
298 1122 454 1186 orationis
489 1122 644 1201 studium,
679 1122 768 1204 quod
801 1121 835 1184 in
869 1121 1100 1187 recentissimis
1134 1125 1293 1190 Sestianae

134 1224 261 1291 codicibus
284 1230 453 1292 versatum
477 1233 536 1304 est,
571 1228 632 1292 has
664 1227 827 1292 orationes
859 1248 925 1292 non
957 1231 1062 1312 magis
1092 1251 1191 1313 quarn
1222 1231 1293 1297 Cae·

133 1328 221 1397 ianam
253 1336 286 1398 et
319 1333 527 1398 Vatinianam
563 1335 678 1416 attigit.
688 1329 714 1415 ¹)
771 1332 867 1412 Quod
901 1339 1013 1400 autern
1052 1336 1085 1400 in
1119 1336 1295 1402 Vatiniana

133 1433 178 1500 diri
195 1440 292 1504 minus
325 1440 496 1523 diligenter
526 1443 683 1523 scriptum
712 1439 812 1505 fuisse
836 1440 939 1505 videri
963 1460 1038 1506 eum
1063 1443 1217 1520 codicem,
1254 1463 1294 1508 ex

133 1560 176 1622 quo
192 1548 283 1611 nostri
306 1566 420 1612 omnes
442 1547 616 1624 fluxerunt,
651 1566 751 1629 quam
774 1547 808 1610 in
831 1547 991 1624 Sestiana,
1027 1550 1060 1612 id
1083 1549 1125 1613 de
1148 1549 1295 1614 oratione

133 1647 160 1711 de
184 1653 344 1733 provinciis
379 1654 603 1718 consularibus
638 1652 706 1716 fere
734 1653 850 1717 eodem
878 1654 976 1719 modo
1000 1654 1209 1719 iudicandum
1234 1660 1293 1732 est,

133 1751 159 1817 de
176 1759 355 1824 Corneliana
377 1762 489 1824 autem
512 1761 616 1825 multo
639 1760 752 1841 magis,
781 1762 818 1823 ut
840 1766 956 1841 postea
979 1760 1097 1837 dicam,
1126 1780 1228 1843 quum
1252 1762 1295 1826 ad
1369 1769 1371 1773 ‘

134 1870 328 1931 conventum
353 1867 424 1931 erit.
469 1867 661 1932 Parisiensis
696 1885 826 1948 quoque
862 1866 979 1930 codicis
1014 1867 1152 1949 scriptor
1186 1867 1294 1931 minus

99 2000 102 2005 ·
134 1964 265 2051 diligenter
288 1974 322 2037 in
345 1977 484 2056 utraque
512 1973 575 2037 bac
598 1973 744 2037 oratione
768 1973 936 2053 exemplar
959 1974 1162 2055 propositum
1185 1974 1295 2038 reddi·

135 2071 194 2141 disse
211 2080 346 2144 ridetur.
1294 2150 1297 2155 ,

89 2196 91 2251 Ξ
196 2184 300 2251 Oratio
329 2185 370 2250 de
399 2185 574 2268 provinciis
609 2184 833 2249 consularibus
868 2204 969 2266 quum
1004 2188 1099 2262 esset,
1136 2187 1323 2268 quemad-a

89 2312 92 2355 ι
135 2288 232 2356 modum
254 2293 413 2374 proximae
435 2292 619 2375 superiores
651 2294 684 2355 et
711 2291 919 2372 insequentes
949 2293 1122 2369 orationes,
1158 2293 1296 2357 initioe

89 2358 92 2453 Ι
136 2394 201 2460 mulis
220 2399 382 2464 codicibus
406 2399 504 2476 edita
533 2399 576 2462 ab
599 2397 774 2479 Hervagio
798 2398 968 2475 Lambino‚
997 2397 1069 2462 aliis
1092 2399 1144 2462 bic
1167 2399 1230 2463 illic
1253 2400 1297 2464 ad

89 2456 268 2569 'nullorum
291 2506 391 2571 fidem
414 2509 577 2582 revocata,
602 2525 622 2569 a
646 2505 849 2581 Gruteroet‚
874 2505 929 2585 qui
953 2522 1028 2568 eum
1050 2505 1186 2570 insecuti
1210 2510 1296 2582 sunt,

136 2603 276 2675 editoribus
310 2613 511 2694 negligenter
544 2615 578 2676 et
610 2631 712 2694 prave
740 2614 881 2675 tractata
916 2608 973 2691 (-
1000 2630 1077 2675 nam
1102 2608 1203 2676 Garat
1189 2614 1297 2677 tonius

136 2729 239 2798 tuoque,
273 2738 375 2801 quum
412 2719 576 2783 codicibus
610 2719 705 2783 bonis
733 2718 907 2782 destitutus
937 2721 1024 2781 esset
1051 2737 1112 2781 nec
1139 2721 1227 2782 recte
1256 2719 1297 2783 de

136 2814 239 2906 isqui
272 2824 381 2891 collati
411 2831 513 2902 erant,
549 2826 693 2900 sentiret,
729 2824 882 2887 iudicium
918 2828 1027 2888 autern
1064 2844 1123 2888 nec
1158 2825 1297 2888 liberum

136 2927 190 2993 satis
216 2950 274 2997 nec
307 2933 385 2997 subt
371 2933 470 2997 tile
461 2953 495 2996 m
523 2932 631 2995 verbis
660 2930 893 3012 sententiisque
922 2930 1087 3011 exigendis
1116 2931 1297 3008 adhiberet

137 3048 181 3097 nou
197 3040 326 3104 multum
355 3040 409 3103 hic
431 3039 569 3120 proiecit
593 3036 658 3119 -Ι,
687 3038 768 3114 baec,
803 3038 947 3118 inquam,
983 3057 1083 3118 quum
1108 3039 1154 3101 ita
1178 3042 1297 3123 essent

138 3134 167 3202 ΙΙ
183 3143 266 3228 desp.
283 3145 424 3211 Orellius
448 3150 481 3210 et
503 3146 632 3210 antea
625 3164 658 3208 rn
681 3145 805 3209 maiore
828 3145 969 3209 editione
992 3144 1138 3209 nonnihil
1161 3144 1298 3209 adeam

138 3251 341 3317 enodandam
373 3253 507 3317 contulit
536 3256 570 3316 et
598 3271 711 3333 nuper,
748 3252 926 3316 coniunctis
955 3270 1029 3314 cum
1059 3251 1082 3314 Ι.
1107 3251 1144 3316 G.
1168 3251 1299 3315 Baitero

139 3353 229 3435 studiis
256 3379 340 3436 eam,
376 3359 523 3424 adhibito
546 3358 694 3423 codicum
718 3358 941 3434 Beruensium‚
976 3358 1151 3422 Parisiensi
1175 3357 1299 3421 similli-

139 3473 243 3543 morum
277 3466 434 3543 subsidio,
470 3465 632 3530 recensuit
662 3484 874 3545 seorsumque
904 3463 1006 3528 edidit
1035 3463 1158 3546 (Turici
1189 3463 1299 3544 1833)

140 3560 211 3631 (llius
230 3590 305 3638 cura
328 3573 554 3637 effectumt
506 3576 564 3646 est,
599 3571 784 3635 utmihi
776 3590 841 3634 ram
873 3572 1028 3652 pauciora
1058 3570 1196 3633 dicenda
1224 3571 1299 3641 sint

142 3685 270 3758 quumque
293 3697 343 3755 ea,
367 3698 442 3760 quae
465 3678 653 3759 simpliciter
677 3697 694 3741 e
718 3677 883 3741 codicibus
907 3676 1067 3740 sumenda
1087 3680 1190 3753 erant
1214 3695 1300 3757 prae-

144 3782 211 3856 cepta
228 3784 380 3877 pleraque
403 3787 478 3862 sint,
513 3785 632 3866 saepius
664 3783 819 3847 dubiit
786 3787 819 3847 et
848 3784 891 3847 ad
920 3773 1128 3846 iudicandum
1154 3782 1301 3846 difficiles

144 3876 186 3946 loci
202 3892 379 3974 attingendi.
424 3891 557 3967 Vellem
593 3891 642 3954 vir
671 3890 867 3954 clarissimus
896 3892 1056 3972 integram
1080 3894 1136 3971 pot
1137 3889 1187 3954 ius
1212 3889 1300 3953 codi-

146 4001 198 4053 111111
214 3993 416 4063 Bernensium
439 3998 608 4079 scripturae
632 3997 885 4079 discrepantiam
910 4000 1101 4061 annotasset
1125 4016 1224 4077 quarn
1248 4016 1300 4060 se-

149 4158 367 4185 N.-

169 4260 185 4329 ¹)
197 4266 316 4337 [lodicum
333 4283 514 4336 Beroensium
539 4282 686 4350 scripturas
709 4280 826 4334 Orellius
854 4280 881 4333 in
910 4280 1030 4333 editione
1057 4278 1159 4333 maiore
1187 4280 1215 4332 in
1244 4296 1301 4333 ora·

201 4359 258 4418 tione
274 4385 322 4437 pro
344 4371 431 4425 Balbo
453 4372 511 4425 lere
538 4370 676 4433 omiserat,
704 4370 752 4423 sed
780 4375 875 4438 postea
903 4369 930 4421 in
957 4367 1117 4437 prefatione
1145 4369 1301 4422 orationum

203 4450 339 4512 alearum
358 4460 513 4528 quindecim
531 4458 634 4524 (Turici
653 4476 677 4512 a
692 4456 771 4523 1836)
790 4475 816 4526 ρ,
829 4458 891 4511 ΧΙΙΙ
910 4474 969 4526 sqq.
989 4457 1108 4525 integras
1127 4456 1219 4510 edidit.
1248 4457 1301 4510 Eos

205 4540 286 4599 tillices
302 4564 411 4617 prorsus
430 4565 445 4602 a
464 4547 610 4602 Parisiensi
629 4548 748 4617 pendere
768 4563 841 4601 nunc
860 4543 987 4613 constat]
