2948 5206
699 320 761 385 163

128 516 161 591 Ξ),
184 518 236 582 15.
278 516 364 600 (Alio
387 516 579 599 significatu,
604 520 640 579 ut
662 515 705 579 sit
728 515 816 597 dore,
842 515 993 593 exhibere,
1018 517 1135 582 dicitur
1158 519 1201 582 ad
1224 519 1322 584 Attic.

132 622 157 701 1,
180 620 257 706 1·l¹)

219 730 252 796 C.
278 730 327 807 10,
363 729 408 794 30
442 748 584 793 errorem
619 728 745 809 sustuli,
780 748 877 809 quem
912 729 965 791 vix
1001 728 1149 793 crederes
1184 730 1323 796 editores

145 835 241 918 lugere
272 837 428 918 potuisse,
463 855 484 899 a
518 834 683 900 codicibus
718 836 898 916 praesertim
934 835 1129 900 admonitos.
1180 837 1254 903 Alio
1288 858 1324 903 se

150 926 332 1008 modo'hanc
355 961 491 1007 causam
514 961 611 1024 agere
634 941 746 1006 Cicero
770 941 824 1016 ait,
849 960 947 1021 quam
972 948 1089 1006 ceterae
1112 944 1164 1024 agi
1187 943 1322 1022 soleant,

153 1067 207 1112 non
224 1048 455 1127 defendentem,
479 1048 539 1113 sed
562 1051 781 1112 excusantem.
828 1047 890 1111 Sed
913 1068 975 1132 epo,
1000 1049 1113 1129 inquit,
1144 1050 1188 1112 od
1204 1070 1323 1133 parea-

157 1163 204 1217 tcrr
221 1155 335 1240 lupum:
370 1154 503 1235 Erraci,
526 1162 639 1218 temere
660 1154 742 1236 fcri;
770 1155 920 1236 poeniict;
952 1154 996 1217 cd
1018 1156 1213 1219 clementiam
1236 1163 1324 1220 tuam

161 1263 284 1347 ursacio,
306 1263 413 1327 delicti
435 1263 559 1325 ocniom
580 1268 660 1344 peto,
683 1267 718 1323 ut
739 1262 892 1344 ipnoscos,
915 1281 980 1324 oro.
1016 1261 1068 1325 Sic
1092 1261 1202 1325 edunt.
1238 1261 1324 1340 Quid

164 1370 249 1449 'uitri
279 1369 342 1434 Pro
364 1388 401 1434 se
424 1367 536 1433 Cicero
565 1367 662 1430 dicit?
697 1367 799 1430 Immo
823 1387 882 1449 pro
906 1367 1043 1449 Ligario.
1089 1367 1142 1430 An
1165 1371 1253 1432 hunc
1275 1368 1324 1432 lo·

166 1480 281 1554 potem
304 1474 449 1539 inducit?
483 1474 586 1538 lmmo
614 1472 648 1536 in
671 1471 835 1553 proximis,
868 1473 986 1554 quibus
1014 1475 1085 1538 haec
1114 1476 1322 1558 respondent,

168 1579 215 1660 ipse
234 1581 312 1646 dicit.
358 1581 432 1659 Quo
460 1581 557 1662 igitur
587 1578 664 1642 illud
696 1582 823 1660 spectat
854 1579 996 1645 11119911
1030 1580 1154 1646 Saltem
1184 1581 1322 1659 illorum,
1337 1602 1375 1642 991

169 1705 218 1766 pm
233 1691 470 1770 processerant,
494 1685 679 1750 meminisse
703 1686 890 1766 oportebat:
920 1685 1084 1771 Ipnosoitc,
1108 1688 1246 1769 iudices;
1275 1710 1322 1752 er-

171 1795 226 1855 rcdt
242 1830 288 1858 -.
323 1793 379 1857 Ad
396 1799 562 1876 parentem
585 1793 630 1855 sic
653 1793 708 1876 opi
729 1793 813 1855 solet.
848 1792 1008 1874 Apertum
1032 1797 1082 1858 est
1106 1793 1237 1875 Errcoi,
1259 1793 1323 1876 feci

170 1900 283 1981 sciptum
313 1919 385 1966 esse
415 1919 475 1981 pro
506 1900 635 1976 errauit,
668 1899 744 1981 fecit
774 1904 907 1982 propter
937 1920 991 1976 ea,
1027 1920 1100 1982 quae
1131 1903 1321 1981 sequuntur,

115 2002 117 2065 1
171 2005 284 2091 osopo,
311 2013 397 2091 pato,
431 2026 501 2079 oro:
535 2004 594 2069 sed
622 2005 734 2070 Cicero
762 2009 918 2088 patronus
947 2026 1006 2088 pro
1029 2007 1156 2097 Ligario
1180 2007 1323 2089 confugit

115 2100 119 2201 ζ
171 2110 399 2178 adclamantium
423 2111 572 2177 Gaesaris.
619 2112 659 2176 Et
682 2114 732 2176 est
754 2114 884 2193 erravit,
909 2120 1022 2176 cernere
1043 2112 1119 2194 fecii
1142 2115 1175 2177 in
1198 2113 1322 2178 Pithoe·

115 2220 120 2241 '
172 2233 216 2295 uo,
232 2220 350 2296 Dresd,
373 2219 494 2297 Haun,
519 2217 601 2283 Oxx.
626 2216 718 2299 (illud
742 2219 775 2282 in
798 2219 828 2294 6,
853 2218 914 2282 hoc
936 2218 971 2282 in
993 2216 1038 2301 4),
1062 2223 1141 2284 vett.
1167 2219 1241 2284 edd.

115 2312 119 2423 ζ
225 2327 254 2392 ln
279 2328 426 2394 oratione
455 2346 515 2409 pro
538 2326 642 2390 Deiot.
667 2345 694 2389 c.
719 2324 749 2401 8,
779 2325 823 2388 24
850 2324 1023 2389 edebatur:
1059 2325 1198 2389 Addidit
1227 2328 1323 2390 etiam

115 2446 118 2513 3
171 2428 227 2514 dd,
245 2437 356 2520 iqrdtcc
378 2454 441 2497 non
463 2435 592 2516 optimos
614 2432 745 2495 misisse.
800 2430 931 2511 Veteres,
955 2431 1057 2513 credo,
1089 2432 1213 2496 Coesor:
1240 2432 1323 2496 nihil

170 2537 281 2604 rituam
303 2543 492 2627 equitatum:
514 2538 569 2603 sed
591 2539 677 2601 misit
700 2559 737 2601 err
753 2539 804 2618 iis,
828 2557 903 2622 quos
920 2536 1040 2618 habuit,
1065 2539 1180 2603 clectos.
1216 2539 1321 2613 Patet,

168 2639 315 2712 [taronem
349 2646 455 2729 primo
490 2645 635 2709 confiteri
674 2645 797 2725 aliquid
837 2644 1024 2726 opinantem
1061 2649 1093 2708 91
1128 2646 1321 2722 elevantem,

167 2746 284 2832 unquam
306 2773 373 2818 non
396 2754 525 2828 mirum,
549 2751 666 2815 deinde
690 2771 855 2825 excusare,
879 2770 944 2814 non
968 2753 1112 2832 potuisse
1131 2752 1224 2816 aliter
1241 2752 1321 2815 lieri.

166 2849 211 2920 lun
228 2867 332 2924 veteres
359 2859 403 2923 ab
435 2859 496 2922 hac
526 2859 687 2921 sententia
719 2857 950 2922 alienissimum
984 2861 1042 2934 est,
1079 2859 1166 2939 quod
1196 2859 1257 2923 nisi
1289 2860 1322 2923 in

166 2954 260 3028 laudern
281 2967 321 3030 de
355 2966 548 3040 exercitatis,
583 2984 649 3028 non
679 2964 848 3040 tironibus
884 2966 946 3028 dici
978 2985 1044 3029 non
1075 2967 1190 3047 potuit.
1238 2966 1321 3029 Nam

167 3072 289 3144 quomodo
301 3072 465 3137 Manutius
478 3072 724 3152 interpretatur:
747 3071 906 3147 ,eosdem
928 3092 1009 3152 quos
1028 3072 1189 3135 habuerat
1213 3075 1320 3150 ante“,

170 3187 241 3255 neum
260 3179 443 3260 intelligitur
467 3179 603 3241 verbum
627 3197 733 3257 neque
756 3177 789 3240 id
812 3178 913 3241 ullam
936 3178 1038 3241 habet
1062 3178 1220 3242 eiusmodi
1245 3198 1322 3242 con·

115 3330 118 3347 .
173 3273 300 3348 lesionem
331 3285 388 3362 rei,
424 3304 523 3365 quam
557 3285 628 3366 quis
658 3284 846 3348 calumniari
876 3286 988 3366 possit.
1035 3284 1143 3348 Sensit
1165 3285 1320 3348 mendum

177 3379 277 3468 Onllus,
299 3392 357 3456 sed
380 3393 414 3455 in
438 3411 487 3467 ea,
512 3410 609 3472 quam
635 3392 813 3472 proposuit,
838 3392 1023 3455 coniectura
1046 3411 1178 3472 prorsus
1197 3392 1322 3455 absona

181 3493 406 3580 etruspositn
430 3497 590 3573 adiectivi,
615 3497 702 3578 quod
720 3497 827 3579 ipsum
845 3498 960 3561 vitiose
977 3497 1155 3561 redundat:
1179 3505 1320 3578 99191919,

184 3597 244 3680 cdl,
263 3604 371 3685 Ocior,
395 3604 477 3667 nihil
501 3604 544 3666 ad
567 3611 654 3666 tuum
672 3605 853 3688 equitatum.
889 3605 956 3685 Ego
974 3624 1047 3667 eam
1065 3624 1177 3668 vocem
1196 3603 1320 3681 sustuli,

187 3710 268 3771 seins
291 3712 357 3775 cod.
382 3712 492 3775 Haun.
517 3714 549 3774 91
573 3710 648 3773 edit.
674 3730 703 3772 a.
731 3712 824 3786 1472,
856 3712 974 3792 quibus
1005 3730 1070 3774 non
1099 3711 1212 3774 dubito
1244 3710 1321 3791 quin

189 3805 254 3882 lires
272 3819 433 3893 accedant:
457 3818 603 3881 additam
628 3837 698 3880 esse
718 3818 832 3898 opinor
851 3819 892 3880 ab
911 3818 1029 3897 aliquo,
1055 3818 1108 3897 qui
1126 3817 1320 3880 adiectivum

193 3907 330 3988 desideraret
362 3943 421 3988 nec
456 3924 589 4000 videret,
627 3923 706 3986 nihil
741 3925 784 3986 od
811 3944 871 4005 pro
900 3924 1060 3987 adiectiro
1090 3943 1172 3986 esse.
1221 3921 1321 3984 Credo

194 4013 247 4093 llll,
262 4031 330 4106 quod
350 4033 513 4113 opinantis
537 4036 596 4106 est,
621 4032 719 4094 etiam
745 4031 946 4111 frequentius
965 4032 1069 4111 primo
1087 4031 1157 4094 loco
1175 4029 1320 4110 ponitur:

198 4188 390 4216 ,χω

219 4291 350 4367 titulatam
368 4331 451 4368 unam
470 4315 632 4382 scripturam
656 4329 671 4365 9
695 4314 801 4366 duobus
826 4313 916 4381 expuli
940 4329 989 4380 pro
1007 4313 1060 4365 Mil.
1080 4311 1122 4375 at,
1152 4309 1193 4373 14,
1222 4310 1268 4362 ubi
1293 4310 1321 4362 in

245 4395 319 4484 illimis
333 4406 403 4458 codd.
422 4403 497 4471 (cot,
517 4405 580 4467 Eri,
599 4405 673 4465 Bar,
693 4402 784 4466 Fabr.)
803 4409 855 4454 est:
878 4405 908 4454 P.
930 4403 1049 4465 Varium,
1067 4402 1248 4466 fortissimum
1261 4404 1321 4461 cet,

248 4490 437 4611 1ἱ119919119991111.
457 4510 489 4546 ex
515 4496 627 4546 Varium
646 4493 748 4545 factum
768 4497 809 4543 est
830 4494 928 4548 crium:
949 4490 1011 4542 inde
1031 4488 1121 4540 Garat.
1141 4493 1168 4540 et
1187 4486 1268 4540 Orell.
1288 4488 1320 4538 P.

267 4586 336 4644 arrum,
350 4586 441 4636 cirum.

1058 4661 1108 4716 11*
