2956 5190
698 288 764 354 ‘140

128 495 232 558 tatem
255 482 466 568 revocavit.¹)
503 484 569 550 Sed
591 488 704 548 tamen
727 483 773 549 ita
795 483 830 548 hi
854 484 923 549 duo
949 482 1091 548 codices
1105 480 1167 565 (bel
1188 486 1301 550 consui

129 598 263 665 asseclis
287 597 439 660 universa
463 591 709 675 comparatione
732 594 859 656 ceteros
882 589 1044 655 nonnihil
1063 589 1207 666 vincunt,
1225 595 1307 656 non

129 706 176 771 ita
199 704 313 786 paucis
335 701 414 765 locis
437 700 500 782 ipsi
523 698 698 763 manifesto
721 697 894 779 depravati
914 696 1048 762 cedant
1072 715 1162 761 verae
1185 699 1311 781 scriptun

129 809 319 878 certissimis
353 809 439 872 notis
474 805 652 888 emergenti
686 810 744 870 aut
775 824 815 869 ex
844 812 900 868 rtu
930 804 1129 869 coniunctis
1158 807 1192 868 et
1215 805 1315 870 aliorm

131 937 228 1002 grege
252 920 310 981 aut
338 934 379 979 ex
406 921 441 978 tu
468 906 580 994 solis²)
616 915 675 976 aut
701 932 776 978 cum
805 912 921 994 paucis
956 909 1013 993 (ut
1042 910 1079 975 in
1111 911 1185 976 looo
1212 912 1319 977 maxine

131 1025 277 1090 omnium
301 1020 507 1087 memorabili
530 1019 568 1096 Π,
598 1020 651 1097 27,
680 1018 738 1083 ubi
760 1018 805 1084 illi
828 1019 895 1083 duo
919 1017 988 1083 soli
1013 1021 1140 1082 tenent
1162 1019 1322 1101 scripturam

131 1136 248 1215 suopte
284 1148 402 1212 genere
437 1130 471 1192 et
498 1127 787 1209 grammaticorum
817 1126 1025 1192 testimoniis
1055 1129 1190 1190 certam
1218 1128 1325 1189 asem

126 1259 272 1323 possum,
305 1258 334 1301 w
368 1240 479 1300 autem
515 1254 589 1299 eam
625 1231 832 1298 coniunctam
871 1233 982 1298 hahet
1026 1253 1109 1298 cum
1147 1232 1327 1314 interpolata:

131 1347 273 1410 conivere
294 1344 342 1407 ael
365 1343 525 1407 maculare
547 1340 609 1405 sibi
626 1347 770 1423 possum,
793 1340 827 1403 in
850 1339 980 1406 leviore
996 1344 1122 1405 autem
1139 1339 1282 1422 exemplo
1292 1339 1328 1405 ΙΙ.
1375 1394 1377 1403 .

133 1453 165 1529 3,
188 1451 246 1515 ubi
264 1450 308 1514 illi
325 1469 399 1514 cum
418 1449 523 1513 tribus
545 1447 678 1512 omnino
701 1445 772 1510 aliis
783 1447 873 1528 apud
890 1446 1075 1512 Halmium
1095 1447 1227 1512 habent
1240 1449 1329 1510 nim

132 1559 279 1642 sapienti,
304 1556 403 1620 ceteri
426 1574 540 1621 omnes
563 1555 682 1618 misera
700 1552 898 1636 adspicienti,
924 1553 1034 1618 etiarn
1056 1552 1222 1634 lrsaiw)
1243 1558 1330 1618 auter

133 1673 166 1730 rt
189 1662 239 1748 (ut
261 1664 313 1740 ΙΙΙ,
340 1664 381 1727 10
409 1662 572 1726 videretur
595 1681 670 1726 cunr
694 1682 722 1724 w
750 1665 783 1725 et
806 1658 891 1741 aliis)
921 1664 984 1725 aut
1015 1680 1059 1725 ex
1091 1683 1113 1723 r
1145 1660 1198 1745 (ut
1226 1661 1271 1736 ΙΙΙ
1294 1659 1331 1725 aa.

135 1772 193 1837 ubi
216 1771 269 1835 ille
297 1790 372 1835 curn
395 1771 442 1834 wi
471 1769 608 1851 aliisque
639 1767 836 1850 quibusdam
865 1767 973 1832 habet
1007 1768 1192 1850 proprium
1223 1769 1332 1833 verbm

135 1880 325 1959 mecaenat,
361 1875 399 1940 bs
430 1881 463 1940 et
493 1875 628 1957 quidam
660 1875 715 1939 alii
743 1874 984 1952 collocaverunt,
1026 1879 1153 1940 natum
1180 1895 1219 1939 ex
1241 1875 1333 1940 εοάειιι

135 1986 237 2050 verbo
260 1983 408 2066 proxime
430 1982 639 2064 praecedenti,
674 1989 714 2046 tu
744 1984 854 2045 autem
885 1984 918 2046 et
947 1981 1007 2046 alii
1033 2002 1181 2065 prorsus
1204 1986 1334 2066 prareet

136 2093 272 2156 licenter
299 2096 486 2166 notuerunt,
515 2089 566 2167 ΙΙΙ,
596 2089 650 2168 22,
686 2088 743 2152 ubi
766 2109 785 2152 r
807 2107 881 2153 cum
905 2089 959 2151 iw
983 2092 1021 2152 et
1053 2090 1262 2171 quibusdam
1282 2089 1334 2153 aliis

136 2203 225 2265 recte
248 2219 311 2262 non
332 2198 423 2273 mlle,
447 2197 547 2261 ceteri
570 2197 652 2260 nolte
674 2199 733 2261 aut
755 2215 818 2260 non
839 2195 915 2260 velte
939 2199 1001 2259 aut
1026 2197 1120 2274 velte,
1148 2197 1202 2261 lv.
1230 2197 1275 2263 14.
1295 2195 1335 2259 uhi

137 2308 172 2371 in
193 2307 248 2371 illo
271 2311 305 2370 et
326 2304 439 2388 paucis
463 2303 534 2368 aliis
558 2308 608 2368 est
630 2304 790 2380 sentirem,
814 2304 848 2367 in
871 2309 938 2366 tuo
961 2305 1099 2379 seruire,
1127 2304 1163 2368 in
1189 2304 1246 2368 bai
1265 2305 1337 2368 est

165 2517 188 2588 ¹)
207 2519 337 2575 Codicum
356 2520 391 2573 bs
414 2534 478 2571 cum
501 2524 557 2570 rte
579 2515 695 2585 aliisque
718 2520 941 2585 comparatomm
961 2515 1080 2570 bonitas
1099 2522 1129 2570 et
1151 2516 1291 2586 integritas
1305 2515 1338 2568 ati

209 2625 344 2677 oramque
363 2606 494 2673 (maxime
513 2609 547 2657 ai
565 2611 592 2658 et
611 2603 792 2671 Coloniensis)
815 2621 879 2659 cum
902 2605 935 2657 iis
960 2605 1111 2673 copulatio
1131 2607 1254 2675 perspici
1271 2610 1339 2674 potest

210 2698 253 2751 his
272 2699 350 2751 locis:
370 2697 381 2748 1
400 2694 445 2761 §4
465 2694 566 2762 (patre,
586 2712 643 2761 aco,
663 2696 823 2758 maioribus,
842 2694 895 2747 vid.
915 2693 1018 2762 Opusc.
1042 2695 1068 2746 11
1090 2712 1117 2762 p.
1134 2695 1213 2759 331),
1233 2695 1250 2748 5
1268 2699 1340 2757 linteo

209 2788 305 2852 fictore,
325 2785 379 2838 ibd.
399 2802 424 2852 p.
444 2783 517 2847 334),
538 2784 572 2833 11)
590 2783 657 2848 (om.
680 2785 749 2836 nteit
767 2786 827 2851 apis
846 2799 910 2836 cum
928 2790 937 2834 t
958 2798 992 2836 ex
1011 2784 1109 2836 altero
1129 2785 1253 2848 ordine),
1275 2781 1341 2839 ΙΙΞ

211 2874 365 2939 (toleratus,
384 2874 438 2926 ibd.
458 2871 529 2937 332),
548 2871 583 2923 27
601 2871 680 2940 (quia
698 2880 761 2925 sunt
779 2870 867 2937 does),
891 2870 926 2922 29
944 2870 1013 2935 (om.
1036 2871 1145 2940 atque).
1177 2874 1218 2926 Ex
1238 2873 1310 2926 tertia
1323 2880 1343 2924 el

211 2968 310 3031 quarta
328 2962 452 3015 oratione
471 2961 537 3014 satis
561 2961 613 3014 erit
637 2961 755 3029 exempli
779 2976 862 3014 causa
885 2954 1100 3014 demonstrasse
1126 2962 1177 3026 III,
1205 2962 1223 3014 3
1249 2960 1343 3029 (crepe

212 3055 277 3106 totis
295 3056 323 3105 et
342 3055 510 3113 restitissent,
536 3050 590 3103 uid.
610 3050 660 3118 Op.
680 3051 705 3104 ΙΙ
724 3068 750 3119 p.
769 3047 841 3116 332),
867 3049 899 3101 18
924 3047 1057 3114 (humani
1082 3052 1200 3103 constiti
1223 3061 1345 3104 tentam

212 3157 305 3193 rerum
322 3141 483 3207 pubcs'natio
501 3155 556 3191 esse
571 3142 705 3206 potuisse;
730 3140 785 3192 ibd.
805 3156 831 3207 p.
850 3137 922 3203 333),
946 3138 980 3189 21
1001 3138 1048 3203 (ea
1064 3157 1124 3207 per
1144 3140 1239 3204 cioca),
1262 3140 1301 3194 ΙΙ.
1321 3139 1343 3189 11

212 3227 377 3294 (exsolvitis).
415 3229 521 3281 Rursus
540 3226 652 3296 (praeter
671 3228 731 3281 illos
749 3229 832 3292 locos,
855 3228 883 3280 in
902 3227 1003 3294 quibus
1023 3229 1143 3282 ostendi
1163 3246 1263 3282 veram
1281 3228 1345 3296 scrip

214 3323 305 3371 turam
324 3334 358 3371 ex
376 3327 431 3371 rte
451 3323 499 3370 aut
518 3317 578 3370 aliis
597 3321 739 3386 sumptam
758 3314 828 3381 esse)
852 3333 902 3369 sua
927 3316 1030 3368 menda
1051 3315 1346 3387 interpolationemque

213 3412 262 3460 aut
280 3406 330 3460 soli
350 3413 397 3460 aut
417 3423 479 3459 cum
500 3406 594 3475 paucis
618 3406 720 3459 habere
743 3404 988 3474 deprehenduntur
1011 3404 1040 3456 in
1069 3408 1207 3461 oratione
1228 3408 1264 3461 [ΙΙ
1282 3405 1345 3459 elli

214 3494 256 3546 his
276 3495 395 3549 maxime
415 3497 492 3548 locis:
518 3496 562 3559 ΙΙΙ,
583 3494 617 3547 16
635 3492 700 3560 (om.
720 3497 814 3561 adipes
837 3511 899 3547 cum
925 3511 942 3546 a
961 3498 989 3546 et
1008 3494 1112 3562 paucis
1132 3495 1220 3562 aliis),
1246 3496 1278 3549 lt
1300 3495 1346 3561 tali

214 3600 298 3652 prave
317 3585 422 3637 addunt
439 3582 546 3651 potuitl,
575 3581 608 3633 21
637 3583 722 3647 (Iocis
753 3585 854 3650 Optimi
880 3584 999 3635 Maximi
1026 3586 1158 3636 omnium
1189 3602 1256 3638 curn
1275 3586 1302 3642 ii.
1321 3581 1348 3632 :ii

216 3671 295 3736 (node
313 3689 362 3742 pro
381 3690 435 3725 non
454 3675 522 3725 nolte
541 3689 603 3725 cum
623 3691 650 3736 a,
669 3671 749 3737 aliis),
769 3673 813 3735 IV,
834 3670 1008 3735 relevando
1027 3689 1044 3724 a
1064 3689 1096 3724 ae
1117 3689 1186 3726 cum
1207 3676 1271 3731 ait.
1289 3672 1348 3726 uude

215 3762 243 3814 in
263 3778 318 3814 uno
337 3764 384 3814 tes.
404 3779 421 3813 o
436 3759 551 3826 cenatio),
572 3759 604 3811 11
623 3761 773 3826 (hominum
792 3759 919 3822 ordines),
941 3759 973 3810 19
992 3757 1059 3824 (non
1080 3764 1165 3815 modo
1185 3781 1244 3817 non
1263 3779 1348 3815 cuma

216 3855 243 3902 et
265 3851 402 3919 pluribus;
431 3849 556 3902 Halmius
580 3865 695 3917 pravam
718 3850 881 3918 scripturam
905 3848 934 3903 in
958 3849 1081 3902 editione
1110 3851 1226 3905 minore
1250 3851 1348 3905 abiecit:

216 3955 269 3991 non
287 3941 364 3992 modo
383 3957 437 3991 non
456 3943 517 4006 post
536 3956 568 3990 nc
587 3939 738 3992 orationem
764 3944 791 3992 et
815 3938 980 3992 sententiam
1000 3936 1125 3999 evertit).
1166 3936 1238 4006 [Cir.
1257 3958 1289 3993 ex
1306 3940 1349 4008 pri·

215 4026 309 4079 oribus
331 4028 500 4081 orationibus
519 4029 539 4090 Ι,
563 4026 597 4079 26
620 4025 797 4093 (occisorum),
821 4027 854 4084 ΙΙ,
880 4026 912 4078 10
935 4027 989 4090 (res
1012 4027 1132 4093 eorum),
1160 4030 1193 4091 ΙΙ,
1223 4029 1255 4081 14
1283 4032 1348 4089 ,εἰμι’-

216 4114 304 4180 duni),
329 4117 377 4180 IV,
403 4116 435 4168 17
464 4117 537 4186 turpi
565 4116 752 4170 additamento
780 4113 996 4182 dehonestatur]
1043 4117 1166 4171 Codices
1190 4138 1209 4171 r
1233 4126 1260 4173 et
1283 4130 1293 4171 t
1318 4128 1347 4180 u·

216 4210 315 4272 praeter
339 4205 413 4258 illam
438 4207 541 4270 labem,
570 4223 632 4274 quae
660 4221 693 4257 ex
718 4204 799 4257 simili
823 4205 898 4258 fonte
921 4212 987 4259 nata
1010 4206 1046 4259 ad
1070 4207 1228 4277 plerosque
1252 4210 1347 4262 codice

217 4294 339 4346 manavit
358 4300 526 4363 apparetque
550 4294 577 4347 in
602 4294 653 4347 illis
677 4294 751 4358 locis,
779 4293 879 4362 quibus
902 4295 1028 4348 codicum
1053 4297 1089 4347 bs
1117 4297 1274 4352 bonitatem
1298 4314 1346 4366 per·

217 4382 283 4450 spici
303 4383 365 4446 dixi,
395 4385 478 4437 etiam
502 4385 635 4451 quasdam
659 4383 760 4435 habere
784 4384 907 4452 proprias
926 4384 1152 4452 interpolationis
1172 4403 1230 4440 non
1250 4388 1345 4455 lomna·¹

217 4478 373 4539 propagata
392 4479 478 4536 notas,
498 4472 605 4526 ostendi
624 4472 690 4527 olim
710 4472 842 4541 exemplis
860 4488 894 4525 ex
912 4473 932 4535 Ι,
954 4471 995 4536 15,
1015 4472 1061 4541 ΙΙΙ,
1083 4473 1128 4539 11,
1151 4476 1186 4528 16
1205 4477 1326 4545 sumplis.

174 4555 197 4625 ¹)
218 4562 293 4614 Solos
312 4561 356 4614 hic
375 4566 401 4614 el
421 4561 485 4615 alibi
504 4561 565 4614 dico
584 4578 617 4614 ex
636 4561 677 4625 iis,
697 4577 766 4629 quos
785 4560 920 4614 norimus.
