2956 5190
694 320 762 384 314

129 537 203 599 quae
238 517 304 581 dixi
335 517 376 581 de
407 519 499 581 textu
531 515 727 596 scriptorum
751 515 794 580 ad
817 515 944 581 codices
968 535 1037 583 non
1061 518 1191 593 exacto,
1221 518 1302 581 ban·

130 624 264 689 terenda
286 627 363 687 sunt
386 623 429 688 ad
452 623 532 688 alios
555 621 740 704 scn'ptores.
774 622 870 686 Velut
892 621 982 704 quod
1001 641 1109 687 unum
1126 621 1212 687 ceni
1224 621 1305 689 loun

129 729 179 812 (V,
205 731 257 808 26,
282 728 338 811 36)
362 730 513 806 atterunt,
537 728 571 793 iu
586 748 651 811 quo
667 728 724 793 sit:
749 727 793 791 ad
816 727 1030 792 inducendum
1046 728 1237 805 matrim,
1256 730 1307 812 qui

129 837 162 901 in
185 837 239 902 illo
262 836 419 919 scriptore
443 834 486 900 ad
508 834 695 900 huiusmodi
718 854 788 899 rem
812 834 951 900 attendit
974 854 1014 900 ac
1037 854 1109 900 non
1131 836 1308 918 progamrit

54 971 57 977 ·
129 944 217 1025 quod
241 963 319 1008 casu
342 947 400 1009 aut
424 962 463 1007 ex
487 942 582 1007 unius
614 942 733 1007 codicis
764 941 885 1006 mendo
915 941 950 1006 in
982 940 1129 1024 primam
1159 940 1310 1007 eddom

129 1045 325 1131 venisset?¹)
360 1049 483 1114 Eadem
516 1051 566 1114 est
596 1048 729 1113 Senecae
760 1049 854 1125 ratio,
890 1048 981 1116 cuius
1012 1050 1095 1114 item
1124 1048 1162 1113 in
1184 1048 1311 1113 omnbus

129 1157 283 1239 open‘bus
306 1176 390 1221 unus
414 1157 575 1239 reperitur
597 1155 686 1221 locus
710 1155 891 1220 contrarius
918 1156 961 1220 de
984 1154 1102 1220 Benet.
1125 1155 1151 1231 Ι,
1185 1156 1202 1219 1
1232 1151 1312 1237 [nme

130 1282 149 1327 e
164 1262 328 1328 codicibus
345 1261 535 1345 correctus}
569 1262 683 1343 ltaque
698 1260 802 1326 sicubi
817 1260 944 1326 codices
964 1260 1199 1343 inspiciuntur,
1219 1280 1313 1327 veruo

129 1369 302 1433 invenitur.
349 1369 474 1435 (litatur
505 1389 525 1435 a
547 1368 780 1433 Ruddimanno
810 1365 851 1449 (ΙΙ
874 1388 906 1450 p.
930 1367 996 1432 252
1024 1370 1096 1433 not.
1128 1367 1183 1433 ed.
1206 1364 1314 1447 Stallb.)

22 1555 25 1560 .
130 1494 170 1538 ex
193 1474 302 1540 Manil.
319 1476 450 1541 Astron.
467 1476 490 1553 Ι,
516 1476 558 1540 10
582 1475 626 1539 od
648 1481 740 1538 tantu
763 1473 954 1550 canendum
977 1474 1047 1552 sed,
1073 1473 1132 1557 qui
1155 1474 1227 1539 fere
1245 1474 1315 1539 solu

129 1582 163 1645 in
187 1601 225 1646 eo
248 1585 347 1664 poeta
370 1582 535 1647 codicibus
551 1601 629 1646 usus
645 1588 704 1655 est,
729 1580 881 1663 Scaliger,
905 1600 946 1645 ex
960 1581 1087 1663 optimo
1104 1580 1316 1647 Gemblaccmi

130 1687 324 1770 duobusque
347 1689 418 1753 aliis
441 1689 586 1752 concocta
615 1688 726 1765 edidit,
762 1692 915 1770 recteque
944 1687 1114 1753 Bentleius
1143 1692 1178 1753 et
1206 1687 1317 1753 Stoeber

129 1795 343 1873 retinuerunt.
389 1795 481 1860 Unus
505 1799 555 1859 est
577 1795 667 1859 locus
698 1795 864 1877 scriptoris
896 1794 995 1877 paulo
1026 1793 1218 1877 diligentius
1246 1798 1318 1859 trac·

130 1901 200 1977 tati,
224 1900 258 1965 in
281 1921 346 1983 quo
369 1903 448 1966 nihil
472 1906 612 1979 notetur,
641 1902 788 1967 Suetonii
811 1902 843 1966 in
867 1900 981 1966 Claud.
1005 1901 1048 1965 26
1072 1898 1136 1982 (ad
1158 1899 1319 1964 ducendum
1361 1954 1363 1963 .

77 2034 116 2072 ass
130 2029 199 2073 com
222 2005 375 2089 acorem).
411 2009 476 2073 Sed
499 2029 541 2073 ne
565 2008 634 2074 eius
659 2009 790 2091 quidem
814 2008 908 2074 codd.
932 2006 1026 2072 multi
1050 2010 1209 2077 accurate
1227 2006 1319 2072 colati

129 2117 221 2191 sunt;
245 2135 435 2198 quanquam
458 2135 523 2180 non
547 2115 758 2191 intercedam,
783 2117 897 2197 siquis
913 2116 1000 2180 hunc
1020 2114 1132 2180 locum
1149 2112 1320 2185 excusabit:

130 2219 208 2302 (non
232 2226 296 2286 est:
320 2230 355 2286 at
377 2222 503 2286 duceret
526 2243 664 2300 uxorem,
689 2242 765 2287 nec:
789 2229 824 2286 ut
846 2222 917 2287 duc.
936 2242 1006 2286 cam
1022 2242 1088 2297 uc,
1113 2220 1191 2286 sed:
1215 2226 1250 2283 ut
1264 2240 1321 2282 eon

128 2327 284 2408 feminam
312 2328 383 2392 duc.
413 2327 491 2410 um).
542 2329 578 2392 ln
601 2329 696 2394 Galb.
720 2333 832 2394 tamen
864 2330 904 2393 18
933 2332 966 2393 et
988 2327 1110 2393 omi
1144 2326 1323 2393 tautumin

130 2452 195 2498 uno
219 2438 252 2498 et
276 2435 378 2500 altero
402 2435 512 2501 codice
535 2436 691 2500 mendum
716 2439 781 2512 est;
816 2436 983 2500 Emestius
1012 2435 1149 2516 quidem
1179 2432 1237 2515 (ad
1258 2432 1322 2498 ou

132 2537 166 2617 ll
190 2559 256 2604 non
280 2541 418 2617 dubitat,
455 2542 533 2624 quin
563 2543 610 2607 sic
641 2546 768 2607 veteres
798 2543 948 2607 dixerint.
994 2541 1117 2606 Verum
1152 2540 1234 2606 satis
1255 2542 1323 2623 puto

131 2646 253 2710 dictum
278 2667 350 2712 esse
375 2648 415 2712 de
438 2650 501 2713 hac
524 2669 570 2726 re,
607 2650 667 2713 etsi
694 2653 844 2731 poteram
873 2669 974 2713 unum
999 2653 1032 2713 et
1055 2648 1201 2713 alterum
1223 2646 1324 2712 simil'u

131 2754 257 2834 generis
281 2755 438 2819 mendum
462 2775 502 2819 ex
526 2756 597 2820 aliis
620 2757 833 2839 scriptoribus
865 2776 1001 2839 operose
1025 2755 1203 2821 corradere
1226 2757 1259 2818 et
1279 2772 1323 2817 ar·

130 2879 239 2941 guere.
249 2856 275 2941 ²)
322 2862 434 2942 ltaque
458 2881 560 2926 unum
584 2863 716 2941 addam,
746 2885 786 2928 ne
817 2863 960 2928 ablativo
984 2863 1118 2945 quidem
1142 2861 1325 2946 gerundiis

130 2969 360 3050 praepositione
383 2971 472 3033 recto
496 2971 718 3035 accusativum
735 2971 868 3053 adiungi
886 2991 906 3034 a
923 2971 1077 3035 Cicerone
1097 2969 1324 3051 aequalibusre.

131 3079 163 3139 et
187 3075 243 3155 qui
266 3075 420 3157 deinceps
444 3076 587 3153 luerunt,
622 3078 685 3141 nisi
715 3077 802 3159 quod
836 3078 947 3142 Cicero
979 3077 1123 3158 primurn
1155 3076 1191 3140 in
1215 3074 1332 3165 origiue·

130 3201 247 3246 vocum
271 3181 417 3246 notanda
440 3183 597 3263 gerundio
621 3183 796 3249 verborum
815 3183 1016 3260 radicalium,
1041 3186 1078 3247 ut
1095 3185 1142 3247 ita
1160 3182 1326 3266 appellem.

160 3426 183 3493 ¹)
202 3427 424 3497 [Darembergius
443 3429 527 3484 edidit
547 3433 736 3495 indtwendam,
756 3447 823 3484 num
843 3448 859 3484 e
877 3431 961 3495 libris,
980 3426 1093 3496 nescio]

160 3515 182 3583 ²)
201 3519 307 3572 (litatur
334 3518 418 3572 etiam
446 3535 462 3571 a
490 3519 630 3573 nonnullis
657 3523 753 3573 auctor
775 3519 986 3589 Oudendorpius
1008 3520 1044 3573 ad
1063 3519 1156 3572 Front
1177 3519 1225 3585 ΙΙΙ,
1248 3518 1272 3570 a
1306 3516 1328 3569 ls

204 3607 293 3675 igitur,
318 3613 534 3661 commemorato
557 3615 656 3677 praeter
675 3625 748 3671 eum,
771 3609 800 3661 in
819 3625 874 3676 quo
893 3614 1025 3672 versatur,
1050 3607 1104 3661 alio
1123 3607 1251 3661 lbonfini
1268 3607 1329 3663 loeo.

204 3697 310 3750 duobus
329 3695 407 3755 Livii,
434 3713 491 3749 uno
511 3695 632 3759 Caesaris,
660 3698 694 3751 de
719 3698 818 3765 quibus
841 3715 925 3767 supra
948 3698 1051 3751 dictum
1076 3701 1126 3759 est,
1155 3713 1213 3751 uuo
1232 3694 1330 3751 lustini.

204 3787 292 3840 addit:
319 3788 438 3850 ,Veram
456 3803 541 3853 quum
558 3789 650 3839 omnia
668 3787 724 3839 sint
742 3787 831 3839 dabira
848 3790 1021 3842 auctoritatis
1038 3794 1062 3839 ct
1081 3793 1150 3838 certo
1167 3788 1249 3853 infra
1265 3794 1289 3838 ct
1305 3785 1331 3835 iu

206 3874 314 3928 Coesarc
338 3893 371 3927 ac
395 3876 501 3928 Iustino
524 3891 587 3928 mas.
612 3893 631 3927 o
654 3892 695 3928 mc
717 3878 777 3941 viai,
805 3877 899 3929 salum
913 3878 1046 3945 plerique,
1074 3892 1136 3927 eum
1158 3875 1220 3928 cdd.
1237 3876 1332 3944 primic

201 3967 382 4031 perendinum
401 3967 429 4016 in
447 3966 509 4030 fem.
527 3981 623 4031 penore
641 3973 797 4032 opnoccont,
821 3981 958 4033 nusquam
976 3967 1024 4019 hoc
1043 3962 1233 4032 (gerundium)
1250 3966 1333 4017 tetru-

203 4052 317 4106 ἀενενη.κ
361 4054 400 4107 De
423 4053 493 4108 Flor.
514 4054 533 4118 l,
559 4054 575 4107 9
598 4054 652 4108 vid.
672 4054 796 4108 Oudend.
821 4054 855 4107 ad
880 4053 947 4107 Ges.
966 4052 996 4107 B.
1016 4052 1046 4106 G.
1066 4052 1113 4115 ΙΙΙ,
1138 4051 1181 4114 14,
1210 4052 1260 4107 ubi
1282 4057 1332 4105 uos

203 4141 349 4196 Leidenses
369 4143 446 4197 codd.
466 4144 589 4198 veritatis
608 4148 692 4197 testes
711 4143 766 4197 dat.
785 4142 1039 4197 Drakenborchium
1058 4140 1143 4195 etiam
1162 4141 1198 4195 ad
1215 4140 1264 4195 Sil.
1277 4139 1332 4194 ltal.

203 4230 259 4293 XV,
280 4230 331 4282 105
351 4232 444 4295 citant,
469 4232 684 4286 contundentem
704 4248 804 4300 genera
823 4249 839 4285 a
858 4247 903 4284 me
922 4230 1058 4293 distincta,
1084 4235 1208 4284 ceterum
1228 4246 1333 4285 accusa·

204 4319 250 4372 tivi
271 4336 287 4372 a
310 4321 501 4391 praepositione
525 4320 594 4393 rect-i
618 4337 706 4374 unum
731 4321 890 4375 afferentem
917 4320 1082 4388 exemplum,
1111 4318 1198 4388 ipsius
1221 4318 1282 4374 Silii
1303 4333 1333 4372 ex

204 4408 274 4471 Vlll,
297 4408 345 4463 36:
373 4413 411 4463 od
434 4413 513 4479 &qna
532 4412 697 4469 movendum,
726 4426 788 4477 quae
807 4415 849 4463 est
866 4410 897 4463 N.
917 4409 1029 4466 Heinsii.
1058 4408 1109 4461 viri
1128 4408 1334 4478 elegantiarum,

204 4514 272 4564 ques
296 4494 460 4567 appellabat,
489 4515 561 4567 saepe
585 4498 755 4568 ineptissime
779 4499 902 4563 studiosi,
931 4499 1096 4560 coniectura,
1124 4513 1212 4566 quum
1240 4512 1335 4552 omues

204 4586 306 4654 ubique
324 4587 402 4641 codd.
422 4593 449 4641 et
468 4587 539 4651 edd,
558 4586 643 4657 ipsius
662 4603 773 4656 quoquc
791 4586 1014 4651 Drakenborchii,
1032 4589 1162 4642 movenda
1182 4586 1313 4641 habeant
