2956 5190
129 486 303 552 editionem
327 486 474 565 haberet,
510 487 644 553 ductam
672 488 762 554 illam
785 488 917 571 quidem
940 489 1074 572 aliquot
1096 490 1173 557 locis
1192 493 1284 575 phou

129 596 215 660 bono
239 594 359 672 codice,
384 593 454 657 aliis
478 593 557 658 locis
581 613 621 658 ex
645 615 685 660 eo
708 595 928 673 emendatam,
953 595 1021 660 sed·
1040 599 1157 663 tamen
1175 618 1227 665 nec
1241 618 1287 683 pn
1333 592 1351 651 i

128 705 227 784 petuo
250 720 311 766 nec
334 700 504 782 diligenter
527 700 571 765 ad
594 721 671 766 eum
694 705 854 779 exactam,
879 704 912 766 et
934 706 1107 785 praeterea
1127 723 1193 770 non
1210 706 1293 775 urb
1337 699 1351 741 ²

128 808 199 872 illas
222 809 256 872 in
278 811 348 873 tam
372 807 469 889 longa
488 807 635 872 oratione
653 807 841 890 scripturas,
865 827 948 890 quas
968 808 1136 876 Gruterus
1152 829 1171 875 e
1185 810 1293 879 uulso

129 914 293 980 codicibus
317 917 350 978 et
372 934 433 979 suo
456 933 523 978 uno
546 913 629 997 (Pal.
653 912 688 994 9)
717 914 906 996 protulerat,
936 934 1000 980 nec
1029 917 1117 982 satis
1138 920 1233 983 totam
1248 936 1292 985 m
1341 913 1351 955 '⁵'

128 1021 290 1104 explicare
324 1040 385 1085 nec
419 1021 523 1099 mam,
565 1021 656 1085 cuius
690 1020 828 1102 vestigia
862 1021 1148 1104 deprehenderat,
1181 1024 1292 1107 panop·
1343 1020 1351 1061 ³

76 1115 79 1120 ⁵
127 1128 249 1210 ubique
273 1131 416 1211 poterat3
452 1130 486 1191 et
517 1147 618 1210 quum
649 1127 684 1191 id
712 1130 826 1191 tamen
848 1127 947 1209 paulo
971 1128 1150 1195 ardentius
1171 1128 1295 1195 oonfih
1345 1125 1351 1163 ¹

127 1237 257 1317 tiusque
281 1237 432 1312 tentaret,
456 1233 569 1298 incidit
585 1234 619 1297 in
637 1253 763 1298 errores
780 1234 952 1299 nonnullos
969 1241 1005 1300 et
1022 1236 1199 1319 aliquoties
1212 1236 1297 1303 hm
1349 1232 1351 1239 ’

127 1341 292 1423 ingenium
316 1341 470 1405 exercuit.
517 1339 657 1405 Orellius
685 1341 825 1422 denique
853 1342 887 1405 in
917 1343 1047 1408 minore
1071 1343 1214 1408 editione
1231 1342 1297 1407 huis

128 1451 162 1512 et
184 1447 335 1513 Coelianae
359 1448 514 1512 orationis
538 1441 686 1528 plurimis
710 1448 744 1511 in
766 1447 844 1511 locis
867 1448 1069 1530 optimorum
1089 1449 1233 1515 codicum
1246 1468 1298 1515 ane·

127 1555 293 1619 toritatem
325 1558 412 1619 recte
440 1557 571 1619 secutus
607 1556 656 1618 est
690 1556 724 1618 et
758 1552 917 1629 deiendit;
952 1554 1013 1619 sed
1049 1575 1157 1638 quum
1190 1575 1228 1621 ne
1254 1555 1298 1638 ipsc

43 1652 47 1657 ’
129 1661 261 1743 quidem
296 1661 444 1725 codicum
479 1659 706 1742 cognationem
742 1661 1002 1743 propaginesque
1045 1682 1088 1726 ex
1124 1682 1192 1726 una
1223 1662 1300 1727 radio

129 1766 339 1832 multifariam
364 1766 513 1832 diductas
537 1766 617 1830 satis
641 1771 793 1831 accurate
816 1769 964 1857 notasset
987 1771 1021 1831 et
1052 1768 1301 1851 explicuissetsn

129 1893 193 1956 quo
216 1873 296 1938 illud
319 1893 448 1956 quoque
471 1873 706 1954 impedimento
730 1875 810 1949 erat,
835 1873 924 1955 quod
947 1874 1044 1939 unius
1062 1876 1197 1941 tantum
1212 1878 1301 1958 mun·

128 1980 209 2062 tiqui
233 1980 351 2045 codicis
374 1980 552 2063 scripturas
578 1979 674 2062 plene
692 1981 843 2044 enotatas
859 1980 1015 2059 habebat,
1041 1982 1096 2046 cui
1117 2001 1181 2047 nos
1196 1982 1304 2047 altem

129 2085 358 2169 adiungimus),
394 2091 427 2151 et
460 2085 617 2152 nonnulla
650 2087 759 2149 minus
794 2089 908 2150 contra
943 2085 1084 2151 aliorum
1114 2088 1304 2154 dubitatione

128 2194 280 2271 firmavit,
305 2212 403 2276 quarn
427 2197 566 2275 poterat,
591 2197 624 2257 et
647 2192 814 2257 interdum
837 2193 906 2274 ipse
930 2193 1042 2275 lapsus
1068 2197 1136 2271 est;
1160 2213 1221 2259 nec
1234 2192 1307 2259 odo

128 2299 249 2364 menda
271 2300 425 2379 tollenda,
461 2319 534 2381 quae
567 2299 719 2363 omnibus
751 2298 916 2364 codicibus
948 2298 1123 2378 inhaerent,
1161 2302 1307 2384 qrirqoan

129 2406 308 2471 admodum
331 2407 441 2472 attulit
472 2410 538 2485 aut,
576 2426 650 2488 quae
683 2426 796 2470 eorum
828 2409 915 2471 esset
936 2406 1030 2483 ratio,
1068 2407 1232 2490 exposuit.
1268 2405 1309 2471 l'sl

129 2517 240 2578 autem
263 2517 333 2578 tota
356 2514 428 2578 haec
450 2533 503 2578 res
532 2513 578 2577 ita
608 2515 809 2594 comparata,
844 2516 890 2589 ut,
926 2512 1092 2596 explicata
1116 2532 1169 2592 ea,
1203 2513 1243 2578 de
1261 2530 1307 2595 qn

129 2621 205 2698 dixi,
230 2622 377 2686 codicum
402 2621 594 2702 cognatione
617 2638 737 2701 magna
761 2638 838 2700 pars
861 2639 969 2684 causae
992 2619 1089 2702 quasi
1113 2596 1236 2687 tabulis
1255 2640 1311 2686 oon·

129 2727 263 2808 signatis
287 2729 320 2790 et
342 2728 533 2804 rationibus
558 2728 586 2792 si
609 2747 675 2792 non
699 2727 948 2804 mathematicis,
978 2730 1013 2791 at
1036 2726 1204 2793 historicis
1225 2726 1312 2811 peragi

129 2833 240 2914 possit,
276 2833 478 2916 sublatisque
507 2834 671 2898 erroribus
702 2834 920 2915 inanibusque
948 2834 1194 2915 suspicionibus
1216 2832 1312 2899 certior
1349 2862 1351 2871 v

130 2938 172 3003 ad
195 2941 366 3004 veritatem
391 2940 619 3004 inveniendam
644 2960 757 3004 cursus
790 2940 903 3004 teneri.
951 2939 1032 3018 Quae
1062 2948 1179 3007 autem
1208 2941 1248 3006 de
1271 2939 1313 3005 Se·

129 3046 243 3109 stianae
279 3048 434 3111 orationis
469 3047 686 3111 fundamento
721 3046 831 3111 critico
866 3046 1033 3129 disputata
1068 3053 1183 3127 erunt,
1218 3047 1312 3113 eaden

129 3154 248 3230 omnia,
286 3155 428 3235 exceptis
463 3154 516 3231 ils,
553 3174 626 3236 quae
662 3154 705 3219 ad
740 3153 867 3218 codices
903 3155 1075 3219 lacunosos
1112 3156 1314 3238 pertinebunt

75 3271 115 3309 ⁴1³
128 3259 298 3323 transferri
322 3264 476 3342 poterunt
499 3281 565 3326 non
588 3262 694 3326 solum
718 3262 761 3326 ad
784 3261 1002 3339 Vatinianam,
1038 3264 1075 3325 ut
1108 3262 1153 3327 de
1183 3282 1224 3327 ea
1252 3258 1314 3326 nihi

128 3385 210 3447 opus
234 3366 275 3429 sit
298 3368 449 3431 universe
472 3367 535 3431 dici
559 3372 658 3450 atque
681 3368 725 3432 ad
742 3368 869 3450 singula
886 3370 996 3433 statim
1014 3368 1127 3432 venire
1143 3368 1250 3445 liceat,
1270 3362 1314 3431 ssd

128 3473 171 3536 ad
194 3472 371 3538 Caelianam
396 3474 505 3552 etiam,
530 3477 621 3539 cuius
644 3494 748 3556 nuper
764 3475 907 3557 singulos
924 3475 1012 3539 locos
1032 3467 1313 3549 emendavimus¹i

153 3634 315 3641 ——---—-
321 3635 394 3642 ...-

158 3734 178 3801 1)
197 3735 350 3805 [Debebam
375 3740 475 3794 addere
500 3757 555 3794 non
580 3742 669 3795 solum
693 3742 830 3795 orationes
856 3742 890 3794 de
914 3758 990 3810 prov.
1015 3757 1090 3794 cons.
1114 3745 1144 3793 et
1167 3757 1218 3810 pro
1240 3738 1319 3799 Bulbo

200 3829 350 3882 sedetiam
375 3828 443 3891 illas,
472 3846 534 3897 quae
561 3836 627 3884 sunt
655 3836 717 3898 post
740 3831 859 3884 reditum
887 3830 956 3894 duae,
985 3830 1018 3882 de
1046 3830 1139 3892 domo,
1169 3830 1205 3884 do
1222 3829 1319 3896 hamon.

200 3934 279 3986 resp,
298 3918 346 3971 sed
366 3919 399 3971 de
419 3918 460 3971 his
480 3923 618 3987 quattuor,
638 3935 724 3988 quum
744 3920 802 3972 hac
821 3919 924 3988 scripsi,
944 3917 1012 3973 nihil
1031 3918 1162 3983 sciebam,
1183 3918 1256 3988 qnod
1267 3916 1320 3971 Ku-

199 4005 294 4074 rupius
322 4023 368 4059 eas
396 4023 451 4060 non
480 4007 641 4062 contulerat.
684 4009 790 4062 Harum
818 4024 918 4061 novem
946 4007 1102 4061 orationum
1131 4008 1240 4062 codices
1265 4004 1322 4061 anti

200 4095 309 4163 quiores
328 4113 438 4164 prorsus
457 4113 474 4149 a
493 4101 646 4150 ceterarum
666 4098 822 4151 orationum
846 4096 984 4151 codicibus
1008 4102 1174 4165 separantur
1193 4114 1244 4151 nec
1261 4093 1323 4165 quio

200 4201 283 4252 quam
304 4191 403 4252 prater
423 4185 482 4238 illas
501 4186 651 4249 continent,
680 4202 713 4239 ex
737 4202 801 4250 uno,
830 4185 877 4255 qui
896 4186 993 4239 eadem
1013 4185 1182 4249 continebat,
1211 4182 1322 4241 derivati

201 4273 267 4325 lnde
286 4278 381 4341 postea
400 4274 443 4327 hae
462 4275 600 4328 orationes
619 4275 647 4327 in
666 4275 831 4328 recentiores
851 4273 957 4327 codices
976 4289 1072 4328 omnes
1095 4279 1146 4327 aut
1163 4275 1258 4344 plures
1274 4287 1324 4327 oro·

201 4361 288 4414 tiones
307 4362 463 4431 complexos
483 4364 658 4428 transierunt,
683 4365 755 4432 quod
780 4365 814 4417 de
838 4363 989 4416 Erfurtensi
1008 4362 1143 4417 intellexit
1162 4369 1191 4418 et
1210 4360 1324 4433 exposuit

200 4448 356 4503 Wunderus
375 4452 450 4520 praei.
470 4469 496 4520 p.
517 4452 635 4516 xxxvl,
656 4453 715 4506 coll.
736 4454 769 4506 de
789 4452 915 4506 Sestiana
933 4470 959 4520 p.
979 4449 1023 4519 X.]
