2948 5206
630 318 694 382 745

57 515 200 578 mittam
223 520 337 595 cuma,
367 533 437 598 quse
460 519 527 576 tarn
549 513 651 577 muita
674 516 736 577 cet.
781 511 866 576 Nam
897 516 930 576 et
952 512 1092 576 molesta
1116 514 1166 575 est
1189 530 1263 575 ver·

56 620 176 686 borum
200 619 304 701 copia,
334 619 463 684 rediens
493 621 676 701 praesertim
700 619 743 683 ad
766 618 864 695 idem,
894 617 982 700 quod
1006 617 1096 704 initio
1119 617 1262 699 positum

57 732 139 804 erat,
163 728 316 803 omittam,
341 729 374 790 et
396 725 597 808 ineleganter
621 729 654 790 et
676 727 746 790 sine
770 724 837 789 ulla
859 744 960 789 causa
984 724 1017 788 in
1040 725 1103 789 hac
1127 743 1262 789 enume-

55 835 201 899 ratione:
225 840 259 897 ut
281 832 340 896 illa
364 834 505 896 omittam
532 867 584 914 -,
608 840 642 896 ut
663 833 838 914 fulminum
855 834 967 914 iactus,
991 838 1026 895 ut
1041 838 1136 895 terroe
1150 838 1261 910 motus,

55 940 191 1006 tertium
214 940 277 1005 hoc
300 940 485 1004 membrum
511 959 532 1004 a
554 939 719 1021 prioribus
743 939 916 1003 divellitur.

147 1046 198 1124 Ill,
228 1047 282 1111 22.
328 1045 413 1124 Quid
442 1046 485 1111 sit
512 1046 581 1110 vitii
605 1045 638 1110 in
661 1048 800 1128 utraque
824 1046 973 1110 codicum
996 1046 1158 1127 scriptura
1181 1044 1262 1126 (iam

54 1173 129 1217 vero
152 1153 210 1216 iilo
234 1152 439 1237 Allobrogum
461 1153 649 1234 sollicitatio,
684 1153 750 1215 iam
780 1152 820 1215 ab
849 1151 983 1216 Lentulo
1011 1156 1058 1217 et:
1096 1153 1161 1215 iam
1190 1172 1261 1216 uero

54 1260 114 1323 iliu
139 1259 343 1344 Allobropum
366 1260 546 1324 sollicitatio
567 1261 613 1323 sic
636 1258 676 1322 ab
700 1256 857 1340 Mutum),
883 1262 1036 1341 apparet;
1065 1260 1098 1323 in
1122 1266 1262 1340 utraque

55 1367 143 1431 enirn
168 1367 387 1431 nominativus
415 1365 469 1430 hic
497 1366 556 1429 ilio
584 1363 789 1449 Allobrogum
817 1366 995 1429 sollicitatio
1025 1366 1126 1431 verbo
1156 1369 1262 1442 caret;

55 1473 114 1537 sed
141 1473 180 1549 ei,
205 1492 303 1553 quam
328 1472 405 1536 olim
429 1472 595 1554 proposui,
621 1472 825 1548 coniecturae,
854 1473 887 1536 in
912 1492 1011 1553 quam
1035 1473 1135 1537 etiam
1159 1472 1261 1536 Erne-

55 1580 139 1644 stius
163 1578 331 1649 inciderat.
356 1577 436 1642 nibil
460 1599 481 1643 a
503 1578 670 1643 codicibus
693 1578 831 1643 subsidii
855 1579 1007 1654 accessit;
1033 1585 1147 1644 contra
1169 1579 1262 1644 ineo

55 1704 175 1768 genere
199 1685 357 1763 codicum,
382 1686 434 1749 cui
456 1684 530 1767 plus
554 1686 739 1763 tribuimus
770 1687 905 1768 vestigia
928 1684 1188 1767 interpolationis
1212 1686 1261 1749 vi·

55 1791 176 1856 dentur
200 1792 398 1874 deprehendi
430 1793 652 1874 ingeminato
680 1795 757 1858 ium.
804 1793 918 1873 ltaque
947 1792 1152 1856 Mommsenii
1183 1811 1261 1856 con·

54 1898 216 1963 iecturam
239 1902 370 1963 secutus
394 1899 511 1963 sustuli
534 1900 636 1964 verba
658 1901 718 1963 illu
740 1900 944 1984 Aliobropum
967 1899 1156 1975 sollicitatio,
1186 1918 1260 1979 quae

55 2024 96 2069 ex
121 2003 139 2085 ἕ
165 2006 206 2069 14
229 2006 328 2069 ducta
352 2005 583 2088 adscriptaque
606 2011 687 2089 puto
710 2007 754 2071 ad
777 2007 831 2070 illa
854 2012 952 2069 tantm
975 2026 1034 2069 res.
1070 2003 1151 2082 Quae
1175 2024 1261 2085 prae·

55 2115 148 2176 terea
171 2112 405 2176 Mommsenius
428 2113 578 2191 mutarit,
604 2114 724 2177 mutari
747 2114 826 2177 nihil
850 2132 932 2194 opus
956 2115 1016 2177 est.

147 2217 199 2294 ΙΠ,
223 2218 276 2281 26.
317 2216 413 2295 Quod
436 2218 568 2285 Halmio
592 2219 635 2284 ab
660 2220 723 2285 alio
745 2239 940 2302 persuasum
964 2223 1024 2296 est,
1048 2219 1119 2283 haec
1143 2219 1260 2283 rerba:

55 2323 102 2387 ad
124 2326 308 2388 memoriam
334 2325 515 2389 consulatus
537 2328 599 2390 mei
621 2346 743 2411 unoque
765 2334 901 2410 tempore
930 2361 972 2371 —
1001 2326 1081 2389 duos
1109 2327 1262 2390 exstitisse

55 2431 138 2495 cives
166 2431 212 2495 sic
242 2432 376 2514 intelligi
411 2452 518 2514 posse,
554 2438 590 2498 ut
625 2433 788 2498 sententia
821 2432 948 2497 infinita
982 2432 1152 2513 copuletur
1186 2451 1261 2496 cum

54 2535 199 2620 genitivo
223 2539 404 2603 cumulatus
426 2542 488 2604 mei
510 2540 617 2622 sitque
640 2561 700 2622 pro
731 2541 833 2604 altero
861 2538 1004 2621 genitivo
1027 2537 1070 2602 ad
1093 2538 1261 2603 memoriae

54 2662 178 2708 nomen
206 2643 370 2725 adiuncto,
406 2649 476 2713 sine
507 2648 573 2712 ulla
604 2647 671 2712 veri
702 2646 912 2711 similitudine
945 2649 978 2710 et
1009 2650 1122 2710 contra
1153 2645 1261 2709 Latini

55 2750 218 2815 sermonis
241 2757 394 2817 naturam
418 2754 558 2837 fingitur,
583 2754 779 2819 obversante
807 2757 866 2818 aut
889 2752 993 2817 Graeci
1021 2753 1191 2824 sermonis.
1227 2752 1261 2816 in

55 2877 123 2939 quo
146 2858 303 2923 articulus
327 2860 460 2925 infinitae
484 2861 654 2926 sententiae
678 2861 888 2943 praeponitur,
924 2860 1065 2942 imagine
1094 2862 1152 2924 aut
1179 2859 1260 2923 Ger·

55 2964 186 3044 manici,
215 2967 248 3029 in
271 2986 346 3047 quo,
371 2971 407 3030 ut
435 2967 468 3030 in
496 2972 618 3045 nostro,
647 2968 732 3032 idem
758 2968 821 3031 alio
845 2967 943 3031 modo
966 2967 1105 3032 efficitur
1128 2965 1261 3047 (durau,

55 3069 156 3152 dass).
204 3072 317 3154 ltaque
340 3072 367 3138 si
392 3073 470 3136 nihil
494 3075 651 3154 gravioris
675 3073 742 3137 vitii
771 3074 893 3147 subest,
930 3074 1019 3154 qnod
1047 3076 1124 3137 ante
1152 3072 1259 3154 suspi-

55 3183 149 3243 catus
172 3198 257 3252 sum‚
293 3180 437 3244 tollenda
465 3180 627 3261 particula
656 3184 714 3255 est,
751 3183 785 3242 ut
815 3181 977 3243 sententia
1006 3180 1132 3243 infinita
1156 3199 1260 3260 appo·

54 3285 173 3349 sitione
202 3285 399 3368 adiungatur
426 3287 469 3351 ad
498 3287 592 3350 illud:
629 3286 672 3349 ud
700 3287 884 3349 memorium
913 3287 1093 3350 cornutum
1120 3287 1182 3349 mei
1210 3284 1259 3366 (til

55 3391 228 3473 Erindring
252 3413 304 3457 om
330 3394 389 3456 mit
406 3393 570 3471 Consulat,
595 3397 630 3456 at
653 3393 711 3457 der
735 3391 885 3474 [nemlig]
909 3414 973 3474 paa
995 3413 1055 3456 een
1071 3392 1135 3456 Tid
1160 3387 1259 3472 -).¹)

145 3498 202 3574 IV,
241 3499 292 3563 10.
350 3500 483 3563 Frustra
517 3500 742 3578 DrumannuS,
784 3521 881 3583 quem
916 3499 1068 3565 Halmius
1101 3498 1258 3580 sequitur,

13 3611 16 3615 '
55 3606 144 3667 iussu
167 3606 281 3687 populi
309 3605 464 3669 defendit.
511 3606 619 3683 Quum
655 3607 716 3672 hoc
750 3608 943 3689 disputetur,
979 3607 1147 3689 possintne
1182 3625 1259 3671 con·

55 3710 153 3775 iurati
181 3711 464 3775 senatusconsulto
492 3712 616 3777 iniussu
646 3715 756 3796 populi
785 3712 860 3797 (hoc
889 3719 948 3793 est,
981 3712 1112 3795 publico
1140 3713 1260 3778 iudicio

56 3837 124 3881 non
149 3817 309 3899 damnati)
334 3819 480 3894 interfici,
504 3821 594 3885 nullo
617 3821 715 3885 modo
739 3826 852 3885 contra
876 3821 937 3885 dici
961 3825 1079 3903 potest,
1105 3820 1139 3885 C.
1160 3819 1258 3884 Grac·

56 3924 165 4001 chum,
201 3925 255 4005 qui
285 3927 315 3989 vi
347 3929 380 3990 et
414 3927 514 3989 armis
547 3927 672 3991 occisus
702 3931 761 4004 est,
796 3929 884 3992 iussu
907 3929 1021 4012 populi
1055 3947 1126 3990 esse
1161 3926 1258 3991 inter-

55 4031 196 4108 iectum3
220 4032 308 4095 aliud
333 4036 383 4096 est
406 4033 491 4097 enim
517 4033 611 4115 longe
634 4035 791 4098 uolrtntate
812 4036 931 4118 populi,
964 4035 1084 4116 populo
1110 4034 1257 4115 patiente

56 4142 89 4202 et
124 4139 347 4219 pernriltente3
388 4139 506 4203 deinde
546 4140 607 4204 hoc
641 4144 748 4204 totum
783 4141 946 4205 Ciceronis
982 4140 1256 4222 argumentationi

55 4245 341 4309 vehementissime
369 4250 575 4327 repugnaret.
627 4247 711 4310 Nam
743 4246 790 4311 sic
822 4251 1049 4328 argumentum
1083 4247 1255 4323 concludit,

56 4351 84 4415 si
108 4351 177 4433 ipse
201 4355 314 4415 auctor
337 4352 415 4433 legis
439 4352 639 4434 Semproniae
671 4352 770 4436 (quod
794 4354 897 4417 hostis
921 4351 1110 4434 exstitisset)
1132 4355 1257 4418 iniussu

90 4494 104 4499 ..
110 4493 321 4500 ——-—-.-

86 4559 107 4627 ¹)
127 4559 212 4628 [Idem
233 4563 288 4616 iam
308 4562 459 4616 Beneclrius
478 4565 632 4634 suspicatus
651 4571 717 4620 erat.
750 4565 794 4619 Sic
812 4565 888 4620 locus
907 4565 1115 4620 similitudinem
1134 4565 1256 4634 aliquam

128 4651 240 4705 habebit
258 4668 322 4704 cum
340 4651 453 4705 Liuiano
471 4653 492 4716 Ι,
511 4653 554 4717 55,
574 4650 611 4720 1.]
