2948 5206
625 306 689 371 753

56 501 287 583 praeferebant,
325 520 397 564 cum
435 520 513 565 cura
549 501 757 567 considerans
793 505 825 565 et
859 521 971 566 verum
1008 502 1082 566 inde
1118 503 1257 567 subinde

56 628 185 683 erucae,
221 608 372 689 idemque
404 627 463 689 ego
494 607 540 672 ita
572 608 642 684 feci,
679 611 716 672 ut
742 608 827 672 hanc
857 609 1084 672 auctoritatem
1107 613 1156 673 tot
1179 610 1256 674 locis

56 718 239 797 spectatam
264 714 364 777 etiam
396 714 429 777 in
457 714 528 778 aliis
560 714 638 778 locis
668 714 858 795 praeserrem
892 714 1081 779 ratiunculis
1114 716 1257 797 speciem

57 822 212 902 aliquam,
236 822 296 885 sed
318 821 520 885 necessitatis
544 820 623 884 nihil
640 821 849 886 habentibus.
885 822 950 886 Sed
967 827 1077 886 tamen
1096 821 1256 896 Halmius,

56 932 93 993 ut
115 928 153 992 fit
176 929 209 992 in
233 928 392 991 eiusmodi
416 947 451 991 re
474 931 573 1008 atque
597 927 715 1002 studio,
740 929 902 992 nonnullis
926 929 1003 993 locis
1028 928 1106 992 mihi
1130 929 1258 992 videtur

56 1035 184 1117 longius
209 1054 397 1116 progressus
421 1053 493 1098 esse
516 1054 617 1115 quum
641 1033 735 1097 iniis
759 1034 927 1116 scripturis
950 1034 1153 1117 recipiendis,
1184 1055 1257 1115 quae

57 1142 139 1205 mihi
169 1161 276 1222 neque
308 1141 437 1205 defendi
468 1141 534 1205 ullo
565 1140 663 1205 modo
696 1160 792 1221 posse
816 1145 849 1204 et
872 1141 989 1205 erroris
1022 1140 1056 1222 (a
1079 1161 1144 1224 quo
1168 1142 1257 1205 Vati·

56 1267 160 1312 canus
183 1248 317 1312 minime
340 1248 494 1311 immunis
526 1245 588 1329 est)
616 1247 798 1311 manifestae
827 1266 900 1311 esse
929 1247 1089 1323 videntur,
1126 1253 1193 1312 turu
1225 1248 1258 1313 in

57 1356 246 1418 coniectura
270 1373 309 1417 ex
332 1355 469 1431 mendis,
494 1358 530 1417 ut
553 1353 633 1417 mihi
661 1352 821 1429 videntur,
856 1373 933 1417 casu
961 1356 1040 1419 ortis
1068 1356 1257 1437 repetenda.

56 1461 180 1526 Prioris
204 1462 330 1542 generis
353 1461 386 1524 in
410 1461 555 1525 secunda
578 1460 725 1524 oratione
754 1458 808 1540 (-
840 1464 876 1523 ut
903 1460 1051 1524 omittam
1083 1460 1116 1524 in
1139 1459 1157 1542 ὅ
1182 1462 1201 1525 9
1226 1462 1258 1525 in

56 1569 218 1632 minorem
251 1567 425 1631 editionem
458 1571 625 1649 receptam
656 1567 742 1630 hanc
772 1567 981 1648 scripturam:
1017 1588 1105 1630 aenne
1141 1569 1260 1631 crimen

58 1682 148 1738 tuum
173 1681 225 1755 est,
249 1675 332 1759 quod
358 1711 396 1718 -
421 1697 481 1738 nori
505 1675 588 1738 neate
612 1675 794 1754 existimem,
819 1673 901 1758 quod
923 1673 1094 1737 scribebam
1112 1678 1144 1738 et
1159 1675 1259 1739 mira·

57 1781 168 1845 hiliter
199 1781 377 1857 defensam,
411 1781 503 1862 quasi
535 1783 786 1845 alterumutrum
818 1781 883 1844 ulla
908 1801 947 1843 ex
971 1785 1064 1862 parte
1093 1782 1195 1862 magis
1220 1802 1259 1846 ex

59 1888 224 1952 Ciceronis
247 1908 388 1969 persona
412 1888 535 1952 dictum
560 1887 692 1968 intelligi
724 1887 836 1968 possit,
873 1893 906 1950 et
938 1887 1031 1967 quasi
1064 1887 1129 1951 ullo
1161 1888 1259 1953 modo

58 2014 119 2076 per
142 2014 177 2057 se
201 1995 262 2057 dici
287 1996 443 2075 potuerit:
479 1997 598 2058 crimen
621 2001 709 2057 tuum
733 2000 786 2073 est,
816 1993 898 2076 quod
925 1993 1096 2056 scribebam
1125 2014 1184 2075 pro
1209 2014 1257 2071 eu,

58 2101 148 2183 quod
177 2104 241 2164 est:
277 2101 358 2185 quad
385 2103 565 2184 scripserim
594 2104 667 2164 aut:
704 2121 741 2163 aa
769 2120 801 2162 ee
825 2107 878 2180 est,
913 2099 996 2183 quad
1018 2101 1148 2183 scripum
1183 2104 1259 2165 sunt

58 2207 212 2289 quaedam
237 2208 406 2272 artificiola
430 2206 642 2289 relinquenda
671 2205 857 2270 hominibus
881 2206 1003 2270 Halmii
1027 2207 1257 2283 dissimillimis

59 2315 116 2395 qui
139 2313 245 2377 Latini
268 2315 426 2378 sermonis
451 2314 553 2395 ignari
576 2316 646 2376 tum
670 2311 733 2377 sibi
757 2313 843 2375 acuti
868 2312 1028 2387 videntur,
1058 2334 1157 2394 quum
1183 2335 1257 2378 sen-

59 2420 237 2484 tentiarum
262 2425 294 2483 et
318 2421 473 2484 orationis
496 2423 644 2502 apertam
668 2419 917 2500 perversitatem
948 2424 980 2482 et
1008 2423 1259 2502 repugnantiam

58 2547 127 2591 non
150 2527 293 2590 sentiunt
319 2524 382 2606 --),
407 2526 475 2602 sed,
506 2527 593 2608 quod
616 2525 821 2589 institueram
846 2525 962 2601 dicere,
994 2527 1110 2607 prioris
1133 2529 1259 2608 generis

59 2634 211 2714 exempla
235 2634 266 2696 in
291 2633 434 2695 secunda
458 2633 605 2696 oratione
636 2637 711 2696 sunt
740 2632 774 2695 in
796 2630 815 2711 ἕ
841 2634 878 2695 11
911 2632 959 2715 (id
988 2633 1098 2696 domus
1126 2642 1188 2697 tuce
1217 2642 1261 2698 est

59 2760 120 2822 pro
144 2739 229 2801 (tanai
251 2748 323 2814 ture,
348 2742 456 2802 ortum
480 2740 619 2803 sortasse
643 2759 682 2803 ex
705 2739 823 2814 domui,
848 2741 1012 2820 quomodo
1028 2741 1082 2804 illa
1098 2742 1259 2822 significa-

59 2847 148 2910 tione
173 2866 236 2909 non
261 2846 306 2909 ita
330 2866 404 2908 raro
428 2846 584 2926 scriptum
610 2846 642 2909 in
667 2845 808 2926 antiquis
827 2846 991 2911 codicibus
1009 2847 1192 2929 reperitur),
1216 2850 1260 2912 45

59 2953 109 3033 (ut
132 2973 164 3015 se
186 2960 296 3015 coruru
324 2973 413 3014 seeum
443 2960 569 3034 putrem
599 2952 799 3033 defenderem
830 2973 889 3033 pro
920 2961 954 3016 ut
984 2962 1021 3027 te,
1058 2974 1123 3019 non
1155 2957 1260 3020 solum

60 3063 264 3139 repugnante
289 3078 337 3133 ea,
363 3059 449 3137 quod
474 3059 644 3138 praecedit:
669 3066 697 3121 te
712 3058 792 3120 ntilii
808 3060 1052 3134 ‹emmendatat
1077 3081 1150 3142 quae
1171 3081 1260 3124 com-

59 3165 227 3228 mendatio
251 3185 317 3227 non
341 3167 403 3228 alio
427 3165 488 3228 nisi
513 3165 554 3227 ad
579 3164 667 3228 illam
692 3165 914 3228 defensionem
938 3168 1088 3247 pertinet,
1113 3168 1171 3231 sed
1189 3169 1260 3248 ipsa

61 3292 107 3346 rc,
132 3272 286 3352 quoniam
310 3271 406 3335 Curio
429 3276 523 3352 pater
547 3270 665 3346 afilia,
695 3270 833 3352 quadis
857 3292 915 3352 pro
940 3274 1081 3337 Antonio
1106 3273 1260 3337 interces-

60 3379 166 3455 sisset,
191 3397 296 3457 ncque
319 3379 345 3440 si
369 3379 453 3441 filius
477 3380 509 3442 in
534 3378 602 3442 eius
625 3382 787 3459 potestate
811 3397 917 3458 neque
941 3379 967 3441 si
991 3380 1040 3442 sui
1064 3380 1142 3443 iuris
1164 3385 1259 3457 esset,

61 3484 235 3564 quicquam
262 3484 378 3547 iudicio
402 3489 513 3565 petere
537 3483 670 3566 piasset),
695 3486 738 3548 49
763 3484 862 3566 (uenis
885 3506 900 3545 e
922 3485 1032 3549 (r'ollia
1056 3506 1115 3567 pro
1141 3489 1260 3563 uenisti,

62 3590 178 3654 eodem
202 3610 321 3664 errore,
352 3610 416 3671 quo
447 3589 464 3670 ἓ
489 3592 508 3654 9
534 3593 685 3674 impetras
708 3613 766 3673 pro
791 3593 966 3674 impetrasti
991 3596 1032 3657 ete
1046 3594 1089 3655 35
1113 3593 1262 3657 liberabis

62 3718 123 3779 pro
146 3697 320 3761 liberavisti
343 3702 376 3760 et
400 3699 441 3761 78
465 3698 575 3760 babuit
599 3718 657 3778 pro
686 3696 825 3761 liabuisti
853 3703 883 3760 et
913 3699 955 3761 93
984 3699 1092 3762 deberis
1121 3720 1180 3780 pro
1210 3701 1261 3763 de·

63 3803 167 3881 buisti,
191 3807 227 3866 ut
250 3808 409 3885 appareat
432 3805 563 3885 propria
588 3804 739 3885 quaedam
761 3805 793 3867 in
809 3807 871 3868 hac
888 3807 1115 3870 terminatione
1132 3807 1262 3871 errandi

64 3909 287 3991 consuetudo),
318 3911 360 3974 53
391 3910 501 3991 (causa
525 3911 597 3973 belli
614 3931 753 3993 persona
777 3919 832 3974 tud
856 3915 1026 3976 constitisse
1049 3933 1108 3994 pro
1133 3915 1166 3975 iu
1183 3935 1260 3997 per-

63 4038 141 4080 sona
163 4024 229 4094 tua,
266 4018 308 4080 ad
336 4037 435 4098 quam
460 4018 696 4098 praepositionis
720 4019 928 4082 omissionem
952 4019 1148 4083 adscribitur
1172 4020 1261 4084 locus

63 4144 129 4187 non
153 4123 259 4187 minus
283 4125 459 4188 mendosus
483 4144 522 4187 ex
551 4129 633 4189 orat.
658 4124 708 4202 lll,
742 4124 797 4187 19:
833 4146 927 4209 quum
961 4146 993 4187 eo
1022 4123 1168 4205 [interitu
1195 4125 1261 4208 trio]

65 4266 105 4273 —
142 4230 271 4294 libertas
299 4233 411 4314 populi
446 4232 584 4294 Romani
617 4231 816 4314 dimittasque
851 4233 1036 4306 caruisteret,
1073 4251 1262 4312 quanquam

64 4338 146 4401 alius
176 4339 302 4419 generis
333 4342 417 4401 esset
446 4338 620 4401 libertatem
648 4339 812 4400 caruistere
842 4338 977 4400 <alicuius
1006 4339 1144 4418 iuter-itu,
1180 4340 1262 4402 alius

65 4443 176 4507 bellum
200 4446 365 4507 cormistere
383 4465 521 4526 persmia
545 4440 679 4528 aliqua),
711 4445 753 4506 bti
780 4442 954 4524 (Licinium
978 4443 1180 4507 Denticulam
1203 4466 1263 4526 pro

65 4550 104 4613 L.
130 4550 304 4623 Lentieuia,
331 4570 427 4632 quem
452 4550 653 4614 Dan-timiam
677 4569 748 4613 esse
772 4549 924 4614 debuisse
944 4550 1105 4631 apparet),
1130 4552 1170 4615 61
1196 4550 1264 4634 (oia

1013 4654 1049 4707 48
