2948 5206
667 273 732 341 223

140 472 203 554 quod
229 476 333 537 contra
361 470 600 554 peregrinitatis
628 472 794 536 notionem
830 491 890 553 per
924 475 1148 556 exceptionem
1184 477 1297 543 datum

140 583 207 655 asset
225 578 391 643 ostendere
414 577 494 642 mihi
516 577 659 662 primum
682 579 844 654 videntur,
868 599 942 662 quae
966 580 1006 644 de
1025 581 1148 647 Latinis
1164 587 1197 648 et
1213 584 1300 649 Her-

87 738 91 795 ι
140 684 194 750 uicis
210 686 346 750 subactis
369 705 390 749 a
413 684 504 750 Livio
527 685 714 749 scribuntur
737 683 830 767 (VIII,
862 685 913 762 14,
938 687 991 764 IX,
1015 685 1082 769 43),
1118 709 1193 771 quae
1217 710 1297 772 quo·
1338 737 1339 740 ,

140 791 207 858 nodo
224 792 467 875 interpretanda
489 796 613 874 putem,
649 794 726 856 ante
754 791 830 868 dixi,
866 792 927 856 etsi
956 793 1064 875 ipsum
1088 795 1215 861 Livium
1238 799 1298 863 ob·

139 917 201 963 scura
219 899 360 964 locutum
384 899 426 963 de
448 918 483 962 re
506 919 624 981 parum
647 897 811 962 intellecta
834 898 931 962 credo
940 893 977 979 ¹),
1002 899 1119 965 deinde
1143 923 1242 985 grave
1265 905 1299 969 in

138 1004 173 1069 ul
198 1025 228 1071 re
260 1005 407 1071 omnium
442 1006 632 1070 Latinorum
673 1008 705 1068 et
740 1004 928 1070 Graecorum
966 1010 1086 1097 praeter
1121 1009 1299 1075 Diodorum

136 1111 217 1177 denti
249 1112 489 1190 testimonium,
526 1131 566 1176 ex
601 1113 719 1193 quihus
754 1131 865 1188 nemo,
902 1131 1003 1192 quum
1039 1113 1299 1196 frequentissime

135 1236 220 1283 nerum
241 1219 469 1284 Romanorum
500 1222 534 1283 et
562 1218 762 1283 coloniarum
791 1224 1057 1296 commemorent,
1092 1222 1190 1287 huius
1222 1242 1299 1288 con·

135 1323 270 1391 inctionis
292 1325 493 1390 mentionem
517 1325 603 1403 lecit,
627 1344 733 1407 neque
757 1324 814 1389 ubi
837 1326 987 1389 universe
1012 1326 1080 1390 eius
1103 1328 1149 1392 rei
1172 1332 1299 1396 occasio

134 1435 187 1505 erat
206 1436 240 1496 ut
261 1432 295 1495 in
318 1431 472 1497 omnihus
495 1433 542 1508 iis,
567 1451 642 1513 quae
665 1431 706 1496 de
729 1431 870 1495 excitato
893 1431 926 1494 in
949 1431 1044 1496 sociis
1067 1433 1143 1499 inde
1160 1455 1181 1500 a
1199 1435 1299 1501 Grac·

134 1535 233 1602 dorum
257 1543 355 1603 aetate
378 1538 488 1603 studio
512 1539 650 1602 civitatis
674 1537 921 1620 consequenda,
957 1538 998 1602 de
1030 1539 1188 1606 Romanis
1217 1562 1299 1608 non·

133 1643 198 1710 nullis
218 1646 294 1710 huic
317 1644 426 1710 studio
449 1643 645 1722 faventibus,
681 1644 722 1708 de
751 1643 846 1709 sociis
875 1646 958 1708 urbe
988 1646 1076 1709 exire
1104 1648 1200 1714 iussis
1231 1652 1299 1713 tra·

133 1747 230 1828 loun,
265 1755 324 1817 aut
358 1750 392 1815 in
426 1750 475 1829 iis,
511 1771 585 1834 quae
619 1752 728 1815 Livius
763 1751 803 1815 de
838 1750 971 1815 coloniis
1006 1753 1128 1817 Latinis
1157 1754 1191 1818 in
1222 1755 1299 1820 helii

132 1853 212 1922 liniri
232 1858 369 1923 secundi
392 1857 528 1922 historia
552 1856 641 1935 dixit,
665 1876 772 1939 neque
795 1857 841 1922 ita
864 1860 901 1921 ut
918 1858 1034 1940 aliquis
1054 1879 1124 1924 rem
1142 1881 1181 1925 eo
1200 1864 1300 1955 pepti-

132 1969 230 2029 ueutem
262 1985 343 2030 casu
373 1965 548 2047 attingeret
575 1965 609 2027 in
637 1962 772 2028 alicuius
795 1963 936 2028 hominis
960 1965 1058 2029 rebus
1083 1963 1300 2049 narrandisff)

132 2065 337 2137 limissimum
361 2075 412 2136 est
434 2075 546 2135 tamen
575 2089 650 2134 mea
677 2070 840 2134 sententia
868 2076 1107 2153 argumentum,
1144 2074 1232 2155 quod
1261 2094 1301 2138 ex

132 2172 360 2244 inhominibus
395 2177 532 2254 ducitur,
568 2196 706 2258 quorum
741 2180 846 2242 status
880 2181 996 2259 postea
1024 2178 1067 2242 ad
1095 2179 1299 2245 coloniarum
1315 2195 1355 2239 πο

132 2278 289 2350 latinarum
315 2283 538 2349 condicionem
562 2283 772 2348 similitudine
796 2284 905 2365 aliqua
923 2287 1122 2366 compositus
1140 2290 1200 2351 est.
1235 2287 1301 2352 Sed

132 2384 173 2454 hoc
189 2391 282 2474 paulo
307 2391 486 2472 longiorem
509 2391 763 2473 disputationem
788 2394 821 2454 et
843 2390 885 2454 ad
909 2391 1073 2468 inferiora,
1104 2413 1203 2474 quam
1227 2413 1300 2476 quae

133 2493 209 2562 tdhuc
231 2497 409 2580 attigimus
444 2497 492 2562 rei
519 2497 658 2579 publicae
686 2498 846 2562 Romanae
876 2502 1025 2580 tempora
1048 2498 1301 2566 descendentem

134 2605 253 2679 laudat.
300 2605 411 2682 Quum
443 2624 556 2670 omnes
588 2610 714 2670 veteres
747 2607 871 2669 Latinae
901 2605 1035 2670 coloniae
1058 2606 1128 2689 lege
1151 2608 1232 2672 Iulia
1256 2607 1300 2691 (a.

135 2704 217 2788 illia
238 2713 404 2775 civitatem
427 2710 614 2776 Romanam
638 2718 777 2793 receptae
808 2716 926 2789 essent,
956 2714 1104 2794 proximo
1131 2734 1217 2779 anno
1241 2714 1299 2779 Cn.

136 2809 276 2899 Pompeius
293 2818 413 2883 Strabo
429 2819 542 2883 consul
566 2819 636 2900 lege
659 2818 726 2883 lata
749 2818 870 2901 oppida
894 2819 1017 2900 aliquot
1041 2820 1153 2884 Gallice
1177 2821 1301 2884 Trans·

139 2921 241 2997 ladanae
265 2926 298 2989 in
323 2925 522 2990 coloniarum
545 2945 664 2989 nomen
688 2929 721 2989 et
741 2925 790 2989 ius
808 2925 962 3001 traduxit,
987 2946 1053 2991 non
1069 2928 1161 2991 novis
1181 2927 1301 2992 colonis

184 3213 360 3277 Mqaitadinc
377 3211 537 3262 divitiarum
556 3225 668 3263 uxorem
686 3211 766 3262 drmit
788 3210 885 3262 Otacili
904 3211 1091 3278 Malcceutnni,
1111 3219 1140 3264 ut
1159 3220 1216 3264 tum
1234 3213 1303 3264 dice·

185 3296 280 3365 lanto,
298 3300 394 3365 filiam,
414 3316 445 3350 eo
464 3300 625 3364 condicione,
645 3307 682 3365 ut,
702 3302 750 3367 qui
763 3301 873 3365 primus
893 3307 974 3351 iratas
987 3307 1061 3366 canet,
1076 3304 1245 3368 pronomine
1258 3303 1304 3353 ori

185 3391 290 3439 mani
309 3388 457 3440 Numerius
476 3388 668 3454 appellaretur.
707 3388 808 3440 Verum
833 3387 905 3454 quod
929 3388 990 3456 quis
1015 3405 1049 3441 ex
1071 3389 1123 3443 hac
1146 3389 1303 3443 narratione
1374 3388 1380 3397 '

186 3471 286 3529 torsitan
306 3474 459 3539 concludat,
488 3475 627 3540 evertitur,
657 3477 728 3543 quod
754 3482 816 3544 post
834 3475 939 3529 cladem
960 3476 1166 3531 Cremerensem
1186 3475 1221 3542 (a.
1240 3475 1303 3541 477)

187 3562 314 3632 aliquanto
332 3564 395 3633 plus
420 3581 503 3632 quarn
527 3563 659 3617 saeculum
683 3564 842 3628 intercessit,
871 3571 1020 3634 antequam
1045 3566 1133 3619 ullum
1157 3565 1228 3619 inter
1251 3565 1303 3616 Ro·

187 3665 270 3707 nanos
289 3657 317 3707 et
335 3653 540 3707 Maleventanos
564 3652 652 3706 fredus
677 3670 736 3707 esse
760 3659 859 3722 posset,
888 3659 926 3718 ut,
955 3655 977 3707 si
1006 3655 1088 3708 modo
1115 3654 1218 3721 aliquid
1247 3653 1303 3707 reri

188 3740 276 3805 subaet,
295 3742 435 3812 singulare
453 3741 558 3810 aliquid
577 3758 688 3795 necesse
707 3742 743 3795 sit
761 3742 789 3795 in
809 3742 855 3795 illo
874 3743 988 3797 Otacilio
1008 3743 1142 3796 acciderit.

162 3814 177 3885 ¹]
188 3825 235 3883 Vid.
251 3848 335 3900 supra
354 3848 380 3900 p.
399 3830 459 3885 235.
489 3831 577 3885 Possit
596 3836 690 3883 tamen
709 3831 802 3899 aliqua
821 3848 884 3885 curn
903 3832 993 3900 specie
1012 3832 1072 3891 dici,
1092 3831 1164 3884 inter
1182 3846 1236 3895 eos,
1256 3831 1304 3898 qui

190 3917 247 3972 ciras
264 3921 323 3974 sine
341 3919 471 3989 suffragio
489 3919 548 3973 fleri
567 3919 653 3973 coacti
678 3925 778 3986 essent,
807 3925 834 3973 at
852 3937 907 3985 eos,
935 3938 952 3974 a
975 3921 1074 3988 quibus
1098 3918 1186 3972 avulsi
1205 3924 1304 3981 essent,

87 4038 89 4043 ,
191 4006 237 4060 tolli
252 4009 421 4064 connubium
439 4009 568 4078 potuisse,
588 4012 619 4062 ut
637 4009 739 4061 sensim
753 4007 980 4078 disiungereutur,
1000 4013 1132 4062 ettamen
1146 4007 1220 4060 idem
1234 4006 1305 4059 inter

193 4092 249 4150 cirea
266 4098 407 4152 Romanos
426 4097 586 4166 suffragium
599 4098 732 4151 habentes
745 4101 773 4149 et
786 4113 833 4150 eos
845 4097 968 4166 populos,
988 4096 1035 4165 qui
1049 4112 1112 4148 suas
1125 4111 1168 4148 res
1182 4095 1305 4163 publicas

194 4184 331 4251 retinerent,
351 4187 476 4255 relinqui.

169 4256 220 4326 'll
235 4274 371 4345 Antonius,
390 4277 424 4330 u
444 4274 579 4329 triumviri
599 4280 685 4344 pater,
704 4273 894 4335 Numitoriam,
912 4272 999 4326 filiam
1018 4271 1050 4337 Q.
1068 4272 1212 4326 Numitorii
1225 4272 1304 4332 Pulli,

197 4354 333 4429 fugellam,
353 4365 400 4434 qui
419 4365 536 4434 patriam
556 4363 723 4418 allemania
742 4362 914 4416 deficientem
932 4360 1059 4429 prodidit,
1079 4376 1193 4414 uxorem
1208 4360 1305 4413 habuit

87 4460 93 4507 Γ·
200 4441 248 4507 (Cic.
263 4451 375 4522 Philipp.
397 4453 441 4517 111,
461 4452 486 4516 6,
506 4452 564 4518 17);
593 4452 641 4506 sed
661 4451 844 4506 Numitorium
863 4455 925 4519 post
943 4449 1125 4518 proditionem
1144 4449 1233 4503 civem
1252 4448 1305 4502 iac·

87 4549 92 4570 ¹
201 4536 245 4590 lan
261 4555 322 4606 ease,
341 4542 457 4596 dubium
476 4557 532 4595 nou
550 4546 600 4596 est
