<?xml version="1.0" encoding="UTF-8"?>
<!DOCTYPE html PUBLIC "-//W3C//DTD XHTML 1.0 Transitional//EN"
    "http://www.w3.org/TR/xhtml1/DTD/xhtml1-transitional.dtd">
<html xmlns="http://www.w3.org/1999/xhtml" xml:lang="en" lang="en">
 <head>
  <title>
</title>
<meta http-equiv="Content-Type" content="text/html;charset=utf-8" />
  <meta name='ocr-system' content='tesseract 3.04.00' />
  <meta name='ocr-capabilities' content='ocr_page ocr_carea ocr_par ocr_line ocrx_word'/>
</head>
<body>
  <div class='ocr_page' id='page_1' title='image "./ionicolaimadvig02madvgoog_0552.png"; bbox 0 0 2956 5190; ppageno 0'>
   <div class='ocr_carea' id='block_1_1' title="bbox 622 254 688 336">
    <p class='ocr_par' dir='ltr' id='par_1_1' title="bbox 622 254 688 336">
     <span class='ocr_line' id='line_1_1' title="bbox 622 254 688 336; baseline 0.015 -1"><span class='ocrx_word' id='word_1_1' title='bbox 622 254 688 336; x_wconf 76' lang='lat' dir='ltr'>aas</span> 
     </span>
    </p>
   </div>
   <div class='ocr_carea' id='block_1_2' title="bbox 12 466 1316 3425">
    <p class='ocr_par' dir='ltr' id='par_1_2' title="bbox 12 466 1316 2570">
     <span class='ocr_line' id='line_1_2' title="bbox 48 466 1258 549; baseline -0.003 -16"><span class='ocrx_word' id='word_1_2' title='bbox 48 475 140 546; x_wconf 66' lang='lat' dir='ltr'>vnto,</span> <span class='ocrx_word' id='word_1_3' title='bbox 175 469 238 533; x_wconf 87' lang='lat' dir='ltr'>hoc</span> <span class='ocrx_word' id='word_1_4' title='bbox 266 472 325 544; x_wconf 89' lang='lat' dir='ltr'>est,</span> <span class='ocrx_word' id='word_1_5' title='bbox 361 487 497 549; x_wconf 89' lang='lat' dir='ltr'>operam</span> <span class='ocrx_word' id='word_1_6' title='bbox 527 467 637 542; x_wconf 89' lang='lat' dir='ltr'>danto,</span> <span class='ocrx_word' id='word_1_7' title='bbox 673 471 710 530; x_wconf 88' lang='lat' dir='ltr'>ut</span> <span class='ocrx_word' id='word_1_8' title='bbox 741 466 836 530; x_wconf 83' lang='lat' dir='ltr'>certis</span> <span class='ocrx_word' id='word_1_9' title='bbox 865 473 898 530; x_wconf 87' lang='lat' dir='ltr'>et</span> <span class='ocrx_word' id='word_1_10' title='bbox 921 466 1116 547; x_wconf 76' lang='lat' dir='ltr'>incorruptis</span> <span class='ocrx_word' id='word_1_11' title='bbox 1139 486 1258 530; x_wconf 93' lang='lat' dir='ltr'>monu-</span> 
     </span>
     <span class='ocr_line' id='line_1_3' title="bbox 49 562 1257 655; baseline -0.003 -15"><span class='ocrx_word' id='word_1_12' title='bbox 49 574 174 640; x_wconf 90' lang='lat' dir='ltr'>mentis</span> <span class='ocrx_word' id='word_1_13' title='bbox 197 577 356 639; x_wconf 87' lang='lat' dir='ltr'>testatum</span> <span class='ocrx_word' id='word_1_14' title='bbox 380 575 431 650; x_wconf 88' lang='lat' dir='ltr'>sit,</span> <span class='ocrx_word' id='word_1_15' title='bbox 456 593 529 655; x_wconf 83' lang='lat' dir='ltr'>quae</span> <span class='ocrx_word' id='word_1_16' title='bbox 554 572 619 638; x_wconf 91' lang='lat' dir='ltr'>sint</span> <span class='ocrx_word' id='word_1_17' title='bbox 642 573 728 654; x_wconf 81' lang='lat' dir='ltr'>leges</span> <span class='ocrx_word' id='word_1_18' title='bbox 750 572 893 654; x_wconf 90' lang='lat' dir='ltr'>quidque</span> <span class='ocrx_word' id='word_1_19' title='bbox 910 573 944 636; x_wconf 95' lang='lat' dir='ltr'>in</span> <span class='ocrx_word' id='word_1_20' title='bbox 961 573 999 636; x_wconf 91' lang='lat' dir='ltr'>iis</span> <span class='ocrx_word' id='word_1_21' title='bbox 1016 562 1068 637; x_wconf 67' lang='lat' dir='ltr'>sid</span> <span class='ocrx_word' id='word_1_22' title='bbox 1104 572 1257 653; x_wconf 79' lang='lat' dir='ltr'>Sequitur</span> 
     </span>
     <span class='ocr_line' id='line_1_4' title="bbox 49 677 1256 761; baseline -0.004 -14"><span class='ocrx_word' id='word_1_23' title='bbox 49 682 182 747; x_wconf 85' lang='lat' dir='ltr'>statim:</span> <span class='ocrx_word' id='word_1_24' title='bbox 219 680 390 761; x_wconf 83' lang='lat' dir='ltr'>Discedite,</span> <span class='ocrx_word' id='word_1_25' title='bbox 422 687 450 744; x_wconf 86' lang='lat' dir='ltr'>et</span> <span class='ocrx_word' id='word_1_26' title='bbox 480 679 628 743; x_wconf 82' lang='lat' dir='ltr'>tabellam</span> <span class='ocrx_word' id='word_1_27' title='bbox 655 678 763 742; x_wconf 81' lang='lat' dir='ltr'>iubebo</span> <span class='ocrx_word' id='word_1_28' title='bbox 792 680 879 742; x_wconf 75' lang='lat' dir='ltr'>duri.</span> <span class='ocrx_word' id='word_1_29' title='bbox 925 679 979 742; x_wconf 90' lang='lat' dir='ltr'>Sic</span> <span class='ocrx_word' id='word_1_30' title='bbox 1007 678 1093 742; x_wconf 92' lang='lat' dir='ltr'>enim</span> <span class='ocrx_word' id='word_1_31' title='bbox 1117 677 1256 742; x_wconf 91' lang='lat' dir='ltr'>Orellius</span> 
     </span>
     <span class='ocr_line' id='line_1_5' title="bbox 51 768 1257 868; baseline -0.002 -15"><span class='ocrx_word' id='word_1_32' title='bbox 51 768 168 865; x_wconf 83' lang='lat' dir='ltr'>edens,</span> <span class='ocrx_word' id='word_1_33' title='bbox 192 786 289 865; x_wconf 85' lang='lat' dir='ltr'>Quid,</span> <span class='ocrx_word' id='word_1_34' title='bbox 314 787 428 868; x_wconf 88' lang='lat' dir='ltr'>inquit,</span> <span class='ocrx_word' id='word_1_35' title='bbox 452 786 599 868; x_wconf 91' lang='lat' dir='ltr'>impedit,</span> <span class='ocrx_word' id='word_1_36' title='bbox 624 805 689 867; x_wconf 92' lang='lat' dir='ltr'>quo</span> <span class='ocrx_word' id='word_1_37' title='bbox 712 785 820 850; x_wconf 88' lang='lat' dir='ltr'>minus</span> <span class='ocrx_word' id='word_1_38' title='bbox 843 787 995 867; x_wconf 88' lang='lat' dir='ltr'>pessimae</span> <span class='ocrx_word' id='word_1_39' title='bbox 1011 785 1158 849; x_wconf 87' lang='lat' dir='ltr'>Ascensii</span> <span class='ocrx_word' id='word_1_40' title='bbox 1179 805 1257 850; x_wconf 90' lang='lat' dir='ltr'>con·</span> 
     </span>
     <span class='ocr_line' id='line_1_6' title="bbox 50 891 1257 975; baseline -0.001 -16"><span class='ocrx_word' id='word_1_41' title='bbox 50 894 189 959; x_wconf 82' lang='lat' dir='ltr'>iacturae</span> <span class='ocrx_word' id='word_1_42' title='bbox 220 891 318 975; x_wconf 84' lang='lat' dir='ltr'>(disce</span> <span class='ocrx_word' id='word_1_43' title='bbox 348 891 428 975; x_wconf 86' lang='lat' dir='ltr'>rem)</span> <span class='ocrx_word' id='word_1_44' title='bbox 460 894 619 975; x_wconf 89' lang='lat' dir='ltr'>optimam</span> <span class='ocrx_word' id='word_1_45' title='bbox 650 891 771 955; x_wconf 83' lang='lat' dir='ltr'>Davisii</span> <span class='ocrx_word' id='word_1_46' title='bbox 803 892 1051 968; x_wconf 72' lang='lat' dir='ltr'>substituamus</span> <span class='ocrx_word' id='word_1_47' title='bbox 1087 892 1257 958; x_wconf 75' lang='lat' dir='ltr'>discedite?</span> 
     </span>
     <span class='ocr_line' id='line_1_7' title="bbox 51 997 1258 1082; baseline 0.001 -17"><span class='ocrx_word' id='word_1_48' title='bbox 51 1001 153 1066; x_wconf 86' lang='lat' dir='ltr'>Libet</span> <span class='ocrx_word' id='word_1_49' title='bbox 175 1000 274 1082; x_wconf 91' lang='lat' dir='ltr'>paulo</span> <span class='ocrx_word' id='word_1_50' title='bbox 298 1001 424 1082; x_wconf 78' lang='lat' dir='ltr'>longius</span> <span class='ocrx_word' id='word_1_51' title='bbox 447 999 678 1081; x_wconf 77' lang='lat' dir='ltr'>interrogando</span> <span class='ocrx_word' id='word_1_52' title='bbox 701 998 869 1081; x_wconf 80' lang='lat' dir='ltr'>progredi:</span> <span class='ocrx_word' id='word_1_53' title='bbox 905 997 990 1075; x_wconf 90' lang='lat' dir='ltr'>Quid</span> <span class='ocrx_word' id='word_1_54' title='bbox 1014 999 1160 1081; x_wconf 85' lang='lat' dir='ltr'>impedit,</span> <span class='ocrx_word' id='word_1_55' title='bbox 1193 1020 1258 1082; x_wconf 88' lang='lat' dir='ltr'>quo</span> 
     </span>
     <span class='ocr_line' id='line_1_8' title="bbox 12 1104 1259 1188; baseline 0.001 -17"><span class='ocrx_word' id='word_1_56' title='bbox 12 1127 15 1134; x_wconf 89' lang='lat'>·</span> <span class='ocrx_word' id='word_1_57' title='bbox 53 1106 166 1171; x_wconf 89' lang='lat' dir='ltr'>minus</span> <span class='ocrx_word' id='word_1_58' title='bbox 191 1107 338 1172; x_wconf 91' lang='lat' dir='ltr'>codicum</span> <span class='ocrx_word' id='word_1_59' title='bbox 363 1107 560 1187; x_wconf 81' lang='lat' dir='ltr'>scripturam</span> <span class='ocrx_word' id='word_1_60' title='bbox 585 1106 805 1182; x_wconf 82' lang='lat' dir='ltr'>restituamus,</span> <span class='ocrx_word' id='word_1_61' title='bbox 842 1104 1021 1170; x_wconf 80' lang='lat' dir='ltr'>diseederet</span> <span class='ocrx_word' id='word_1_62' title='bbox 1056 1106 1140 1170; x_wconf 88' lang='lat' dir='ltr'>Nam</span> <span class='ocrx_word' id='word_1_63' title='bbox 1170 1107 1259 1188; x_wconf 88' lang='lat' dir='ltr'>quod</span> 
     </span>
     <span class='ocr_line' id='line_1_9' title="bbox 52 1211 1258 1296; baseline -0.001 -17"><span class='ocrx_word' id='word_1_64' title='bbox 52 1214 244 1296; x_wconf 82' lang='lat' dir='ltr'>adiungitur</span> <span class='ocrx_word' id='word_1_65' title='bbox 268 1215 374 1278; x_wconf 88' lang='lat' dir='ltr'>activo</span> <span class='ocrx_word' id='word_1_66' title='bbox 397 1213 556 1278; x_wconf 84' lang='lat' dir='ltr'>infinitivo</span> <span class='ocrx_word' id='word_1_67' title='bbox 587 1213 725 1293; x_wconf 89' lang='lat' dir='ltr'>simplici</span> <span class='ocrx_word' id='word_1_68' title='bbox 757 1211 963 1276; x_wconf 88' lang='lat' dir='ltr'>accusativus</span> <span class='ocrx_word' id='word_1_69' title='bbox 995 1232 1068 1277; x_wconf 92' lang='lat' dir='ltr'>curn</span> <span class='ocrx_word' id='word_1_70' title='bbox 1100 1213 1258 1278; x_wconf 89' lang='lat' dir='ltr'>infinitivo</span> 
     </span>
     <span class='ocr_line' id='line_1_10' title="bbox 52 1312 1258 1403; baseline -0.001 -18"><span class='ocrx_word' id='word_1_71' title='bbox 52 1321 199 1403; x_wconf 84' lang='lat' dir='ltr'>passivae</span> <span class='ocrx_word' id='word_1_72' title='bbox 223 1321 347 1395; x_wconf 86' lang='lat' dir='ltr'>formae,</span> <span class='ocrx_word' id='word_1_73' title='bbox 379 1312 459 1384; x_wconf 89' lang='lat' dir='ltr'>nilril</span> <span class='ocrx_word' id='word_1_74' title='bbox 488 1338 622 1401; x_wconf 91' lang='lat' dir='ltr'>prorsus</span> <span class='ocrx_word' id='word_1_75' title='bbox 645 1319 833 1385; x_wconf 83' lang='lat' dir='ltr'>offensionis</span> <span class='ocrx_word' id='word_1_76' title='bbox 856 1322 914 1383; x_wconf 91' lang='lat' dir='ltr'>aut</span> <span class='ocrx_word' id='word_1_77' title='bbox 943 1317 1123 1383; x_wconf 85' lang='lat' dir='ltr'>insolentiae</span> <span class='ocrx_word' id='word_1_78' title='bbox 1146 1320 1258 1397; x_wconf 87' lang='lat' dir='ltr'>habet,</span> 
     </span>
     <span class='ocr_line' id='line_1_11' title="bbox 54 1424 1259 1509; baseline -0.001 -18"><span class='ocrx_word' id='word_1_79' title='bbox 54 1446 160 1509; x_wconf 90' lang='lat' dir='ltr'>quum</span> <span class='ocrx_word' id='word_1_80' title='bbox 184 1427 346 1508; x_wconf 88' lang='lat' dir='ltr'>posterior</span> <span class='ocrx_word' id='word_1_81' title='bbox 368 1427 546 1491; x_wconf 85' lang='lat' dir='ltr'>infinitivus</span> <span class='ocrx_word' id='word_1_82' title='bbox 570 1424 613 1489; x_wconf 89' lang='lat' dir='ltr'>ad</span> <span class='ocrx_word' id='word_1_83' title='bbox 636 1425 734 1501; x_wconf 91' lang='lat' dir='ltr'>idem,</span> <span class='ocrx_word' id='word_1_84' title='bbox 770 1445 834 1506; x_wconf 91' lang='lat' dir='ltr'>quo</span> <span class='ocrx_word' id='word_1_85' title='bbox 858 1424 955 1507; x_wconf 89' lang='lat' dir='ltr'>prior,</span> <span class='ocrx_word' id='word_1_86' title='bbox 992 1426 1174 1490; x_wconf 90' lang='lat' dir='ltr'>subiectum</span> <span class='ocrx_word' id='word_1_87' title='bbox 1207 1446 1259 1490; x_wconf 88' lang='lat' dir='ltr'>re·</span> 
     </span>
     <span class='ocr_line' id='line_1_12' title="bbox 53 1531 1260 1615; baseline -0.001 -17"><span class='ocrx_word' id='word_1_88' title='bbox 53 1533 136 1598; x_wconf 87' lang='lat' dir='ltr'>ferri</span> <span class='ocrx_word' id='word_1_89' title='bbox 159 1537 311 1615; x_wconf 85' lang='lat' dir='ltr'>nequeat.</span> <span class='ocrx_word' id='word_1_90' title='bbox 358 1531 415 1595; x_wconf 84' lang='lat' dir='ltr'>Est</span> <span class='ocrx_word' id='word_1_91' title='bbox 437 1535 558 1607; x_wconf 88' lang='lat' dir='ltr'>autem,</span> <span class='ocrx_word' id='word_1_92' title='bbox 594 1532 682 1613; x_wconf 88' lang='lat' dir='ltr'>quod</span> <span class='ocrx_word' id='word_1_93' title='bbox 704 1531 856 1614; x_wconf 84' lang='lat' dir='ltr'>postulet,</span> <span class='ocrx_word' id='word_1_94' title='bbox 891 1534 928 1595; x_wconf 91' lang='lat' dir='ltr'>ut</span> <span class='ocrx_word' id='word_1_95' title='bbox 955 1531 1114 1596; x_wconf 80' lang='lat' dir='ltr'>discedere</span> <span class='ocrx_word' id='word_1_96' title='bbox 1136 1532 1260 1597; x_wconf 88' lang='lat' dir='ltr'>scriba-</span> 
     </span>
     <span class='ocr_line' id='line_1_13' title="bbox 58 1637 1316 1720; baseline -0.002 -15"><span class='ocrx_word' id='word_1_97' title='bbox 58 1643 125 1705; x_wconf 87' lang='lat' dir='ltr'>tur.</span> <span class='ocrx_word' id='word_1_98' title='bbox 171 1639 234 1718; x_wconf 92' lang='lat' dir='ltr'>Qui</span> <span class='ocrx_word' id='word_1_99' title='bbox 258 1639 343 1703; x_wconf 90' lang='lat' dir='ltr'>enim</span> <span class='ocrx_word' id='word_1_100' title='bbox 368 1637 415 1701; x_wconf 89' lang='lat' dir='ltr'>sic</span> <span class='ocrx_word' id='word_1_101' title='bbox 438 1638 594 1719; x_wconf 91' lang='lat' dir='ltr'>loquitur:</span> <span class='ocrx_word' id='word_1_102' title='bbox 629 1637 787 1719; x_wconf 80' lang='lat' dir='ltr'>discedite,</span> <span class='ocrx_word' id='word_1_103' title='bbox 817 1646 846 1702; x_wconf 89' lang='lat' dir='ltr'>et</span> <span class='ocrx_word' id='word_1_104' title='bbox 867 1638 984 1715; x_wconf 76' lang='lat' dir='ltr'>iubebo,</span> <span class='ocrx_word' id='word_1_105' title='bbox 1014 1639 1075 1703; x_wconf 93' lang='lat' dir='ltr'>hoc</span> <span class='ocrx_word' id='word_1_106' title='bbox 1098 1639 1261 1720; x_wconf 88' lang='lat' dir='ltr'>posterius</span> <span class='ocrx_word' id='word_1_107' title='bbox 1275 1657 1316 1695; x_wconf 76' lang='lat' dir='ltr'>ns</span> 
     </span>
     <span class='ocr_line' id='line_1_14' title="bbox 57 1744 1260 1828; baseline -0.002 -18"><span class='ocrx_word' id='word_1_108' title='bbox 57 1745 305 1828; x_wconf 89' lang='lat' dir='ltr'>quodammodo</span> <span class='ocrx_word' id='word_1_109' title='bbox 341 1744 439 1825; x_wconf 87' lang='lat' dir='ltr'>priori</span> <span class='ocrx_word' id='word_1_110' title='bbox 472 1749 629 1825; x_wconf 86' lang='lat' dir='ltr'>tanquam</span> <span class='ocrx_word' id='word_1_111' title='bbox 663 1744 842 1810; x_wconf 89' lang='lat' dir='ltr'>condicioni</span> <span class='ocrx_word' id='word_1_112' title='bbox 874 1745 1072 1827; x_wconf 91' lang='lat' dir='ltr'>praecedenti</span> <span class='ocrx_word' id='word_1_113' title='bbox 1103 1744 1260 1826; x_wconf 81' lang='lat' dir='ltr'>adiungit,</span> 
     </span>
     <span class='ocr_line' id='line_1_15' title="bbox 57 1849 1261 1935; baseline -0.002 -19"><span class='ocrx_word' id='word_1_114' title='bbox 57 1853 149 1935; x_wconf 92' lang='lat' dir='ltr'>quod</span> <span class='ocrx_word' id='word_1_115' title='bbox 181 1853 224 1916; x_wconf 86' lang='lat' dir='ltr'>ab</span> <span class='ocrx_word' id='word_1_116' title='bbox 256 1853 319 1917; x_wconf 87' lang='lat' dir='ltr'>hoc</span> <span class='ocrx_word' id='word_1_117' title='bbox 349 1852 420 1915; x_wconf 91' lang='lat' dir='ltr'>loco</span> <span class='ocrx_word' id='word_1_118' title='bbox 451 1850 593 1915; x_wconf 91' lang='lat' dir='ltr'>alienum</span> <span class='ocrx_word' id='word_1_119' title='bbox 626 1855 685 1928; x_wconf 86' lang='lat' dir='ltr'>est,</span> <span class='ocrx_word' id='word_1_120' title='bbox 721 1851 777 1915; x_wconf 92' lang='lat' dir='ltr'>ubi</span> <span class='ocrx_word' id='word_1_121' title='bbox 807 1852 919 1917; x_wconf 91' lang='lat' dir='ltr'>Cicero</span> <span class='ocrx_word' id='word_1_122' title='bbox 948 1850 1147 1934; x_wconf 89' lang='lat' dir='ltr'>simpliciter,</span> <span class='ocrx_word' id='word_1_123' title='bbox 1183 1849 1261 1931; x_wconf 92' lang='lat' dir='ltr'>quid</span> 
     </span>
     <span class='ocr_line' id='line_1_16' title="bbox 57 1956 1261 2040; baseline -0.002 -16"><span class='ocrx_word' id='word_1_124' title='bbox 57 1979 137 2024; x_wconf 82' lang='lat' dir='ltr'>mox</span> <span class='ocrx_word' id='word_1_125' title='bbox 160 1958 229 2023; x_wconf 91' lang='lat' dir='ltr'>fieri</span> <span class='ocrx_word' id='word_1_126' title='bbox 260 1958 347 2034; x_wconf 85' lang='lat' dir='ltr'>velit,</span> <span class='ocrx_word' id='word_1_127' title='bbox 383 1958 553 2039; x_wconf 85' lang='lat' dir='ltr'>significat.</span> <span class='ocrx_word' id='word_1_128' title='bbox 599 1956 796 2038; x_wconf 89' lang='lat' dir='ltr'>Quanquam</span> <span class='ocrx_word' id='word_1_129' title='bbox 831 1978 873 2022; x_wconf 91' lang='lat' dir='ltr'>ne</span> <span class='ocrx_word' id='word_1_130' title='bbox 907 1959 961 2023; x_wconf 89' lang='lat' dir='ltr'>illo</span> <span class='ocrx_word' id='word_1_131' title='bbox 996 1957 1125 2040; x_wconf 90' lang='lat' dir='ltr'>quidem</span> <span class='ocrx_word' id='word_1_132' title='bbox 1162 1957 1261 2022; x_wconf 91' lang='lat' dir='ltr'>modo</span> 
     </span>
     <span class='ocr_line' id='line_1_17' title="bbox 58 2063 1262 2146; baseline -0.005 -14"><span class='ocrx_word' id='word_1_133' title='bbox 58 2066 175 2132; x_wconf 88' lang='lat' dir='ltr'>Cicero</span> <span class='ocrx_word' id='word_1_134' title='bbox 198 2064 358 2146; x_wconf 86' lang='lat' dir='ltr'>loquitur;</span> <span class='ocrx_word' id='word_1_135' title='bbox 393 2064 420 2128; x_wconf 92' lang='lat' dir='ltr'>is</span> <span class='ocrx_word' id='word_1_136' title='bbox 453 2065 539 2128; x_wconf 91' lang='lat' dir='ltr'>enim</span> <span class='ocrx_word' id='word_1_137' title='bbox 568 2083 700 2145; x_wconf 90' lang='lat' dir='ltr'>semper</span> <span class='ocrx_word' id='word_1_138' title='bbox 727 2064 761 2127; x_wconf 94' lang='lat' dir='ltr'>in</span> <span class='ocrx_word' id='word_1_139' title='bbox 790 2068 909 2129; x_wconf 83' lang='lat' dir='ltr'>eventu</span> <span class='ocrx_word' id='word_1_140' title='bbox 932 2067 1102 2146; x_wconf 79' lang='lat' dir='ltr'>imperatae</span> <span class='ocrx_word' id='word_1_141' title='bbox 1126 2063 1262 2127; x_wconf 87' lang='lat' dir='ltr'>actionis</span> 
     </span>
     <span class='ocr_line' id='line_1_18' title="bbox 60 2168 1262 2254; baseline -0.005 -17"><span class='ocrx_word' id='word_1_142' title='bbox 60 2171 275 2254; x_wconf 81' lang='lat' dir='ltr'>significando</span> <span class='ocrx_word' id='word_1_143' title='bbox 299 2171 493 2252; x_wconf 89' lang='lat' dir='ltr'>imperativo</span> <span class='ocrx_word' id='word_1_144' title='bbox 517 2171 663 2234; x_wconf 86' lang='lat' dir='ltr'>futurum</span> <span class='ocrx_word' id='word_1_145' title='bbox 687 2171 756 2235; x_wconf 89' lang='lat' dir='ltr'>sine</span> <span class='ocrx_word' id='word_1_146' title='bbox 781 2171 1005 2236; x_wconf 86' lang='lat' dir='ltr'>coniunctione</span> <span class='ocrx_word' id='word_1_147' title='bbox 1034 2168 1180 2245; x_wconf 76' lang='lat' dir='ltr'>subiicit3</span> <span class='ocrx_word' id='word_1_148' title='bbox 1215 2169 1262 2232; x_wconf 94' lang='lat' dir='ltr'>in-</span> 
     </span>
     <span class='ocr_line' id='line_1_19' title="bbox 59 2277 1260 2359; baseline -0.004 -16"><span class='ocrx_word' id='word_1_149' title='bbox 59 2279 188 2343; x_wconf 85' lang='lat' dir='ltr'>ferioris</span> <span class='ocrx_word' id='word_1_150' title='bbox 212 2278 318 2341; x_wconf 86' lang='lat' dir='ltr'>aetatis</span> <span class='ocrx_word' id='word_1_151' title='bbox 343 2277 516 2358; x_wconf 90' lang='lat' dir='ltr'>scriptores</span> <span class='ocrx_word' id='word_1_152' title='bbox 540 2285 568 2340; x_wconf 89' lang='lat' dir='ltr'>et</span> <span class='ocrx_word' id='word_1_153' title='bbox 591 2278 812 2358; x_wconf 90' lang='lat' dir='ltr'>interponunt,</span> <span class='ocrx_word' id='word_1_154' title='bbox 843 2282 957 2359; x_wconf 89' lang='lat' dir='ltr'>estque</span> <span class='ocrx_word' id='word_1_155' title='bbox 981 2278 1043 2341; x_wconf 91' lang='lat' dir='ltr'>hoc</span> <span class='ocrx_word' id='word_1_156' title='bbox 1066 2278 1260 2357; x_wconf 88' lang='lat' dir='ltr'>perpetuum</span> 
     </span>
     <span class='ocr_line' id='line_1_20' title="bbox 59 2380 1262 2463; baseline -0.004 -14"><span class='ocrx_word' id='word_1_157' title='bbox 59 2385 246 2460; x_wconf 88' lang='lat' dir='ltr'>discrimen,</span> <span class='ocrx_word' id='word_1_158' title='bbox 270 2387 309 2447; x_wconf 94' lang='lat' dir='ltr'>ut</span> <span class='ocrx_word' id='word_1_159' title='bbox 331 2385 418 2447; x_wconf 89' lang='lat' dir='ltr'>hunc</span> <span class='ocrx_word' id='word_1_160' title='bbox 441 2402 581 2458; x_wconf 87' lang='lat' dir='ltr'>sumam,</span> <span class='ocrx_word' id='word_1_161' title='bbox 607 2383 739 2447; x_wconf 86' lang='lat' dir='ltr'>Senecae</span> <span class='ocrx_word' id='word_1_162' title='bbox 764 2389 796 2448; x_wconf 89' lang='lat' dir='ltr'>et</span> <span class='ocrx_word' id='word_1_163' title='bbox 814 2385 987 2459; x_wconf 71' lang='lat' dir='ltr'>Ciceronis</span> <span class='ocrx_word' id='word_1_164' title='bbox 1013 2383 1148 2459; x_wconf 87' lang='lat' dir='ltr'>anullo,</span> <span class='ocrx_word' id='word_1_165' title='bbox 1173 2380 1262 2463; x_wconf 87' lang='lat' dir='ltr'>quod</span> 
     </span>
     <span class='ocr_line' id='line_1_21' title="bbox 61 2484 440 2570; baseline -0.011 -14"><span class='ocrx_word' id='word_1_166' title='bbox 61 2493 175 2568; x_wconf 87' lang='lat' dir='ltr'>sciam,</span> <span class='ocrx_word' id='word_1_167' title='bbox 199 2484 440 2570; x_wconf 83' lang='lat' dir='ltr'>annotatum.¹)</span> 
     </span>
    </p>

    <p class='ocr_par' dir='ltr' id='par_1_3' title="bbox 59 2596 1265 3425">
     <span class='ocr_line' id='line_1_22' title="bbox 152 2596 1262 2678; baseline -0.004 -15"><span class='ocrx_word' id='word_1_168' title='bbox 152 2598 187 2663; x_wconf 94' lang='lat' dir='ltr'>C.</span> <span class='ocrx_word' id='word_1_169' title='bbox 214 2599 265 2674; x_wconf 89' lang='lat'>11,</span> <span class='ocrx_word' id='word_1_170' title='bbox 295 2598 337 2661; x_wconf 77' lang='lat'>26</span> <span class='ocrx_word' id='word_1_171' title='bbox 366 2598 472 2663; x_wconf 87' lang='lat' dir='ltr'>oratio</span> <span class='ocrx_word' id='word_1_172' title='bbox 501 2597 547 2660; x_wconf 92' lang='lat' dir='ltr'>sic</span> <span class='ocrx_word' id='word_1_173' title='bbox 576 2597 661 2661; x_wconf 89' lang='lat' dir='ltr'>inter</span> <span class='ocrx_word' id='word_1_174' title='bbox 683 2616 841 2678; x_wconf 86' lang='lat' dir='ltr'>personas</span> <span class='ocrx_word' id='word_1_175' title='bbox 865 2598 1069 2662; x_wconf 85' lang='lat' dir='ltr'>distribuitur</span> <span class='ocrx_word' id='word_1_176' title='bbox 1092 2601 1125 2662; x_wconf 89' lang='lat' dir='ltr'>et</span> <span class='ocrx_word' id='word_1_177' title='bbox 1148 2596 1262 2661; x_wconf 88' lang='lat' dir='ltr'>scribi·</span> 
     </span>
     <span class='ocr_line' id='line_1_23' title="bbox 59 2702 1262 2788; baseline -0.002 -19"><span class='ocrx_word' id='word_1_178' title='bbox 59 2710 131 2770; x_wconf 87' lang='lat' dir='ltr'>tur:</span> <span class='ocrx_word' id='word_1_179' title='bbox 167 2705 209 2768; x_wconf 88' lang='lat' dir='ltr'>M.</span> <span class='ocrx_word' id='word_1_180' title='bbox 234 2704 421 2768; x_wconf 78' lang='lat' dir='ltr'>Perseveras</span> <span class='ocrx_word' id='word_1_181' title='bbox 449 2711 483 2768; x_wconf 81' lang='lat' dir='ltr'>tu</span> <span class='ocrx_word' id='word_1_182' title='bbox 506 2702 632 2788; x_wconf 85' lang='lat' dir='ltr'>quidem</span> <span class='ocrx_word' id='word_1_183' title='bbox 655 2710 683 2766; x_wconf 91' lang='lat' dir='ltr'>et</span> <span class='ocrx_word' id='word_1_184' title='bbox 704 2705 739 2765; x_wconf 83' lang='lat' dir='ltr'>in</span> <span class='ocrx_word' id='word_1_185' title='bbox 762 2711 818 2768; x_wconf 84' lang='lat' dir='ltr'>tua</span> <span class='ocrx_word' id='word_1_186' title='bbox 841 2711 940 2768; x_wconf 79' lang='lat' dir='ltr'>vetere</span> <span class='ocrx_word' id='word_1_187' title='bbox 962 2705 1115 2768; x_wconf 81' lang='lat' dir='ltr'>serdentiu</span> <span class='ocrx_word' id='word_1_188' title='bbox 1133 2724 1262 2787; x_wconf 62' lang='lat' dir='ltr'>preerun-</span> 
     </span>
     <span class='ocr_line' id='line_1_24' title="bbox 60 2809 1263 2894; baseline -0.001 -19"><span class='ocrx_word' id='word_1_189' title='bbox 60 2831 127 2875; x_wconf 78' lang='lat' dir='ltr'>nes.</span> <span class='ocrx_word' id='word_1_190' title='bbox 173 2810 212 2888; x_wconf 88' lang='lat' dir='ltr'>Q.</span> <span class='ocrx_word' id='word_1_191' title='bbox 238 2810 332 2874; x_wconf 79' lang='lat' dir='ltr'>Nune</span> <span class='ocrx_word' id='word_1_192' title='bbox 354 2809 535 2873; x_wconf 77' lang='lat' dir='ltr'>medere-sele.</span> <span class='ocrx_word' id='word_1_193' title='bbox 583 2811 637 2874; x_wconf 90' lang='lat' dir='ltr'>At.</span> <span class='ocrx_word' id='word_1_194' title='bbox 670 2809 737 2894; x_wconf 75' lang='lat' dir='ltr'>Epo</span> <span class='ocrx_word' id='word_1_195' title='bbox 767 2831 844 2874; x_wconf 77' lang='lat' dir='ltr'>scene</span> <span class='ocrx_word' id='word_1_196' title='bbox 875 2833 896 2874; x_wconf 80' lang='lat' dir='ltr'>a</span> <span class='ocrx_word' id='word_1_197' title='bbox 929 2812 1042 2890; x_wconf 79' lang='lat' dir='ltr'>Quinto</span> <span class='ocrx_word' id='word_1_198' title='bbox 1070 2817 1175 2875; x_wconf 82' lang='lat' dir='ltr'>nostro</span> <span class='ocrx_word' id='word_1_199' title='bbox 1199 2810 1263 2874; x_wconf 84' lang='lat' dir='ltr'>dis-</span> 
     </span>
     <span class='ocr_line' id='line_1_25' title="bbox 61 2916 1264 3001; baseline -0.002 -18"><span class='ocrx_word' id='word_1_200' title='bbox 61 2919 171 2983; x_wconf 85' lang='lat' dir='ltr'>sentio.</span> <span class='ocrx_word' id='word_1_201' title='bbox 207 2917 269 2980; x_wconf 84' lang='lat' dir='ltr'>Sed</span> <span class='ocrx_word' id='word_1_202' title='bbox 285 2938 332 2998; x_wconf 84' lang='lat' dir='ltr'>en,</span> <span class='ocrx_word' id='word_1_203' title='bbox 357 2938 426 3001; x_wconf 81' lang='lat' dir='ltr'>quoe</span> <span class='ocrx_word' id='word_1_204' title='bbox 448 2923 579 2998; x_wconf 82' lang='lat' dir='ltr'>restent,</span> <span class='ocrx_word' id='word_1_205' title='bbox 604 2916 785 2980; x_wconf 82' lang='lat' dir='ltr'>audiamus.</span> <span class='ocrx_word' id='word_1_206' title='bbox 822 2918 902 2982; x_wconf 88' lang='lat' dir='ltr'>Mire</span> <span class='ocrx_word' id='word_1_207' title='bbox 926 2918 959 2981; x_wconf 92' lang='lat' dir='ltr'>in</span> <span class='ocrx_word' id='word_1_208' title='bbox 978 2918 1207 2999; x_wconf 90' lang='lat' dir='ltr'>respondendo</span> <span class='ocrx_word' id='word_1_209' title='bbox 1231 2921 1264 2982; x_wconf 93' lang='lat' dir='ltr'>et</span> 
     </span>
     <span class='ocr_line' id='line_1_26' title="bbox 62 3024 1263 3105; baseline -0.001 -16"><span class='ocrx_word' id='word_1_210' title='bbox 62 3024 260 3089; x_wconf 86' lang='lat' dir='ltr'>affirmando</span> <span class='ocrx_word' id='word_1_211' title='bbox 284 3024 424 3101; x_wconf 88' lang='lat' dir='ltr'>Quintus</span> <span class='ocrx_word' id='word_1_212' title='bbox 447 3024 604 3104; x_wconf 90' lang='lat' dir='ltr'>temporis</span> <span class='ocrx_word' id='word_1_213' title='bbox 629 3024 787 3104; x_wconf 88' lang='lat' dir='ltr'>particula</span> <span class='ocrx_word' id='word_1_214' title='bbox 811 3026 921 3100; x_wconf 90' lang='lat' dir='ltr'>utitur,</span> <span class='ocrx_word' id='word_1_215' title='bbox 946 3025 1039 3105; x_wconf 91' lang='lat' dir='ltr'>quasi</span> <span class='ocrx_word' id='word_1_216' title='bbox 1063 3044 1189 3100; x_wconf 89' lang='lat' dir='ltr'>verens,</span> <span class='ocrx_word' id='word_1_217' title='bbox 1222 3044 1263 3088; x_wconf 93' lang='lat' dir='ltr'>ne</span> 
     </span>
     <span class='ocr_line' id='line_1_27' title="bbox 61 3130 1263 3214; baseline -0.001 -19"><span class='ocrx_word' id='word_1_218' title='bbox 61 3136 178 3214; x_wconf 88' lang='lat' dir='ltr'>postea</span> <span class='ocrx_word' id='word_1_219' title='bbox 202 3151 222 3194; x_wconf 90' lang='lat' dir='ltr'>a</span> <span class='ocrx_word' id='word_1_220' title='bbox 246 3130 407 3195; x_wconf 90' lang='lat' dir='ltr'>sententia</span> <span class='ocrx_word' id='word_1_221' title='bbox 436 3131 605 3207; x_wconf 85' lang='lat' dir='ltr'>desciscat,</span> <span class='ocrx_word' id='word_1_222' title='bbox 639 3130 725 3210; x_wconf 92' lang='lat' dir='ltr'>quod</span> <span class='ocrx_word' id='word_1_223' title='bbox 750 3131 866 3210; x_wconf 88' lang='lat' dir='ltr'>ipsum,</span> <span class='ocrx_word' id='word_1_224' title='bbox 902 3130 929 3194; x_wconf 91' lang='lat' dir='ltr'>si</span> <span class='ocrx_word' id='word_1_225' title='bbox 952 3130 1132 3213; x_wconf 81' lang='lat' dir='ltr'>significare</span> <span class='ocrx_word' id='word_1_226' title='bbox 1157 3131 1263 3206; x_wconf 86' lang='lat' dir='ltr'>vellet,</span> 
     </span>
     <span class='ocr_line' id='line_1_28' title="bbox 63 3231 1264 3321; baseline 0 -19"><span class='ocrx_word' id='word_1_227' title='bbox 63 3239 158 3303; x_wconf 88' lang='lat' dir='ltr'>aliter</span> <span class='ocrx_word' id='word_1_228' title='bbox 181 3238 355 3302; x_wconf 87' lang='lat' dir='ltr'>dicendum</span> <span class='ocrx_word' id='word_1_229' title='bbox 380 3242 450 3301; x_wconf 90' lang='lat' dir='ltr'>erat</span> <span class='ocrx_word' id='word_1_230' title='bbox 473 3236 555 3321; x_wconf 70' lang='lat' dir='ltr'>(Epo</span> <span class='ocrx_word' id='word_1_231' title='bbox 578 3257 659 3317; x_wconf 84' lang='lat' dir='ltr'>vero,</span> <span class='ocrx_word' id='word_1_232' title='bbox 683 3257 766 3299; x_wconf 73' lang='lat' dir='ltr'>scurie</span> <span class='ocrx_word' id='word_1_233' title='bbox 782 3231 972 3321; x_wconf 75' lang='lat' dir='ltr'>qrciderrr)²);</span> <span class='ocrx_word' id='word_1_234' title='bbox 997 3241 1140 3301; x_wconf 87' lang='lat' dir='ltr'>ceterum</span> <span class='ocrx_word' id='word_1_235' title='bbox 1157 3238 1264 3319; x_wconf 94' lang='lat' dir='ltr'>ipsum</span> 
     </span>
     <span class='ocr_line' id='line_1_29' title="bbox 64 3342 1265 3425; baseline 0 -18"><span class='ocrx_word' id='word_1_236' title='bbox 64 3362 259 3425; x_wconf 90' lang='lat' dir='ltr'>responsum</span> <span class='ocrx_word' id='word_1_237' title='bbox 284 3344 378 3408; x_wconf 89' lang='lat' dir='ltr'>valde</span> <span class='ocrx_word' id='word_1_238' title='bbox 402 3345 601 3425; x_wconf 79' lang='lat' dir='ltr'>superfluum</span> <span class='ocrx_word' id='word_1_239' title='bbox 628 3347 686 3419; x_wconf 89' lang='lat' dir='ltr'>est,</span> <span class='ocrx_word' id='word_1_240' title='bbox 723 3342 877 3423; x_wconf 89' lang='lat' dir='ltr'>quoniam</span> <span class='ocrx_word' id='word_1_241' title='bbox 907 3344 1053 3424; x_wconf 88' lang='lat' dir='ltr'>proxime</span> <span class='ocrx_word' id='word_1_242' title='bbox 1083 3344 1163 3407; x_wconf 85' lang='lat' dir='ltr'>dixit</span> <span class='ocrx_word' id='word_1_243' title='bbox 1186 3343 1265 3407; x_wconf 91' lang='lat' dir='ltr'>satis</span> 
     </span>
    </p>
   </div>
   <div class='ocr_carea' id='block_1_3' title="bbox 95 3554 1271 4676">
    <p class='ocr_par' dir='ltr' id='par_1_4' title="bbox 95 3554 1270 4332">
     <span class='ocr_line' id='line_1_30' title="bbox 95 3554 1266 3625; baseline -0.002 -15"><span class='ocrx_word' id='word_1_244' title='bbox 95 3554 117 3625; x_wconf 87' lang='lat'>¹)</span> <span class='ocrx_word' id='word_1_245' title='bbox 136 3557 273 3610; x_wconf 86' lang='lat' dir='ltr'>Ciceronis</span> <span class='ocrx_word' id='word_1_246' title='bbox 296 3562 350 3611; x_wconf 86' lang='lat' dir='ltr'>est:</span> <span class='ocrx_word' id='word_1_247' title='bbox 381 3560 472 3610; x_wconf 83' lang='lat' dir='ltr'>Genus</span> <span class='ocrx_word' id='word_1_248' title='bbox 497 3559 741 3610; x_wconf 65' lang='lat' dir='ltr'>animadversionis</span> <span class='ocrx_word' id='word_1_249' title='bbox 762 3557 861 3607; x_wconf 73' lang='lat' dir='ltr'>eistete:</span> <span class='ocrx_word' id='word_1_250' title='bbox 888 3559 1013 3622; x_wconf 82' lang='lat' dir='ltr'>quoeretis</span> <span class='ocrx_word' id='word_1_251' title='bbox 1031 3561 1081 3610; x_wconf 88' lang='lat' dir='ltr'>eet.</span> <span class='ocrx_word' id='word_1_252' title='bbox 1101 3554 1186 3622; x_wconf 78' lang='lat' dir='ltr'>(l&#39;err.</span> <span class='ocrx_word' id='word_1_253' title='bbox 1207 3556 1266 3609; x_wconf 86' lang='lat' dir='ltr'>Act.</span> 
     </span>
     <span class='ocr_line' id='line_1_31' title="bbox 137 3643 1266 3713; baseline -0.002 -15"><span class='ocrx_word' id='word_1_254' title='bbox 137 3646 171 3713; x_wconf 87' lang='lat' dir='ltr'>ll,</span> <span class='ocrx_word' id='word_1_255' title='bbox 192 3646 215 3709; x_wconf 94' lang='grc'>1,</span> <span class='ocrx_word' id='word_1_256' title='bbox 235 3645 277 3709; x_wconf 84' lang='grc'>17,</span> <span class='ocrx_word' id='word_1_257' title='bbox 296 3644 342 3711; x_wconf 78' lang='lat'>45)</span> <span class='ocrx_word' id='word_1_258' title='bbox 367 3653 407 3699; x_wconf 90' lang='lat' dir='ltr'>et:</span> <span class='ocrx_word' id='word_1_259' title='bbox 433 3649 581 3700; x_wconf 79' lang='lat' dir='ltr'>Attendite:</span> <span class='ocrx_word' id='word_1_260' title='bbox 604 3649 660 3698; x_wconf 86' lang='lat' dir='ltr'>iam</span> <span class='ocrx_word' id='word_1_261' title='bbox 678 3647 830 3712; x_wconf 73' lang='lat' dir='ltr'>intellipetia</span> <span class='ocrx_word' id='word_1_262' title='bbox 853 3643 917 3709; x_wconf 84' lang='lat' dir='ltr'>(ihd.</span> <span class='ocrx_word' id='word_1_263' title='bbox 938 3646 970 3709; x_wconf 94' lang='lat' dir='ltr'>ll,</span> <span class='ocrx_word' id='word_1_264' title='bbox 993 3644 1036 3708; x_wconf 77' lang='lat'>23,</span> <span class='ocrx_word' id='word_1_265' title='bbox 1061 3644 1119 3709; x_wconf 55' lang='lat' dir='ltr'>nin</span> <span class='ocrx_word' id='word_1_266' title='bbox 1144 3645 1266 3698; x_wconf 74' lang='lat' dir='ltr'>Seneca:</span> 
     </span>
     <span class='ocr_line' id='line_1_32' title="bbox 139 3732 1267 3804; baseline -0.005 -17"><span class='ocrx_word' id='word_1_267' title='bbox 139 3735 302 3801; x_wconf 75' lang='lat' dir='ltr'>Recopnoace</span> <span class='ocrx_word' id='word_1_268' title='bbox 321 3744 344 3787; x_wconf 87' lang='lat' dir='ltr'>et</span> <span class='ocrx_word' id='word_1_269' title='bbox 363 3737 493 3803; x_wconf 73' lang='lat' dir='ltr'>inteilipea</span> <span class='ocrx_word' id='word_1_270' title='bbox 511 3735 565 3804; x_wconf 91' lang='lat' dir='ltr'>(ep.</span> <span class='ocrx_word' id='word_1_271' title='bbox 584 3734 600 3786; x_wconf 97' lang='grc'>4</span> <span class='ocrx_word' id='word_1_272' title='bbox 620 3733 689 3801; x_wconf 52' lang='lat' dir='ltr'>§db</span> <span class='ocrx_word' id='word_1_273' title='bbox 710 3735 850 3787; x_wconf 79' lang='lat' dir='ltr'>coresidera</span> <span class='ocrx_word' id='word_1_274' title='bbox 869 3742 892 3785; x_wconf 84' lang='lat' dir='ltr'>et</span> <span class='ocrx_word' id='word_1_275' title='bbox 912 3736 1040 3802; x_wconf 73' lang='lat' dir='ltr'>intellipes</span> <span class='ocrx_word' id='word_1_276' title='bbox 1060 3732 1112 3801; x_wconf 86' lang='lat' dir='ltr'>(ep.</span> <span class='ocrx_word' id='word_1_277' title='bbox 1134 3733 1166 3784; x_wconf 83' lang='lat'>13</span> <span class='ocrx_word' id='word_1_278' title='bbox 1185 3732 1201 3798; x_wconf 62' lang='grc' dir='ltr'><strong>ἕ</strong></span> <span class='ocrx_word' id='word_1_279' title='bbox 1221 3732 1267 3789; x_wconf 66' lang='lat' dir='ltr'>lm</span> 
     </span>
     <span class='ocr_line' id='line_1_33' title="bbox 138 3820 1268 3892; baseline 0 -18"><span class='ocrx_word' id='word_1_280' title='bbox 138 3821 186 3875; x_wconf 84' lang='lat' dir='ltr'>cl‘r.</span> <span class='ocrx_word' id='word_1_281' title='bbox 211 3839 253 3891; x_wconf 90' lang='lat' dir='ltr'>ep.</span> <span class='ocrx_word' id='word_1_282' title='bbox 278 3822 312 3875; x_wconf 78' lang='lat'>16</span> <span class='ocrx_word' id='word_1_283' title='bbox 336 3822 352 3888; x_wconf 63' lang='grc' dir='ltr'><strong>ἓ</strong></span> <span class='ocrx_word' id='word_1_284' title='bbox 373 3823 396 3885; x_wconf 87' lang='grc'>7,</span> <span class='ocrx_word' id='word_1_285' title='bbox 422 3823 457 3875; x_wconf 79' lang='lat'>‘20</span> <span class='ocrx_word' id='word_1_286' title='bbox 476 3822 492 3889; x_wconf 66' lang='grc' dir='ltr'><strong>ξ</strong></span> <span class='ocrx_word' id='word_1_287' title='bbox 511 3823 535 3892; x_wconf 83' lang='grc'>6,</span> <span class='ocrx_word' id='word_1_288' title='bbox 560 3825 593 3877; x_wconf 93' lang='lat' dir='ltr'>de</span> <span class='ocrx_word' id='word_1_289' title='bbox 616 3823 710 3877; x_wconf 87' lang='lat' dir='ltr'>Benel.</span> <span class='ocrx_word' id='word_1_290' title='bbox 730 3823 773 3888; x_wconf 87' lang='lat' dir='ltr'>lv,</span> <span class='ocrx_word' id='word_1_291' title='bbox 799 3821 832 3874; x_wconf 83' lang='grc'>18</span> <span class='ocrx_word' id='word_1_292' title='bbox 855 3820 926 3889; x_wconf 60' lang='lat' dir='ltr'>fil).</span> <span class='ocrx_word' id='word_1_293' title='bbox 974 3820 1122 3889; x_wconf 89' lang='lat' dir='ltr'>[Ciceronis</span> <span class='ocrx_word' id='word_1_294' title='bbox 1151 3824 1268 3875; x_wconf 85' lang='lat' dir='ltr'>sormam</span> 
     </span>
     <span class='ocr_line' id='line_1_34' title="bbox 139 3910 1267 3980; baseline 0.002 -18"><span class='ocrx_word' id='word_1_295' title='bbox 139 3910 263 3978; x_wconf 89' lang='lat' dir='ltr'>sequitur</span> <span class='ocrx_word' id='word_1_296' title='bbox 282 3911 338 3965; x_wconf 90' lang='lat' dir='ltr'>Liv.</span> <span class='ocrx_word' id='word_1_297' title='bbox 357 3912 489 3976; x_wconf 85' lang='lat' dir='ltr'>XXXVII,</span> <span class='ocrx_word' id='word_1_298' title='bbox 509 3912 551 3976; x_wconf 79' lang='grc'>54,</span> <span class='ocrx_word' id='word_1_299' title='bbox 575 3911 622 3976; x_wconf 79' lang='lat'>27;</span> <span class='ocrx_word' id='word_1_300' title='bbox 651 3913 762 3966; x_wconf 82' lang='lat' dir='ltr'>Senecae</span> <span class='ocrx_word' id='word_1_301' title='bbox 785 3911 897 3980; x_wconf 87' lang='lat' dir='ltr'>reperiri</span> <span class='ocrx_word' id='word_1_302' title='bbox 920 3912 1005 3964; x_wconf 87' lang='lat' dir='ltr'>semel</span> <span class='ocrx_word' id='word_1_303' title='bbox 1030 3913 1102 3980; x_wconf 87' lang='lat' dir='ltr'>apud</span> <span class='ocrx_word' id='word_1_304' title='bbox 1122 3912 1193 3980; x_wconf 79' lang='lat' dir='ltr'>Virg.</span> <span class='ocrx_word' id='word_1_305' title='bbox 1213 3910 1267 3964; x_wconf 75' lang='lat' dir='ltr'>ner.</span> 
     </span>
     <span class='ocr_line' id='line_1_35' title="bbox 139 3997 1269 4069; baseline 0.004 -21"><span class='ocrx_word' id='word_1_306' title='bbox 139 3997 164 4064; x_wconf 87' lang='grc'>3,</span> <span class='ocrx_word' id='word_1_307' title='bbox 189 3998 240 4050; x_wconf 82' lang='grc'>104</span> <span class='ocrx_word' id='word_1_308' title='bbox 265 4001 396 4053; x_wconf 84' lang='lat' dir='ltr'>admonet</span> <span class='ocrx_word' id='word_1_309' title='bbox 419 4001 572 4069; x_wconf 85' lang='lat' dir='ltr'>Siesbyeus,</span> <span class='ocrx_word' id='word_1_310' title='bbox 601 4000 738 4069; x_wconf 82' lang='lat' dir='ltr'>idemque,</span> <span class='ocrx_word' id='word_1_311' title='bbox 766 4001 924 4054; x_wconf 85' lang='lat' dir='ltr'>Ciceronem</span> <span class='ocrx_word' id='word_1_312' title='bbox 949 4001 1086 4054; x_wconf 82' lang='lat' dir='ltr'>interdum</span> <span class='ocrx_word' id='word_1_313' title='bbox 1107 3999 1269 4069; x_wconf 86' lang='lat' dir='ltr'>imperativo</span> 
     </span>
     <span class='ocr_line' id='line_1_36' title="bbox 141 4088 1268 4158; baseline 0 -18"><span class='ocrx_word' id='word_1_314' title='bbox 141 4088 297 4142; x_wconf 89' lang='lat' dir='ltr'>huiusmodi</span> <span class='ocrx_word' id='word_1_315' title='bbox 324 4089 448 4143; x_wconf 83' lang='lat' dir='ltr'>futurum</span> <span class='ocrx_word' id='word_1_316' title='bbox 472 4090 606 4158; x_wconf 85' lang='lat' dir='ltr'>particula</span> <span class='ocrx_word' id='word_1_317' title='bbox 628 4097 685 4142; x_wconf 85' lang='lat' dir='ltr'>tum</span> <span class='ocrx_word' id='word_1_318' title='bbox 709 4090 870 4157; x_wconf 78' lang='lat' dir='ltr'>adiungere,</span> <span class='ocrx_word' id='word_1_319' title='bbox 899 4095 929 4143; x_wconf 93' lang='lat' dir='ltr'>ut</span> <span class='ocrx_word' id='word_1_320' title='bbox 953 4107 979 4158; x_wconf 92' lang='lat' dir='ltr'>p.</span> <span class='ocrx_word' id='word_1_321' title='bbox 1004 4089 1090 4143; x_wconf 68' lang='lat' dir='ltr'>l&#39;lacc.</span> <span class='ocrx_word' id='word_1_322' title='bbox 1117 4089 1142 4153; x_wconf 92' lang='grc'>4,</span> <span class='ocrx_word' id='word_1_323' title='bbox 1169 4089 1213 4152; x_wconf 79' lang='grc' dir='ltr'>1ος</span> <span class='ocrx_word' id='word_1_324' title='bbox 1242 4107 1268 4158; x_wconf 91' lang='lat' dir='ltr'>p.</span> 
     </span>
     <span class='ocr_line' id='line_1_37' title="bbox 141 4176 1270 4248; baseline 0.003 -20"><span class='ocrx_word' id='word_1_325' title='bbox 141 4176 232 4230; x_wconf 88' lang='lat' dir='ltr'>Plauc.</span> <span class='ocrx_word' id='word_1_326' title='bbox 253 4176 295 4241; x_wconf 90' lang='lat'>18,</span> <span class='ocrx_word' id='word_1_327' title='bbox 314 4177 362 4241; x_wconf 81' lang='grc'>45;</span> <span class='ocrx_word' id='word_1_328' title='bbox 381 4178 461 4232; x_wconf 86' lang='lat' dir='ltr'>Tusc.</span> <span class='ocrx_word' id='word_1_329' title='bbox 481 4179 511 4241; x_wconf 87' lang='lat' dir='ltr'>V,</span> <span class='ocrx_word' id='word_1_330' title='bbox 531 4178 574 4244; x_wconf 89' lang='grc'>34,</span> <span class='ocrx_word' id='word_1_331' title='bbox 594 4176 649 4246; x_wconf 67' lang='lat' dir='ltr'>dit]</span> <span class='ocrx_word' id='word_1_332' title='bbox 686 4179 813 4232; x_wconf 85' lang='lat' dir='ltr'>Erratum</span> <span class='ocrx_word' id='word_1_333' title='bbox 832 4179 887 4232; x_wconf 81' lang='lat' dir='ltr'>vidi</span> <span class='ocrx_word' id='word_1_334' title='bbox 907 4180 980 4248; x_wconf 86' lang='lat' dir='ltr'>apud</span> <span class='ocrx_word' id='word_1_335' title='bbox 997 4179 1154 4233; x_wconf 87' lang='lat' dir='ltr'>Ciceronem</span> <span class='ocrx_word' id='word_1_336' title='bbox 1174 4178 1201 4230; x_wconf 92' lang='lat' dir='ltr'>in</span> <span class='ocrx_word' id='word_1_337' title='bbox 1218 4177 1270 4231; x_wconf 92' lang='lat' dir='ltr'>hoc</span> 
     </span>
     <span class='ocr_line' id='line_1_38' title="bbox 140 4265 471 4332; baseline 0.009 -15"><span class='ocrx_word' id='word_1_338' title='bbox 140 4281 239 4332; x_wconf 83' lang='lat' dir='ltr'>genere</span> <span class='ocrx_word' id='word_1_339' title='bbox 259 4265 293 4319; x_wconf 85' lang='lat' dir='ltr'>ab</span> <span class='ocrx_word' id='word_1_340' title='bbox 313 4266 471 4320; x_wconf 90' lang='lat' dir='ltr'>editoribus.</span> 
     </span>
    </p>

    <p class='ocr_par' dir='ltr' id='par_1_5' title="bbox 99 4349 1271 4586">
     <span class='ocr_line' id='line_1_39' title="bbox 99 4349 1269 4417; baseline 0.003 -12"><span class='ocrx_word' id='word_1_341' title='bbox 99 4349 120 4417; x_wconf 84' lang='lat'>²)</span> <span class='ocrx_word' id='word_1_342' title='bbox 140 4354 197 4406; x_wconf 91' lang='lat' dir='ltr'>Hoc</span> <span class='ocrx_word' id='word_1_343' title='bbox 218 4354 422 4409; x_wconf 90' lang='lat' dir='ltr'>incommodum</span> <span class='ocrx_word' id='word_1_344' title='bbox 442 4356 527 4410; x_wconf 87' lang='lat' dir='ltr'>sensit</span> <span class='ocrx_word' id='word_1_345' title='bbox 547 4356 652 4410; x_wconf 81' lang='lat' dir='ltr'>Bauius</span> <span class='ocrx_word' id='word_1_346' title='bbox 671 4356 699 4410; x_wconf 89' lang='lat' dir='ltr'>in</span> <span class='ocrx_word' id='word_1_347' title='bbox 718 4357 862 4410; x_wconf 88' lang='lat' dir='ltr'>Variarum</span> <span class='ocrx_word' id='word_1_348' title='bbox 883 4357 1042 4410; x_wconf 84' lang='lat' dir='ltr'>Lectionum</span> <span class='ocrx_word' id='word_1_349' title='bbox 1068 4356 1137 4409; x_wconf 91' lang='lat' dir='ltr'>libro</span> <span class='ocrx_word' id='word_1_350' title='bbox 1161 4356 1196 4409; x_wconf 86' lang='lat' dir='ltr'>ad</span> <span class='ocrx_word' id='word_1_351' title='bbox 1215 4355 1269 4409; x_wconf 87' lang='lat' dir='ltr'>Cic.</span> 
     </span>
     <span class='ocr_line' id='line_1_40' title="bbox 142 4443 1271 4515; baseline 0.002 -20"><span class='ocrx_word' id='word_1_352' title='bbox 142 4443 278 4497; x_wconf 87' lang='lat' dir='ltr'>orationes</span> <span class='ocrx_word' id='word_1_353' title='bbox 296 4445 444 4512; x_wconf 86' lang='lat' dir='ltr'>pertinenti</span> <span class='ocrx_word' id='word_1_354' title='bbox 464 4444 560 4514; x_wconf 77' lang='lat' dir='ltr'>(bugd.</span> <span class='ocrx_word' id='word_1_355' title='bbox 579 4447 639 4500; x_wconf 90' lang='lat' dir='ltr'>Bat.</span> <span class='ocrx_word' id='word_1_356' title='bbox 659 4445 740 4512; x_wconf 82' lang='grc'>1834)</span> <span class='ocrx_word' id='word_1_357' title='bbox 758 4463 783 4515; x_wconf 93' lang='lat' dir='ltr'>p.</span> <span class='ocrx_word' id='word_1_358' title='bbox 804 4447 847 4511; x_wconf 73' lang='lat' dir='ltr'>ab,</span> <span class='ocrx_word' id='word_1_359' title='bbox 872 4447 918 4515; x_wconf 89' lang='lat' dir='ltr'>qui</span> <span class='ocrx_word' id='word_1_360' title='bbox 942 4464 1005 4499; x_wconf 78' lang='lat' dir='ltr'>nom</span> <span class='ocrx_word' id='word_1_361' title='bbox 1027 4447 1172 4498; x_wconf 72' lang='lat' dir='ltr'>niehercule</span> <span class='ocrx_word' id='word_1_362' title='bbox 1189 4444 1271 4498; x_wconf 88' lang='lat' dir='ltr'>scribi</span> 
     </span>
     <span class='ocr_line' id='line_1_41' title="bbox 142 4532 260 4586; baseline 0.008 -1"><span class='ocrx_word' id='word_1_363' title='bbox 142 4532 260 4586; x_wconf 76' lang='lat' dir='ltr'>volebat.</span> 
     </span>
    </p>

    <p class='ocr_par' dir='ltr' id='par_1_6' title="bbox 1023 4621 1058 4676">
     <span class='ocr_line' id='line_1_42' title="bbox 1023 4621 1058 4676; baseline 0.029 -1"><span class='ocrx_word' id='word_1_364' title='bbox 1023 4621 1058 4676; x_wconf 87' lang='grc'>34</span> 
     </span>
    </p>
   </div>
   <div class='ocr_carea' id='block_1_4' title="bbox 0 0 1499 5190">
    <p class='ocr_par' dir='ltr' id='par_1_7' title="bbox 0 0 1499 5190">
     <span class='ocr_line' id='line_1_43' title="bbox 0 0 1499 5190; baseline 0 0"><span class='ocrx_word' id='word_1_365' title='bbox 0 0 1499 5190; x_wconf 95' lang='lat' dir='ltr'> </span> 
     </span>
    </p>
   </div>
  </div>
 </body>
</html>
