2948 5206
666 341 728 406 531

115 535 240 618 maimo,
263 538 293 601 si
315 537 399 600 ratio
421 557 540 599 merum
556 535 648 617 fucit,
672 537 700 599 si
724 571 764 579 -
789 536 1021 600 condiderunt?
1049 536 1103 600 An
1122 573 1161 581 -
1181 559 1301 622 exspec-

115 644 228 708 amus?
259 644 329 708 Iam
354 664 397 705 on
420 642 605 707 annectitur
628 643 786 724 superiori
816 643 996 721 sententiae,
1027 647 1225 709 contrarium
1249 646 1298 709 in-

115 756 218 814 erens.
264 751 299 815 ln
324 749 394 815 loco
419 753 572 831 corrupto
595 749 686 813 Verr.
711 748 761 826 ΙΙΙ,
789 751 839 825 12,
864 751 904 814 21
936 749 1005 832 (qui
1035 750 1123 815 locus
1147 753 1298 817 inbonis

115 856 264 921 mdicibus
288 853 420 936 excidit)
449 854 589 920 Orellius
618 875 724 938 nuper
752 854 798 938 (in
827 857 1029 921 orationibus
1053 857 1194 939 selectis)
1217 860 1300 926 miro

115 979 181 1025 usus
203 967 252 1027 est
279 962 426 1026 artificio.
473 962 546 1044 lpse
577 962 663 1026 enim
695 963 944 1027 disiunctionem
974 966 1083 1029 nescio
1115 985 1215 1048 quam
1246 985 1300 1030 ex·

121 1068 263 1149 cogitavit,
299 1069 392 1132 cuius
420 1068 510 1151 prius
538 1069 725 1132 membrum
759 1068 867 1133 verbis
898 1069 1114 1151 significatum
1143 1091 1208 1136 non
1239 1076 1299 1137 est.

123 1171 263 1250 Cetemm,
288 1194 390 1257 quum
415 1175 497 1239 alter
520 1174 668 1239 dixisset:
704 1174 818 1238 Petiett
841 1197 861 1238 a
884 1197 942 1257 me,
972 1183 1006 1240 ut
1029 1179 1191 1256 mitterem,
1221 1179 1299 1243 sim·

126 1279 225 1361 pliciter
254 1281 504 1363 interrogandus
538 1283 622 1355 erat:
661 1279 817 1344 Minatiue
847 1282 969 1366 ipitur?
1001 1302 1067 1346 non
1095 1284 1298 1349 disiunctive.

127 1386 201 1468 Apud
220 1389 411 1470 scriptorem
433 1387 669 1452 rhetoricorum
693 1387 736 1450 ad
752 1387 954 1452 Herennium
979 1389 1034 1453 lib.
1053 1390 1089 1467 ΙΙ,
1117 1392 1167 1469 15,
1192 1392 1236 1455 22
1259 1411 1300 1455 ex

128 1494 172 1557 bac
190 1495 332 1559 codicum
355 1513 459 1575 prope
488 1492 632 1558 omnium
658 1494 834 1575 scriptura:
870 1495 983 1558 deinde
1011 1498 1215 1580 spectandum
1245 1506 1298 1580 est,

130 1620 191 1683 epae
210 1621 358 1685 moenum
381 1602 422 1664 cit
444 1600 526 1664 ittet
543 1607 707 1683 peccatum
737 1601 821 1665 effici
845 1602 979 1666 debebit
1002 1624 1136 1687 oeqetene,
1165 1623 1231 1667 non
1257 1624 1300 1667 an

131 1726 200 1790 nque.
241 1708 277 1771 In
299 1707 384 1771 libro
407 1708 421 1770 l
444 1707 485 1771 de
508 1707 632 1770 lnvent.
657 1707 709 1784 53,
742 1708 802 1772 101
834 1710 932 1773 etiam
962 1711 995 1772 in
1024 1709 1225 1773 disiunctivae
1249 1710 1299 1773 in·

130 1814 326 1896 [erogationis
349 1813 440 1878 initio
463 1813 596 1895 ponitur
619 1834 677 1889 on3
706 1817 794 1877 recte
825 1819 937 1880 tamen
960 1816 1180 1899 improbatum
1205 1821 1255 1880 est
1279 1837 1299 1880 a

129 1916 267 1985 lambino.
315 1920 414 2003 Apud
441 1920 569 1983 Livium
598 1921 774 2009 mendosus
810 1926 859 1985 est
892 1923 926 1985 in
960 1923 1022 1987 boc
1056 1942 1174 2004 genere
1208 1921 1297 1986 locus

129 2022 209 2106 XLIV,
230 2029 282 2105 25,
310 2028 366 2091 11:
401 2026 483 2089 nibil
506 2028 663 2109 interesse,
695 2049 738 2091 aa
762 2028 857 2092 Pelloe
870 2031 1010 2112 peruecta
1033 2037 1117 2107 51111,
1142 2030 1199 2093 ubi
1222 2049 1297 2093 sen·

129 2130 205 2198 untia
224 2134 398 2199 manifesto
422 2133 671 2197 disiunctionem
693 2134 835 2216 flagitat;
870 2137 931 2199 hoc
961 2137 1047 2199 enirn
1071 2135 1197 2210 dicitur,
1231 2154 1298 2201 non

130 2237 187 2302 satis
214 2259 298 2317 esse,
334 2240 507 2322 pecuniam
543 2240 766 2304 Samothracae
801 2242 894 2322 poni;
932 2241 1033 2305 nihilo
1068 2240 1155 2304 enim
1189 2239 1297 2304 minus

131 2358 204 2421 duam
223 2349 249 2411 si
271 2347 371 2411 Pellae
395 2350 481 2410 esset
506 2347 540 2410 in
563 2345 673 2410 Persei
697 2350 859 2427 potestate
884 2347 963 2411 fore.
1009 2347 1112 2411 Recte
1135 2346 1232 2428 igitur
1254 2346 1298 2410 ad

131 2464 230 2516 tensum
253 2452 452 2519 Crevierius:
475 2452 522 2515 ibi
545 2473 588 2515 on
611 2453 716 2516 Pellre.
763 2453 883 2517 Contra
907 2453 1000 2530 XLV,
1025 2454 1069 2517 20
1092 2452 1237 2534 (cenarit-i
1257 2451 1297 2514 ob

133 2548 202 2620 luno
221 2561 342 2624 1111111115
359 2566 481 2643 putres,
506 2558 660 2623 stantibus
685 2562 718 2621 in
741 2560 863 2622 cornilio
886 2560 1008 2644 tepetis,
1033 2581 1076 2622 cm
1093 2559 1202 2635 locum,
1228 2559 1297 2621 lau·

132 2658 165 2722 lto
181 2673 369 2757 senatumque
391 2663 520 2745 dorent)
543 2666 712 2746 particula,
741 2670 778 2730 ut
801 2670 874 2747 post
897 2665 1069 2730 dubitandi
1093 2665 1205 2741 verba,
1236 2685 1297 2746 po·

131 2763 195 2834 nitur
212 2792 281 2836 curn
304 2772 368 2837 levi
384 2772 427 2837 ad
443 2772 694 2837 affirmationem
710 2772 927 2849 inclinatione,
953 2774 1008 2854 qui
1024 2792 1102 2836 usus
1119 2772 1297 2837 translatus

132 2870 164 2936 ad
179 2876 367 2944 deliberandi
391 2883 423 2943 et
447 2878 634 2943 consulendi
665 2879 768 2941 verba
797 2883 830 2942 et
852 2880 972 2943 sensim
996 2880 1122 2960 longius
1146 2899 1297 2960 progres-

131 2992 179 3057 ⁸⁰s‚
200 2987 367 3051 obscurata
390 2986 548 3067 paulatim
572 2986 627 3048 illa
650 2984 894 3066 significatione,
924 3005 1043 3049 novam
1068 2987 1175 3050 effecit
1197 3002 1350 3068 prox-1⁶⁵

131 3077 186 3151 ilua
203 3095 300 3157 atatis
324 3092 604 3168 consuetudinem,
641 3090 729 3174 [quae
760 3090 849 3173 apud
877 3092 983 3172 ipsum
1014 3093 1139 3157 Livium
1170 3094 1296 3175 aliqua-

132 3185 202 3259 tenus
220 3203 365 3281 apparet,
389 3201 426 3262 ut
449 3199 563 3275 XXXI,
587 3199 640 3275 48,
666 3201 695 3274 6,
720 3198 777 3262 ubi
801 3197 1086 3264 Weissenbornius
1110 3200 1192 3264 duos
1216 3200 1296 3264 alios

132 3286 196 3365 loros
214 3304 408 3387 adscripsit]
443 3305 622 3369 Referebat
646 3306 731 3369 enim
748 3305 857 3368 lunius
882 3324 951 3367 rem
970 3311 1171 3383 consuetam,
1195 3326 1296 3387 quam

133 3412 287 3478 eoncessum
311 3414 350 3476 iri
373 3412 523 3495 putabat.
628 3484 631 3488 ⁴

196 3515 224 3581 C.
248 3520 298 3596 16,
323 3519 382 3583 36:
407 3518 455 3581 Ac
477 3526 582 3581 nostro
606 3518 741 3603 quidem,
766 3538 860 3603 quum
884 3538 934 3581 res
958 3526 1034 3581 esset
1057 3518 1101 3580 od
1122 3538 1154 3580 se
1177 3518 1294 3598 (teleto,

134 3605 241 3689 31111111
262 3626 379 3704 conaret,
411 3625 549 3708 Utinam,
574 3626 684 3709 aliquit,
710 3624 756 3688 M.
783 3625 900 3705 Cicero,
923 3626 982 3687 isto
1001 3626 1106 3687 animo
1124 3627 1295 3709 (1111111111-

133 3716 179 3785 itte
194 3729 222 3794 in
242 3753 365 3796 sumena
388 3753 423 3795 re
440 3732 570 3815 publico-
593 3732 751 3795 nobiscum
776 3732 899 3793 re-rsori
929 3752 1024 3815 prtum
1054 3733 1087 3794 in
1109 3732 1296 3815 berentripali

131 3829 269 3903 neuton.
316 3839 365 3903 Ex
398 3840 462 3924 qui,
498 3840 585 3920 quod
620 3859 733 3903 omnes
769 3839 895 3902 codices
931 3836 1056 3901 addunt
1084 3841 1160 3901 ante
1189 3858 1294 3922 purten,

132 3918 275 4008 Llubinus
298 3949 387 4009 recte
413 3967 470 4009 orto
493 3947 638 4009 effecisse
662 3945 805 4020 videtum
836 3948 922 4008 certe
950 3952 1053 4008 1111111·
1076 3946 1122 4008 sic
1145 3944 1295 4009 absolute

130 4044 177 4106 lon
194 4047 303 4115 dicitur
326 4052 537 4117 Ciceroniano
561 4072 662 4116 more.
709 4051 774 4114 Sed
797 4052 885 4115 aliud
915 4072 968 4115 me
993 4050 1137 4125 offendit,
1173 4071 1293 4132 prono·

128 4152 182 4215 men
208 4158 393 4222 refleximm
430 4179 489 4240 pro
524 4159 780 4223 demonstrativo
815 4158 860 4220 sic
895 4159 1047 4239 positum,
1086 4160 1122 4221 ut
1157 4177 1294 4222 excusa-

127 4248 217 4326 tionem
240 4283 306 4329 non
329 4265 454 4329 habeat
477 4264 555 4347 (vid.
572 4265 692 4346 Opnsc.
709 4266 817 4346 priora
833 4285 865 4345 p.
885 4263 971 4345 189),
996 4265 1083 4345 quod
1100 4263 1293 4341 subiectum,

122 4364 152 4430 td
175 4371 255 4451 quod
285 4372 456 4449 referatur,
492 4373 524 4435 in
554 4372 657 4436 altera
687 4372 819 4435 demum
848 4371 1009 4434 sententia
1037 4372 1199 4453 sequitur;
1233 4390 1294 4435 nec

115 4471 202 4559 ipsum
226 4478 520 4542 demonstrativum
545 4479 620 4542 ferri
645 4498 683 4541 eo
707 4478 777 4542 loco
801 4481 921 4558 posset.
968 4477 1080 4557 ltaque
1104 4498 1227 4554 vereor,
1252 4496 1293 4541 ne

115 4586 256 4651 1101111111
280 4585 323 4648 sit
348 4605 389 4648 ex
413 4586 605 4666 compendio
629 4583 737 4664 aliquo
761 4586 848 4647 vocis
871 4590 1024 4647 senatum.

1031 4686 1081 4740 34*
