2956 5190
739 284 806 350 428

174 485 268 564 puto:
293 479 494 567 quambene
517 488 590 544 ante
613 481 842 544 amitterenon
858 480 1047 564 potuiesent.
1088 478 1126 543 In
1148 477 1247 544 altero
1263 500 1332 547 mur·
1390 530 1394 549 .

175 590 234 655 bro
257 589 450 653 mendosum
475 586 526 652 e'st
548 586 652 662 butue,
676 607 736 669 pro
760 606 825 669 quo
848 587 881 651 in
899 585 965 650 un.
991 588 1043 650 est
1066 584 1112 662 la,
1135 584 1171 650 id
1192 590 1247 663 nst,
1265 586 1334 655 iuda

175 696 294 773 codice,
318 695 375 759 boc
394 697 452 759 aut
476 700 595 769 autenm
631 690 702 774 [boc
724 693 825 759 ctiam
846 694 881 757 in
904 693 1022 757 ceteris
1045 690 1217 757 codicibus
1236 693 1336 775 auditu*

175 802 273 866 tuisse
307 786 394 866 nunc
423 799 570 881 scimusJ.
622 799 712 865 Licet
739 801 837 883 igitur
863 798 1023 875 scribere;
1057 818 1160 883 quam
1192 797 1247 862 loc
1272 800 1338 865 nt·

173 910 312 973 civitatis
334 908 506 972 mutatione
528 908 706 983 nemimem,
729 926 844 971 verum
866 925 947 971 num
969 904 1028 969 hoc
1042 905 1150 969 sorum
1165 903 1340 973 inmense

175 1016 262 1105 tione
286 1014 349 1078 dici
371 1014 485 1096 possit,
509 1014 543 1078 id
559 1016 618 1091 est,
643 1013 833 1089 Romanum,
857 1012 1001 1076 dubitari
1016 1014 1142 1094 potest,
1166 1013 1342 1095 quornm·

175 1121 325 1186 universe
348 1119 424 1202 poni
448 1120 598 1184 videatur
625 1123 658 1184 et
687 1119 728 1184 de
756 1139 796 1185 eo
823 1119 904 1196 loco,
940 1119 995 1201 qui
1025 1118 1245 1201 relinquatur,
1274 1118 1346 1185 ete

175 1247 223 1304 eo,
259 1229 292 1291 in
327 1245 424 1308 quem
460 1227 624 1303 veniatur,
662 1233 730 1290 turn
764 1226 871 1291 solum
905 1226 987 1290 verti
1023 1224 1133 1289 videri
1168 1230 1274 1309 potest
1299 1228 1348 1310 ipr

175 1332 366 1415 migratione
402 1330 526 1414 (itaque
557 1332 689 1397 additur
722 1333 887 1397 interdurn
911 1333 1000 1396 acilii
1034 1329 1166 1414 cauae),
1200 1351 1263 1398 non
1291 1332 1349 1399 aliu

175 1438 313 1504 civitatis
337 1438 553 1520 susceptione.
599 1439 733 1504 Meliora
755 1444 867 1504 tamen
890 1457 956 1503 non
984 1438 1129 1520 reperio,
1166 1457 1228 1504 nec
1253 1420 1351 1505 ridetur

174 1545 287 1610 Cicero
310 1546 344 1609 in
367 1545 417 1609 his
441 1545 716 1626 disputationibus
740 1545 919 1610 admodum
943 1544 1096 1626 religiose
1120 1564 1239 1611 reram
1259 1545 1352 1611 rime

172 1671 268 1716 usum
293 1656 440 1716 veterum
464 1651 676 1716 formularum
702 1671 845 1716 servare.
891 1651 957 1716 Sed
985 1657 1023 1716 ut
1046 1651 1122 1715 haec
1146 1652 1271 1717 incerta
1290 1656 1353 1727 sut

173 1759 218 1823 ita
241 1758 320 1822 illud
343 1761 478 1834 certum,
508 1777 567 1839 pro
599 1757 744 1833 victimae
773 1759 861 1839 qnod
885 1762 934 1823 est
957 1759 991 1822 in
1014 1757 1191 1823 codicibus
1214 1763 1247 1824 et
1267 1758 1355 1825 editio

174 1866 280 1937 nibus,
305 1864 514 1928 scribendum
531 1884 603 1928 esse
626 1864 777 1929 ¹ridemus.
813 1865 896 1930 lllud
919 1863 1082 1947 significat
1097 1883 1173 1928 rem
1189 1865 1317 1931 oratoris
1333 1870 1356 1929 et

173 1972 359 2037 auditorum
393 1971 551 2035 memoria
586 1971 723 2043 factam,
764 1973 856 2036 cuins
897 1971 959 2053 ipsi
1000 1970 1126 2035 luerint
1169 1974 1355 2053 spectatura,

174 2082 273 2144 testes
297 2080 361 2143 sint
385 2077 435 2159 (ut
459 2076 525 2139 vidi
547 2074 565 2156 ἐ
589 2075 656 2157 30),
686 2079 749 2142 hoc
772 2077 928 2142 traditam
952 2081 984 2142 et
1009 2077 1107 2159 vulgo
1131 2082 1260 2155 notam,
1290 2077 1357 2160 quel
1392 2082 1394 2103 ¹

173 2186 225 2250 hic
248 2186 354 2250 locum
378 2184 490 2248 habet.
536 2183 620 2247 Nam
645 2183 680 2248 C.
705 2185 785 2249 Cato
810 2185 984 2249 damnatus
1012 2187 1086 2248 erat
1109 2188 1255 2266 septem,
1285 2190 1356 2249 anle-

119 2374 125 2387 .
173 2312 272 2373 quarn
298 2291 410 2356 Cicero
434 2293 484 2354 est
506 2293 613 2366 natus,
639 2292 742 2369 annis,
767 2290 805 2369 Q.
825 2291 935 2373 Caepio
953 2310 1050 2366 anno,
1074 2290 1226 2355 Rutilius
1248 2294 1357 2373 quattu·

173 2398 316 2463 ordecim
340 2399 414 2479 post
437 2395 540 2472 annis
564 2395 689 2476 reliqui,
714 2400 750 2461 ut
774 2398 911 2475 videtur,
938 2399 1038 2462 etiam
1060 2398 1167 2478 prius.

262 2504 296 2568 C.
319 2504 370 2580 12,
395 2503 437 2567 29
462 2503 536 2566 duae
559 2507 636 2567 sunt
660 2503 817 2580 codicum,
843 2524 981 2585 quorum
1004 2502 1141 2585 aliquod
1158 2507 1214 2568 est
1229 2522 1365 2570 momen·-

174 2615 253 2685 tum,
278 2610 456 2691 scripturae,
481 2609 584 2673 altera
608 2609 760 2673 secundae
781 2609 912 2674 familiae
930 2600 976 2693 (S.
995 2610 1087 2686 Vict,
1114 2610 1151 2688 E,
1176 2610 1271 2688 Pau,
1292 2608 1356 2675 On.

174 2715 342 2798 pluriunrl:
379 2716 477 2800 Atqui
508 2723 617 2779 aeterne
647 2717 787 2779 ciuitates
817 2737 922 2781 onmes
952 2737 1015 2779 noa
1044 2715 1235 2780 dubitarent
1257 2724 1356 2781 troarne

174 2823 310 2905 recipere
339 2824 372 2885 in
406 2843 482 2886 arens
516 2823 665 2899 civitatee,
701 2823 805 2887 altera
839 2825 956 2905 prioris
991 2820 1039 2903 (P,
1075 2821 1192 2901 Herm,
1229 2822 1354 2904 Lambi:

116 2999 119 3003 ,
174 2930 271 3014 ntqut
294 2938 402 2993 reterre
425 2930 565 2992 civitates
587 2950 649 2992 non
673 2928 854 2994 dubitarent
883 2937 1003 2994 nostroe
1030 2949 1137 2992 emeres
1165 2927 1214 3010 (id
1243 2938 1298 3005 est,
1327 2932 1355 2993 ut

173 3035 351 3099 Gulielmus
375 3036 542 3117 vulgarem
567 3055 709 3100 errorem
734 3035 882 3113 correxit,
905 3035 1056 3117 hemines)
1081 3039 1276 3120 reciperata
1298 3057 1357 3099 eurr

133 3158 158 3194 n
173 3143 328 3217 etr-itatem
363 3161 403 3204 ex
426 3143 476 3207 his
501 3143 696 3207 Garatonius
724 3144 855 3206 tertiam
880 3145 1072 3224 composuit,
1108 3164 1212 3225 quam
1237 3144 1357 3210 Orellius

174 3248 308 3329 recepit:
344 3248 443 3332 Atqui
477 3256 585 3312 eeteroe
619 3250 759 3312 ciuitates
793 3270 897 3313 unnms
928 3284 967 3293 —
1000 3257 1121 3314 nostros
1145 3251 1288 3316 honriner
1308 3255 1356 3315 cel.

174 3353 291 3417 Verum
316 3358 397 3432 erat,
422 3355 519 3436 quod,
544 3354 703 3420 Gulielmo
727 3358 903 3436 praeeunte,
928 3356 1117 3421 Schuetzius
1141 3357 1262 3431 edidit:
1294 3376 1358 3423 narn

174 3460 329 3524 llomanis
354 3461 505 3524 universe
529 3464 561 3525 et
578 3463 757 3542 generatim
776 3462 875 3526 ceteri
893 3463 1045 3527 contrarii
1068 3469 1248 3545 ponuntur,
1272 3483 1361 3528 ornnes

172 3566 248 3631 addi
272 3586 332 3631 nec
355 3587 437 3649 opus
462 3571 532 3631 erat
561 3571 593 3630 et
621 3588 737 3650 parum
767 3566 926 3650 aptum.¹)
972 3570 1045 3635 Non
1078 3590 1217 3652 possum
1252 3575 1361 3637 autem.

174 3674 251 3755 quin
275 3676 384 3752 mirer,
409 3676 597 3740 Ciceronem
623 3676 691 3739 tarn
715 3675 828 3739 vitiose
852 3677 1019 3758 scripsisse
1041 3712 1085 3721 —
1109 3696 1176 3759 quo
1200 3679 1288 3742 enim
1311 3677 1363 3742 alio

173 3781 303 3843 nomine
328 3781 515 3862 appellem?
552 3817 593 3826 —
628 3783 811 3844 ciuitates
846 3783 882 3844 in
910 3804 1001 3847 suaa
1028 3785 1212 3849 civitates
1233 3785 1363 3848 tornines

173 3887 319 3968 tempere,
356 3886 442 3952 idern
472 3889 667 3953 vocabulum
697 3887 824 3952 diverso
847 3888 1029 3969 significatu
1053 3889 1289 3971 duplicantem.
1332 3890 1366 3955 ut

174 3997 283 4055 tamen
306 3982 519 4076 sic‘scripsit.
566 3995 653 4060 Salis
685 3994 749 4058 iarn
781 3998 831 4058 est
862 3995 1046 4069 molestum,
1082 3998 1170 4077 quod
1201 3999 1366 4080 praecedit:

173 4105 203 4159 nt
239 4118 367 4183 qrtn’que
402 4100 570 4180 (cirues)
607 4136 645 4145 -
684 4103 820 4164 uranium
862 4136 902 4144 -
945 4109 987 4165 eat
1027 4104 1191 4167 concinnata
1232 4104 1369 4186 (PEAB3

174 4203 266 4283 vulgo
302 4205 466 4271 coniuncta
502 4208 568 4287 ml),
605 4210 649 4271 ite
680 4243 719 4251 —
751 4210 996 4272 corrrmunionem
1024 4209 1257 4293 beneficiorum,
1286 4232 1368 4296 prc-

186 4363 358 4373 ··—-—-..—--

199 4447 220 4511 ¹)
240 4450 284 4517 {Et
304 4453 324 4507 P
343 4459 370 4507 et
390 4455 541 4509 llernenees
561 4456 662 4510 babent
681 4456 800 4510 codices:
829 4459 949 4509 civitatee
971 4474 1061 4510 omnes
1086 4488 1118 4494 -
1142 4466 1252 4514 nemrot
1273 4476 1368 4521 omnes.

244 4546 272 4593 ut
292 4542 334 4595 ud.
355 4560 379 4596 n.
402 4543 477 4605 ΗΜ),
497 4545 635 4599 tinrutunii
655 4545 840 4599 coniecturam
860 4545 1029 4600 adiuvantes.
1068 4544 1158 4613 1842]
