2948 5206
661 280 704 345 25

71 481 194 555 torma,
217 498 318 560 quum
343 477 434 553 nihil,
458 477 546 558 quod
562 483 765 558 sequeretur,
788 477 936 554 haberet,
961 479 1025 542 huc
1041 479 1117 544 illuc
1132 485 1283 563 vagantis
1298 500 1324 541 ar

72 594 106 650 et
142 594 303 667 tanquam
339 585 372 647 in
409 582 553 647 tenebris
587 584 753 665 palpantis
792 585 946 666 quodque
985 585 1149 651 oblectum
1185 597 1283 667 esset,

73 693 260 775 arripientis
284 698 318 755 et
342 691 477 770 propter
500 687 586 755 hanc
613 692 720 772 ipsam
749 710 882 755 causam
908 700 1067 774 perpetuo
1090 693 1282 772 dubitantis,

75 819 176 882 quarn
200 799 256 880 qui
280 796 385 864 secuti
408 805 495 873 sunt,
524 817 713 879 quanquam
743 796 889 862 laborem
914 799 1125 880 studiumque
1149 807 1181 864 et
1204 801 1283 866 doc·

77 905 172 968 triam
196 921 328 985 quoque
352 903 521 984 quandam
545 905 672 986 copiam
704 905 894 981 attulerunt,
929 901 1038 970 oificio
1065 909 1177 970 tamen
1205 907 1283 972 boni

79 1011 275 1075 enarratoris
305 1029 373 1074 non
401 1008 641 1087 satisfecerunt,
671 1011 936 1092 reliqueruntque
963 1032 1030 1076 non
1053 1014 1283 1077 contemmendi

78 1117 198 1181 laboris
221 1117 396 1181 materiam
420 1117 460 1192 ei,
484 1118 539 1198 qui
563 1118 649 1182 hanc
673 1117 846 1182 enarrandi
870 1119 1031 1183 rationem
1055 1119 1099 1182 ad
1116 1107 1283 1200 gramma·

83 1226 177 1288 ticam
204 1231 237 1287 et
266 1223 459 1287 historicam
491 1226 701 1288 severitatem
736 1233 949 1289 revocaturus
985 1233 1045 1288 est.
1098 1225 1193 1302 Quod
1228 1228 1283 1306 qui

85 1339 153 1411 post
187 1330 401 1394 Heineckium
437 1329 528 1410 (nam
562 1330 756 1406 Heinrichii,
793 1332 852 1395 viri
888 1331 1073 1406 clarissimi,
1114 1351 1216 1412 opera
1250 1318 1283 1395 in

88 1438 191 1518 paucis
216 1437 293 1502 locis
317 1435 479 1517 substitit)
504 1437 611 1502 lacere
635 1447 772 1503 conatus
797 1445 857 1514 est,
893 1437 1026 1513 Weber,
1064 1439 1097 1501 in
1126 1439 1164 1502 iis
1193 1438 1283 1515 locis,

90 1563 163 1625 quos
196 1546 228 1606 in
263 1543 605 1608 animadversionibus
640 1543 773 1608 editioni
815 1563 884 1609 suae
923 1544 1078 1609 subiectis
1120 1546 1282 1621 tractavit,

93 1650 219 1714 voluisse
240 1650 321 1714 mihi
346 1651 450 1731 magis
474 1651 605 1715 videtur
630 1670 729 1731 quam
754 1645 946 1732 potuisse.¹)

156 1862 339 1943 committunt;
368 1881 444 1934 velut
467 1880 529 1948 quis
553 1881 622 1933 lerat
646 1880 804 1933 etiamnunc
824 1881 851 1933 in
871 1880 1075 1934 commentariis
1094 1881 1218 1949 Rupertii
1237 1878 1283 1946 (ad

157 1969 194 2031 Vl,
213 1968 276 2031 469)
299 1969 470 2023 circumferri
488 1970 642 2023 scholiastae
665 1969 693 2022 in
713 1986 742 2022 re
761 1969 904 2023 notissima
923 1986 1045 2023 errorem
1066 1969 1100 2022 de
1119 1969 1237 2038 Poppaea
1256 1968 1284 2023 in

158 2059 277 2113 exsilium
297 2058 401 2113 ulisse?

124 2142 140 2207 ¹.¹
155 2146 243 2215 Inique
266 2148 372 2202 dictum
396 2148 448 2201 hoc
472 2147 557 2201 videri
581 2154 679 2215 potest,
704 2154 777 2201 certe
797 2165 851 2200 non
877 2165 946 2216 opus
970 2147 1053 2201 luisse
1079 2147 1139 2201 dici.
1177 2147 1230 2201 Sed
1256 2148 1283 2200 in

158 2237 228 2291 iadis
251 2238 305 2291 illis
329 2237 520 2290 laudationum
543 2253 592 2305 per
611 2236 800 2304 ephemerides
820 2236 996 2290 Germanicas
1021 2237 1146 2290 sordibus
1169 2242 1197 2290 et
1220 2238 1284 2291 levi-

159 2330 208 2378 tate
230 2332 258 2379 et
283 2326 310 2379 in
336 2328 388 2380 hac
411 2326 548 2381 scribendi
573 2332 600 2380 et
629 2332 753 2379 veterum
777 2342 860 2394 opera
884 2326 982 2380 edendi
1007 2327 1152 2381 sedulitate
1176 2332 1283 2380 rectum

159 2414 217 2467 mihi
245 2415 355 2470 videtur
384 2415 521 2469 interdum
549 2431 644 2468 severe
677 2421 704 2468 et
733 2420 839 2482 aperte,
873 2431 928 2468 non
958 2415 1168 2480 contumeliose,
1200 2415 1284 2484 loqui.
1354 2409 1357 2413 ’

160 2501 245 2570 licque
264 2506 348 2567 enim,
368 2521 528 2573 quanquam
548 2504 674 2572 quaedam
695 2519 750 2557 non
764 2504 966 2557 contemnenda
979 2504 1056 2567 dixit,
1075 2504 1110 2557 ad
1122 2504 1283 2558 Iuvenalem

159 2595 336 2647 enarrandum
357 2600 406 2647 aut
425 2594 525 2647 iustam
549 2592 684 2646 sermonis
708 2593 835 2661 peritiam
860 2594 983 2647 attulisse
1007 2594 1093 2647 videri
1118 2594 1208 2657 debet,
1237 2594 1285 2662 qui

160 2678 266 2741 (adeat.
286 2683 342 2745 XV,
362 2682 398 2734 35
416 2700 442 2751 p.
461 2681 525 2744 377)
546 2683 703 2736 Iuvenalem
725 2683 861 2736 dicentem
887 2683 963 2736 facit:
992 2685 1085 2736 odiam
1108 2685 1185 2735 ardet
1208 2680 1285 2748 (urit)

163 2769 250 2823 Ombos
274 2781 298 2823 et
328 2774 457 2840 Tentyra,
486 2777 513 2824 et
542 2772 576 2824 ad
610 2773 683 2824 hunc
706 2771 890 2825 solecismum
915 2772 1049 2825 tuendum
1073 2772 1189 2824 advocat
1212 2772 1284 2839 Virg.

160 2857 247 2926 Geom.
268 2861 311 2922 IV,
336 2859 390 2912 425
415 2861 487 2924 (Iani
505 2864 623 2927 rapidus
641 2869 748 2914 torrens
772 2864 890 2913 sitientes
917 2863 1008 2913 Sirius
1032 2864 1115 2915 indos
1141 2862 1283 2927 ardebo&

159 2954 201 2999 aut
218 2950 400 3004 subtilitatem
419 2951 637 3018 grammaticam,
663 2951 709 3017 qui
734 2950 760 3002 in
781 2951 823 3002 his
842 2951 933 3003 verbis
952 2950 1019 3014 (Vll,
1042 2950 1092 3002 129
1111 2969 1136 3019 p.
1156 2949 1221 3016 274)
1246 2954 1285 3003 sic

161 3037 226 3090 Pedo
244 3042 396 3107 conturbat,
416 3041 509 3093 Matho
528 3042 623 3106 deficit,
642 3042 731 3090 exitus
749 3040 792 3090 liic
811 3047 848 3091 eat
872 3041 984 3106 Tonpili,
1010 3056 1065 3093 non
1084 3040 1159 3093 videl
1178 3045 1205 3093 et
1224 3058 1285 3094 con-

159 3128 244 3180 turbat
266 3136 292 3182 et
306 3132 393 3196 deficit
413 3129 509 3182 eodem
529 3128 611 3181 modo
630 3128 665 3180 ad
684 3128 847 3196 particulam
866 3132 905 3181 sic
924 3129 1018 3181 relerri
1035 3135 1062 3182 et
1077 3129 1179 3183 similes
1195 3131 1284 3183 exitus

159 3213 269 3269 Pedonis
289 3224 316 3271 et
335 3218 472 3270 Mathonis
491 3233 523 3269 ex
543 3217 640 3269 eadem
659 3233 742 3269 causa
756 3217 909 3284 significari,
929 3218 977 3270 sed
994 3220 1125 3270 Pedonem
1140 3219 1210 3271 alios
1225 3221 1285 3285 qai-

158 3305 210 3356 dem
233 3307 396 3359 conturbare
424 3303 462 3370 (in
491 3322 545 3373 quo
569 3307 638 3358 alios
666 3306 726 3358 illos
755 3311 783 3358 et
811 3306 955 3359 locutionis
983 3308 1145 3360 conturbare
1168 3308 1285 3374 aliquem

158 3393 378 3460 significationem
397 3396 456 3463 ipse
475 3395 572 3459 linxit),
592 3398 638 3447 sed
657 3397 812 3449 Mathonem
829 3398 938 3462 deficere
962 3396 1168 3464 interpretatar;
1189 3400 1237 3448 aut
1257 3395 1284 3448 in

157 3484 370 3550 argumentando
393 3484 563 3545 cautionem,
592 3484 639 3551 qui
663 3500 696 3536 ex
721 3500 766 3547 eo,
795 3486 869 3552 quod
893 3485 944 3537 hoc
968 3485 1028 3537 loco
1052 3485 1144 3538 Matho
1169 3484 1284 3538 delicere

158 3571 260 3636 dicitur,
279 3573 430 3627 exhaustus
443 3572 633 3626 ostentationis
648 3574 812 3641 sumptibus
833 3591 858 3641 p.
874 3573 924 3625 136
938 3574 1029 3636 elficit,
1050 3590 1174 3627 macrum
1193 3574 1284 3635 luisse,

158 3677 203 3714 nec
221 3663 384 3715 obesitatem
405 3661 491 3714 inflati
510 3662 630 3730 corporis
650 3662 677 3715 in
697 3680 729 3715 eo
748 3662 813 3714 alibi
833 3680 849 3714 a
867 3669 949 3729 poeta
968 3663 1056 3715 notari
1076 3663 1210 3730 potuisse;
1236 3667 1284 3713 aut

158 3767 243 3804 rerum
272 3752 449 3819 antiquarum
478 3751 670 3818 cognitionem,
698 3752 744 3819 qui
772 3757 834 3819 post
862 3751 1088 3804 Schurtzlleiscbii
1112 3758 1139 3804 et
1163 3749 1283 3802 Crameri

156 3840 377 3897 admonitionem,
407 3856 441 3892 ne
466 3839 617 3907 Zieglemm
642 3857 856 3893 commemorem
880 3839 926 3901 (de
952 3840 1026 3892 mim.
1052 3841 1168 3892 Roman.
1193 3856 1218 3904 p.
1239 3836 1285 3901 79)

157 3934 200 3982 aut
223 3930 358 3997 Langium
382 3928 474 3992 (Vitrd.
494 3929 618 3997 Tragoed.
638 3929 717 3982 Rom.
737 3947 763 3997 p.
785 3927 829 3991 12)
848 3936 875 3980 et
894 3929 969 3989 alios,
994 3945 1043 3996 pro
1062 3927 1168 3980 Catullo
1188 3925 1282 3978 mimo-

156 4020 254 4086 qrapho
273 4036 306 4072 ex
327 4017 475 4071 Domitiani
495 4023 575 4071 aetate
600 4034 654 4070 non
679 4018 768 4071 solum
793 4018 825 4083 Q.
846 4018 985 4071 Lutatium
1010 4016 1136 4068 tlatulum
1161 4015 1284 4068 obtrudit

155 4106 197 4169 (ad
216 4108 285 4171 VIII,
312 4107 363 4160 186
386 4125 413 4175 p.
432 4106 509 4171 295),
533 4109 590 4169 sed,
619 4109 732 4160 confuso
762 4108 904 4174 utriusque
933 4106 1057 4168 nomine,
1087 4104 1117 4169 Q.
1142 4104 1283 4156 Lutatium

157 4197 287 4250 tatullum
309 4197 369 4265 (qui
388 4214 464 4250 error
482 4197 574 4250 nescio
593 4197 666 4249 unde
679 4202 755 4248 ortus
775 4201 801 4248 et
820 4213 836 4248 a
855 4195 948 4247 multis
966 4197 1131 4260 propagatus
1151 4191 1284 4259 repetitur

157 4286 233 4339 etiam
247 4289 319 4355 apud
335 4287 474 4340 Baehrium
488 4288 515 4339 in
530 4287 591 4339 bist.
606 4286 657 4338 litt.
671 4285 750 4337 Rom.
765 4302 790 4353 p.
807 4284 857 4335 117
872 4285 913 4336 ed.
927 4283 952 4345 ⁸2,
978 4282 1023 4349 qui
1043 4281 1196 4347 Zieglerum
1216 4298 1279 4334 auc·

157 4379 238 4428 torem
272 4377 381 4439 laudat,
421 4376 500 4444 longe
538 4375 592 4428 alia
631 4373 799 4437 tradentem)
837 4379 863 4426 et.
892 4372 928 4439 (p.
954 4369 1017 4434 208)
1050 4370 1121 4422 sales
1158 4370 1283 4438 apocolo-

157 4470 292 4530 cyntoseos
317 4466 428 4518 Senecae
452 4464 559 4526 laudat,
588 4464 615 4517 in
640 4481 696 4531 qua
719 4463 849 4516 Claudius
874 4461 944 4513 inter
969 4459 1125 4512 cucurbitas
1150 4459 1284 4512 referatur

157 4550 235 4619 (quod
254 4554 299 4607 alii
320 4570 440 4622 quoque,
468 4553 515 4621 qui
539 4552 660 4625 libellum
687 4568 742 4604 non
766 4552 899 4619 legerunt,
929 4548 956 4600 in
983 4565 1015 4601 eo
1034 4547 1138 4601 narrari
1159 4546 1281 4616 putant);
