2948 5206
690 374 752 438 717

116 598 182 640 nom
212 575 360 660 iprtcrom'
391 594 434 637 eu
465 568 642 656 quesitum)
678 570 734 634 sed
764 572 831 634 vite
855 579 990 654 portum
1020 574 1118 636 otium
1150 575 1322 639 terrueritis.

117 683 279 764 Apparet,
310 681 354 745 ab
384 678 537 743 inertium
561 676 731 741 hominum
755 678 821 741 otio
844 682 1075 760 argumentum
1098 680 1173 746 duci
1197 682 1240 746 ad
1263 682 1322 748 ho·

117 793 251 854 nestum
275 786 388 869 populi
411 786 513 850 otium
536 783 749 849 laudandum.
796 784 845 847 Ex
867 788 1016 867 tempore
1039 786 1131 850 verbi
1154 787 1188 851 in
1211 789 1323 854 condi-

119 896 213 961 cione
238 895 366 958 adiecta
390 890 432 974 (si
456 925 496 935 -
520 888 707 971 terrueritis),
737 890 886 967 efficitur,
922 891 955 955 in
983 892 1139 975 primaria
1162 897 1324 959 sententia

118 1002 269 1067 futurum
292 1004 423 1082 tempus
447 999 563 1074 fuisse;
598 998 632 1062 in
661 998 722 1064 illis
751 1019 810 1084 quo
838 1018 892 1061 333
918 997 1038 1062 indicia
1066 1003 1143 1064 sunt
1171 1000 1324 1083 apodosis

119 1108 363 1190 interrogativae
387 1104 434 1187 (et
456 1105 490 1169 in
513 1125 573 1189 quo
597 1110 629 1171 et
658 1106 691 1169 in
719 1108 828 1189 positu
855 1106 1057 1188 pronominis
1085 1103 1166 1186 333);
1200 1107 1234 1170 in
1262 1109 1325 1172 hac

118 1215 258 1299 apodosi
282 1214 460 1278 adscensus
483 1212 599 1293 aliquis
623 1211 809 1276 huiusmodi
838 1212 937 1277 debet
965 1232 1046 1289 esse,
1083 1216 1120 1277 ut
1147 1214 1255 1279 minus
1283 1216 1324 1279 sit

119 1322 201 1386 illud
225 1322 355 1405 capiunt
378 1320 575 1402 uoluptatmr.
622 1318 735 1400 ltaque
766 1319 871 1384 torma
899 1319 1031 1401 quidem
1060 1321 1231 1385 sententiae
1254 1321 1325 1386 haec

119 1428 201 1493 fuit:
238 1426 324 1491 Num
347 1428 375 1490 si
398 1426 433 1507 ii,
463 1426 518 1510 qui
535 1432 668 1508 prepter
690 1424 849 1489 desidiam
872 1428 907 1489 ire
930 1428 991 1490 otio
1015 1428 1132 1509 uiuunt,
1162 1436 1268 1492 tumere
1291 1431 1326 1491 irr

118 1556 182 1601 auu
213 1536 301 1618 turpi
330 1534 448 1596 inertia
478 1533 608 1616 cupiunt
639 1533 825 1616 uoluptatem
858 1553 896 1596 66
925 1533 993 1616 ipso
1024 1535 1095 1616 otiu,
1131 1555 1240 1618 quem
1264 1557 1327 1599 333

119 1642 323 1726 fortunati
351 1640 478 1722 eritis,
513 1640 542 1702 ei
569 1639 652 1702 lunc
679 1646 806 1719 statum,
841 1659 932 1724 quem
959 1638 1080 1703 bebetis
1103 1638 1145 1722 (1)
1168 1662 1242 1705 rtem
1269 1643 1325 1727 iy-

120 1749 244 1814 33313
277 1748 497 1832 quesitum,
533 1745 599 1810 sed
633 1748 777 1809 uirtute
799 1753 960 1830 partum
989 1743 1123 1828 [otium]
1152 1749 1325 1812 terrueritis.

119 1853 206 1933 Quae
230 1853 369 1918 diductis
392 1853 507 1917 litteris
530 1852 651 1928 notavi,
675 1872 718 1916 ne
742 1853 775 1917 in
799 1853 907 1917 verbis
932 1853 1064 1934 quidem
1087 1852 1325 1919 dubitationem

120 1963 259 2028 habent.
305 1961 342 2024 In
364 1960 426 2024 illis
449 1959 571 2022 lebetis
595 1979 659 2023 6336
682 1978 797 2024 vereor
820 1980 861 2024 ne
886 1960 965 2042 quid
989 1960 1100 2023 lateat.

214 2157 252 2220 V.
298 2157 411 2221 Cicero
435 2155 477 2219 ad
501 2155 647 2219 Atticum
670 2155 693 2232 Ι,
721 2156 771 2233 13,
798 2159 828 2220 1.

215 2281 331 2364 Accepi
353 2287 426 2343 tuuc
448 2287 512 2343 tres
533 2281 601 2343 iem
623 2281 780 2363 epistolas,
809 2301 907 2344 unum
932 2301 952 2342 u
977 2278 1023 2343 M.
1049 2279 1203 2361 Carmelio,
1232 2302 1327 2365 quum

128 2387 248 2453 Tribus
274 2387 439 2467 Tabernis,
462 2393 497 2450 ut
519 2388 640 2470 opinor,
665 2388 694 2450 ei
717 2387 842 2468 dedisti,
872 2387 1017 2467 alterum,
1046 2407 1141 2470 quum
1164 2386 1244 2450 milti
1269 2387 1328 2451 Co·

125 2495 262 2560 mestuus
284 2502 357 2558 tuus
379 2493 489 2576 hospes
512 2493 665 2574 reddidit,
690 2495 827 2574 tertiam,
852 2514 958 2579 quum,
993 2500 1028 2557 ut
1051 2491 1172 2573 scribis,
1209 2514 1328 2557 3666363.

123 2603 239 2683 solutu,
270 2601 308 2664 de
324 2599 458 2684 phaselo
480 2599 597 2664 dedisti
602 2622 616 2679 ,·
650 2621 720 2686 qmoe
741 2601 875 2682 fuerunt
897 2620 1003 2662 3336663
1025 2597 1197 2663 rhetorum.
1244 2599 1329 2663 ltere

124 2709 306 2795 loquuntur,
341 2727 437 2793 quum
465 2705 675 2771 humanitatis
702 2728 825 2790 sparsae
847 2707 923 2785 sele,
959 2713 1025 2769 tum
1047 2707 1188 2790 1663196663
1211 2708 1330 2770 amoris

124 2815 218 2879 notis.

217 2921 388 3003 Epistolas,
418 2940 493 3003 quae
517 2923 685 2985 rhetorum
709 2920 881 3003 praeceptis
905 2920 1118 2997 satisfaciant,
1147 2919 1236 3003 ipsas
1260 2921 1329 2984 rte-

126 3036 232 3092 torum
263 3048 335 3106 esse,
371 3047 504 3110 prorsus
534 3027 713 3091 absurdum
745 3030 795 3091 est
823 3026 977 3109 loquendi
1006 3046 1123 3109 genum
1159 3048 1180 3090 o
1208 3027 1331 3091 rhetore

126 3134 257 3217 scriptae
280 3134 382 3198 videri
405 3138 494 3199 recte
518 3134 711 3210 dicerentur,
737 3154 757 3195 u
780 3132 958 3197 rhetoribus
980 3134 1076 3197 unius
1096 3133 1236 3198 hominis
1260 3135 1329 3216 epi·

127 3242 212 3306 stola
234 3241 287 3305 vel
307 3242 356 3305 sic
378 3241 499 3324 inepte.
546 3241 619 3304 Non
642 3239 749 3304 minus
772 3239 975 3316 inusitatum,
1012 3238 1166 3320 epistolas
1190 3240 1275 3325 toqui
1298 3244 1329 3304 et

123 3369 208 3432 pure
235 3349 335 3433 loqm'3
370 3366 430 3412 nec
457 3347 651 3429 negligenda
678 3346 836 3429 temporis
864 3345 1098 3427 discrepantia:
1132 3346 1265 3427 fuerunt
1288 3382 1330 3392 —

129 3455 308 3539 loquuntur.
355 3455 424 3518 lam
448 3473 525 3519 vero
549 3453 621 3535 ipsa
643 3453 714 3518 haec
742 3453 814 3517 laus
843 3453 916 3535 puri
945 3451 1104 3516 sermonis
1132 3452 1232 3517 Attici
1262 3454 1331 3535 epi-

115 3553 220 3626 stolis
244 3580 265 3625 a
288 3560 442 3625 Cicerone
470 3564 630 3641 tanquam
654 3579 675 3624 a
698 3560 855 3641 magistro
883 3559 953 3623 sine
983 3557 1049 3621 ulla
1077 3557 1139 3621 ioci
1168 3558 1331 3640 significa·

129 3667 217 3733 tione
242 3686 341 3749 quam
364 3686 518 3747 perverse
542 3673 575 3730 et
598 3668 708 3749 inepte
730 3666 905 3730 tribuitur?
940 3665 1097 3747 Apparet,
1121 3663 1217 3746 longe
1238 3664 1333 3729 aliter

129 3773 320 3840 Ciceronem
343 3772 521 3855 scripsisse.
568 3773 704 3856 Scripsit
727 3780 838 3838 autem
863 3772 923 3836 sic:
959 3791 1029 3856 quea
1056 3770 1189 3851 fueruit
1217 3791 1331 3851 336363,

129 3889 169 3945 ut
192 3881 388 3944 rhetorum
398 3880 515 3963 pueri
531 3880 752 3964 loquuntur,
777 3901 873 3966 quum
888 3879 1097 3943 humanitatis
1115 3897 1237 3961 sparse
1256 3879 1332 3958 sele,

130 3994 198 4051 tem
233 3987 370 4070 imiques
404 3988 524 4050 ameris
557 3988 648 4051 notis.
706 3987 775 4051 lam
810 3990 887 4069 apte
922 3990 955 4050 et
994 3988 1081 4049 recte
1116 3983 1186 4066 ipse
1221 3984 1334 4050 Cicero

130 4093 266 4168 iocatur,
301 4097 460 4174 tanquam
489 4093 533 4157 ad
560 4094 729 4158 rhetorum
757 4097 924 4176 praecepta
952 4091 1106 4173 epistolas
1133 4090 1232 4155 Attici
1256 4111 1277 4156 a
1300 4112 1334 4155 33

132 4198 216 4281 exigi
240 4201 273 4262 et
295 4198 432 4263 laudari.
473 4199 646 4263 Rbeterem
669 4205 781 4265 autem
799 4201 912 4285 pueris
934 4197 1015 4262 dixit
1038 4196 1168 4262 Graecos
1191 4198 1333 4272 imitans,

132 4306 189 4388 qui
220 4324 294 4369 cum
326 4306 399 4369 lusu
431 4306 574 4388 quodam
597 4307 685 4388 ipsos
708 4307 857 4372 rhetoras
888 4308 1007 4381 ῥητόρων
1035 4312 1141 4380 παῖδες,
1176 4286 1334 4386 tar'rquam

133 4412 300 4496 quandam
330 4413 498 4490 familiam,
535 4414 757 4495 appellabant,
793 4417 826 4477 et
854 4412 935 4478 alios
964 4411 1079 4477 eodem
1109 4411 1217 4477 modo.
1273 4413 1335 4476 Lo·

133 4519 256 4603 quendi
289 4539 392 4601 genus
431 4522 506 4601 post
540 4519 712 4584 Platonem
748 4517 858 4602 (Legg.
883 4518 940 4596 VI,
977 4518 1040 4582 769
1065 4516 1104 4599 Β)
1139 4518 1336 4583 recentiores

133 4627 309 4709 scriptores
337 4626 597 4708 frequentarunt,
633 4626 804 4703 Lucienus,
840 4625 958 4690 Sextus
988 4623 1169 4706 Empiricus
1197 4630 1336 4700 (γραμμα-
