2948 5206
667 280 732 351 399

200 475 228 543 (t
248 476 279 555 9,
302 477 346 540 22
368 479 457 541 recte
481 474 677 541 Garatonius
701 478 735 539 et
757 474 947 540 Schuetzius
970 495 1152 559 pronomen
1174 477 1211 540 id
1232 478 1302 543 tolli

86 572 91 585 '
137 582 282 660 voluerunt
304 582 444 660 illatum,
478 585 516 647 ut
538 584 635 658 esset,
670 581 759 664 quod
782 582 997 671 responderet
1019 583 1156 648 relativo
1179 603 1302 666 praece-

116 688 212 776 ¹dcuti3
239 688 351 754 Orellii
373 688 520 753 defensio
544 688 668 754 exitum
691 708 758 755 non
780 689 897 764 habet3
931 708 1010 753 narn
1033 689 1079 767 id,
1109 689 1137 754 si
1160 689 1302 772 ponitur,
1412 768 1421 787 ο

136 795 198 861 uliud
215 795 357 879 postulat
378 795 593 878 praedicatum
616 815 678 860 nec
705 798 815 878 potest
842 794 908 859 ullo
935 795 1034 860 modo
1063 797 1092 859 ei
1120 796 1202 873 voci,
1237 816 1303 879 qua

135 904 210 966 tolum
230 905 323 967 retus
351 901 536 966 institutum
563 901 773 984 significetur,
808 921 869 984 per
901 902 1139 984 appositionem
1171 901 1302 985 adiungi

135 1005 224 1073 imus.
266 1008 463 1073 Pronomine
487 1009 607 1074 omisso
630 1008 776 1073 brevitas
799 1009 945 1073 nascitur
972 1009 1071 1090 paulo
1095 1009 1227 1091 quidem
1250 1010 1303 1074 vel

136 1113 168 1177 sic
189 1114 299 1194 durior,
334 1115 393 1180 sed
424 1135 445 1180 a
475 1115 639 1181 Ciceronis
669 1134 731 1180 usu
762 1134 829 1179 non
859 1117 1002 1191 remota3
1036 1115 1182 1182 debehat
1216 1117 1303 1182 enim

135 1219 229 1301 plenius
250 1223 297 1287 sic
321 1223 399 1286 dici:
427 1221 464 1285 id
486 1221 663 1287 tetricano
686 1223 722 1286 in
744 1222 868 1286 eopeale
891 1242 954 1286 non
975 1223 1104 1304 valeret,
1131 1230 1167 1287 ut
1189 1225 1218 1287 ei
1241 1226 1302 1288 cet.

135 1324 181 1390 Sed
197 1346 291 1410 quum
313 1329 509 1411 generaliter
531 1348 626 1394 orsus
650 1331 747 1406 esset,
771 1328 883 1393 statim
907 1328 1049 1411 speciale
1065 1329 1213 1407 subiecit,
1237 1349 1303 1413 quo

135 1430 223 1509 itui
248 1435 409 1517 generalis
439 1434 602 1501 sententia
628 1455 695 1500 non
725 1435 969 1511 accuratissime
993 1455 1068 1500 cum
1092 1436 1224 1519 reliquis
1248 1456 1302 1502 co·

135 1536 240 1618 hereum
273 1560 380 1624 neque
410 1543 496 1606 enim
524 1543 558 1606 in
585 1543 724 1625 privato,
759 1544 797 1606 ut
824 1543 954 1619 consuli,
989 1543 1047 1607 sed
1075 1546 1112 1607 ut
1135 1544 1164 1606 ei
1187 1544 1303 1608 domus
1436 1572 1439 1577 >

136 1646 234 1712 erilium
257 1654 353 1725 esset,
388 1650 555 1712 servatum
584 1650 665 1713 crat.
712 1646 999 1726 Quemadmodum
1030 1650 1083 1714 hic
1110 1651 1144 1713 in
1166 1650 1303 1715 demon-

136 1753 238 1819 strativa
258 1754 431 1831 sententia,
456 1755 502 1819 ita
524 1754 557 1819 in
580 1754 717 1819 relativa
732 1754 873 1837 speciale
889 1755 1000 1820 statim
1016 1755 1158 1838 ponitur,
1182 1757 1304 1822 omisso

136 1860 254 1938 pueroli,
276 1862 311 1925 in
333 1861 347 1924 l
370 1861 412 1925 de
435 1862 532 1943 Legg.
557 1861 587 1938 7,
611 1861 670 1925 23:
696 1859 738 1924 El
761 1862 844 1947 qaod
866 1863 1102 1927 incipientibus
1125 1864 1303 1946 cenationi·

136 1959 174 2027 lea
188 1966 384 2047 familiarum
407 1967 647 2052 dietinpuuntur
669 1974 781 2049 natus,
809 1968 846 2031 id
873 1971 909 2033 in
936 1990 1045 2033 rerum
1072 1975 1302 2058 naturatum

135 2075 166 2131 ot
180 2073 421 2158 mapnificenties
444 2077 516 2151 cet,
535 2074 574 2139 id
597 2076 657 2152 cst,
681 2076 718 2138 ut
741 2073 882 2139 Orellius
906 2075 1061 2157 explicat:
1098 2074 1140 2139 El
1163 2075 1246 2161 quod
1268 2078 1302 2139 in

135 2174 279 2244 peccas
307 2179 354 2262 fit,
385 2187 420 2244 ut
451 2215 491 2225 -
521 2180 771 2265 dielinpuantur.
818 2179 900 2262 [cfr.
923 2181 1064 2264 Philipp.
1087 2181 1153 2258 vil,
1177 2182 1208 2258 8,
1232 2180 1302 2263 22]

135 2276 250 2363 Apparet
271 2286 358 2351 hanc
380 2305 454 2352 esse
477 2285 583 2368 ipsam
601 2306 736 2352 causam
752 2288 954 2370 pronominis
970 2287 1053 2373 quod
1067 2306 1128 2370 pro
1142 2287 1301 2369 particula

134 2391 253 2469 prendi,
283 2394 375 2457 cuius
399 2393 432 2458 in
455 2393 517 2458 hoc
540 2394 620 2471 loco,
655 2395 748 2458 utin
772 2394 843 2458 aliis
866 2394 1039 2471 nonnullis
1075 2394 1230 2476 ambigua
1253 2400 1303 2458 est

135 2492 158 2553 ll
175 2514 206 2561 er
226 2502 363 2581 utroque
388 2500 529 2565 conflate
551 2502 651 2566 notio.

198 2604 227 2669 C.
252 2607 303 2683 10,
335 2606 388 2682 24,
421 2606 478 2669 ubi
505 2606 627 2671 editur:
662 2628 694 2671 oe
725 2628 796 2671 cum
827 2607 885 2670 telo
915 2607 1026 2688 fuisse,
1065 2606 1121 2670 Cn.
1145 2606 1301 2690 Pelope-io,

134 2720 223 2774 ummo
245 2720 272 2776 et
295 2713 472 2777 durissimo
495 2714 566 2794 cici,
595 2715 662 2777 suis
684 2713 831 2777 monibus
854 2733 956 2777 necem
980 2712 1096 2795 offerre
1118 2713 1259 2791 coluisse,
1284 2734 1302 2776 c

134 2810 185 2876 tud.
202 2815 271 2882 Par.
301 2816 434 2901 (Naug.)
457 2825 490 2883 et
512 2819 608 2884 Bern.
633 2820 841 2885 scribendum
865 2823 928 2883 est:
957 2819 1068 2902 fuisse,
1091 2827 1220 2883 inertem
1245 2819 1301 2884 Cn.

135 2909 249 3003 P⁰upeio
280 2958 323 2969 —
354 2924 469 3007 afferre
498 2927 640 2990 colu-ioue.
686 2925 795 3005 Quum
824 2927 857 2990 in
886 2926 1051 2991 codicibus
1075 2927 1227 2990 secundae
1251 2926 1301 2989 fa-

134 3020 204 3090 uiiae
223 3048 333 3096 errore
356 3032 529 3096 excidisset
551 3039 689 3110 mortem,
713 3032 747 3096 in
770 3033 883 3114 primis
898 3032 1094 3097 editionibus
1111 3032 1300 3114 supplendae
1316 3047 1356 3087 ⁵1⁵

133 3133 258 3200 orationis
281 3157 382 3203 causa
405 3138 553 3202 additum
577 3139 717 3202 alterum
746 3143 806 3217 est,
841 3140 929 3221 quod
958 3159 1064 3221 neque
1094 3139 1128 3202 in
1156 3139 1222 3203 Eri.
1251 3145 1301 3204 est

133 3246 211 3318 neque
232 3242 265 3306 in
288 3244 354 3308 ullo
377 3243 621 3309 Oxoniensium.
666 3246 831 3310 Praeterea
854 3250 958 3310 totum
982 3246 1078 3310 huius
1102 3245 1216 3327 capitis
1240 3245 1300 3309 ini-

132 3335 192 3408 lilun
210 3349 293 3413 male
317 3350 575 3432 interpungendo
599 3352 790 3416 distractum
815 3353 943 3416 esseio
967 3351 1172 3427 editionibus,
1197 3370 1300 3433 appa-

132 3449 178 3525 ret;
204 3474 279 3520 uam
303 3460 345 3532 et,
375 3459 411 3520 ui
439 3476 525 3520 nunc
547 3459 717 3522 sententiae
740 3458 926 3541 iunguntur,
956 3478 1140 3542 nonquam
1164 3492 1206 3502 -
1224 3478 1300 3540 pra

131 3546 241 3638 itteris,
277 3565 310 3626 et
337 3566 408 3627 tum
437 3564 608 3640 collocaris,
644 3564 818 3628 dicendum
848 3569 928 3642 erat,
963 3564 1022 3628 scd
1039 3563 1246 3647 produxisses
1269 3568 1302 3626 et

131 3658 288 3746 llllocaeem
314 3673 346 3733 et
369 3669 439 3734 illa:
463 3691 522 3755 quo
547 3706 586 3713 -
612 3673 705 3734 ceteri
727 3671 848 3736 tribuni
865 3670 968 3754 plebis
985 3671 1148 3754 principes
1165 3671 1302 3733 ciuitatis

128 3770 271 3840 lroducere
294 3784 481 3840 consuerunt
504 3780 638 3858 propter
661 3796 801 3858 sequens
826 3777 879 3854 idi,
915 3778 1003 3859 quod
1032 3777 1064 3839 in
1093 3776 1202 3839 media
1225 3795 1300 3840 sen·

132 3869 207 3942 tentia
231 3883 414 3947 necessario
444 3883 482 3946 iis
511 3883 672 3947 artissime
704 3883 947 3965 adiungendum
972 3887 1030 3960 est,
1061 3882 1257 3946 divelluntur
1280 3904 1300 3946 a

133 3980 212 4049 uerbis
238 3990 272 4052 in
301 3989 367 4070 illc,
403 3991 542 4074 inquam,
578 3997 735 4074 aliqui-ato
764 3990 875 4073 templo
900 4011 937 4052 ac
960 3990 1033 4066 loca,
1071 4010 1143 4071 quae
1167 3991 1300 4070 propter

135 4096 187 4150 0³¹ss
205 4095 300 4160 solam
324 4116 459 4161 causam
483 4096 589 4179 posita
612 4101 699 4173 sunt,
724 4105 760 4159 ut
783 4097 838 4160 illa
858 4097 1121 4178 adiungerentur.
1157 4096 1299 4160 Coniun-

137 4194 214 4263 ltssda
232 4200 299 4267 haec
321 4208 398 4267 sunt
421 4222 494 4267 curn
525 4208 672 4267 extrema
702 4204 877 4284 superioris
902 4203 1015 4284 capitis
1038 4206 1132 4284 parte
1156 4206 1243 4267 hunc
1266 4204 1297 4266 in

138 4297 252 4370 modum:
271 4309 414 4391 fuerisne
437 4316 527 4373 lanio
550 4310 744 4389 crudelitate,
776 4318 808 4372 nl
831 4309 961 4372 delectos
986 4310 1068 4372 eiras
1091 4316 1118 4372 et
1136 4310 1299 4392 principes¹

140 4397 241 4473 licitatio
259 4416 362 4479 tollere
392 4424 418 4480 et
448 4416 551 4480 delere
579 4424 635 4480 tna
660 4418 820 4499 repectione
843 4437 1002 4495 conarere,
1038 4436 1134 4499 prtum
1162 4413 1208 4496 (id
1238 4419 1296 4485 esi,

141 4520 182 4581 pc
198 4518 304 4595 quidem
327 4521 475 4607 tempore)
499 4523 538 4586 L.
571 4522 715 4604 Vettium,
751 4525 806 4607 qni
833 4525 868 4586 in
895 4529 1007 4586 eenole
1030 4521 1189 4603 confessus
1212 4529 1297 4602 esset,
