2948 5206
671 281 736 345 411

143 475 254 540 lisonem
278 473 425 555 iniquum
448 474 481 538 in
506 474 591 539 cives
614 475 782 541 Romanos
811 475 912 541 fuisse
935 478 1091 560 queritur.
1137 477 1209 543 Hoc
1232 479 1302 544 loeo

143 581 234 645 crimini
252 578 363 646 Pisoni
385 579 453 657 dat,
489 580 577 662 quod
605 583 738 647 omnino
767 585 800 646 in
823 582 927 648 libera
951 585 1091 662 civitate,
1127 603 1200 667 quae
1224 604 1301 650 suas

141 686 202 769 leges
220 686 490 769 magistratusque
513 686 652 751 haberet
679 707 740 753 nec
770 689 813 753 ad
841 690 1073 771 provincialem
1100 691 1328 772 proconsuliss

140 792 357 858 iurisdietionem
380 793 559 875 pertineret
581 791 653 875 (eir.
676 794 762 859 Piui.
786 795 900 878 Pomp.
927 794 992 877 10),
1016 798 1066 861 ius
1089 798 1216 863 dixerit.

200 899 358 964 diffieilior
381 902 431 963 est
459 900 549 964 loeus
578 900 669 965 initio
692 920 720 965 c.
742 901 775 978 4,
805 902 825 965 6
855 902 896 966 de
919 902 1092 985 Byzantiis,
1128 923 1226 985 quern
1254 905 1301 969 sie

139 1005 259 1088 scriptum
283 1008 316 1071 et
339 1007 438 1071 ceteri
462 1006 564 1070 edunt
587 1009 620 1070 et
642 1006 797 1071 Oreliius:
836 1010 913 1090 Qua
936 1009 1054 1093 (signa)
1083 1011 1132 1073 iiii
1155 1009 1301 1075 exhausti

139 1112 277 1196 aupiiiuu
300 1112 447 1197 bellisque
468 1114 629 1194 maximis,
656 1135 752 1198 quum
775 1113 1012 1179 Mithridaticos
1034 1117 1168 1199 impetus
1190 1123 1300 1181 totum·
1324 1139 1331 1151 ·

139 1237 179 1301 qua
195 1218 318 1284 Pontum
349 1227 511 1284 armatum
538 1219 784 1302 effervescentem
813 1223 848 1284 iu
876 1221 990 1285 Asiam
1018 1228 1110 1308 atque
1138 1243 1300 1308 erumpen-

138 1328 186 1405 tem,
212 1346 289 1409 agre
321 1327 484 1410 repuimm
514 1334 543 1390 et
572 1326 742 1390 cervicibus
770 1328 974 1392 interclusum
1001 1330 1069 1392 suis
1101 1319 1299 1410 manaae,

140 1434 193 1511 ium,
210 1434 346 1518 iuquam,
375 1433 530 1518 Byzantii
558 1441 586 1498 et
610 1441 722 1517 postea
743 1435 846 1518 sigua.
859 1435 918 1497 iiia
941 1436 1115 1520 etreliqua
1137 1435 1228 1500 urbis
1249 1457 1299 1500 or-

138 1546 250 1603 namenta
267 1534 479 1605 'semustae
513 1540 668 1604 mstodita
702 1547 877 1605 tenuerunt.
936 1541 1000 1606 Sed
1035 1543 1067 1606 in
1102 1561 1181 1606 voce
1217 1564 1300 1627 aegre

137 1645 275 1710 mutata
298 1649 428 1712 tenetur
450 1647 672 1730 interpolatim
696 1666 773 1712 nam
795 1647 832 1723 P,
856 1646 925 1712 Pal.
950 1648 970 1711 9
994 1651 1027 1711 et
1050 1648 1114 1713 duo
1138 1649 1202 1727 alii,
1227 1650 1297 1714 cod.

136 1745 281 1834 CStepb,
317 1753 428 1832 Barb.,
463 1753 568 1818 Oxou.
597 1773 682 1817 unus
710 1753 835 1817 habent
858 1775 920 1831 ore,
956 1774 1016 1837 pro
1040 1754 1162 1835 quoin
1186 1755 1298 1820 Erfur-

135 1854 200 1934 iensi,
226 1858 391 1942 duplicata
413 1859 531 1938 littera,
563 1859 714 1924 scribitur
736 1880 831 1923 mora.
842 1855 868 1941 ¹)
914 1859 976 1938 Qui
999 1860 1169 1943 diligenter
1192 1865 1297 1927 atten-

135 1956 200 2040 den'i
226 1965 374 2048 reperiet,
407 1965 596 2030 Ciceronem
620 1966 776 2031 hocloco
800 1970 832 2030 et
855 1966 887 2031 in
911 1967 1124 2049 ambiguitate
1147 1969 1298 2033 vocabuli

135 2062 214 2135 indere
234 2076 266 2137 ei
288 2072 431 2155 imagine
454 2073 497 2137 ad
526 2077 673 2138 nostrum
703 2092 835 2137 sensum
864 2073 960 2137 nimis
988 2075 1106 2138 audaci
1137 2094 1175 2138 ac
1202 2095 1297 2157 paene

134 2173 306 2244 subabsurda
328 2180 387 2255 uti,
423 2179 553 2260 qualem
581 2199 682 2244 unam
714 2183 747 2243 et
769 2180 908 2243 alteram
931 2181 964 2243 in
988 2179 1151 2245 Ciceronis
1175 2182 1296 2246 oratio·

134 2278 201 2347 nibus
219 2304 289 2350 esse
308 2285 545 2351 confiterentur
569 2285 663 2350 facile
686 2285 849 2367 philologi,
885 2285 912 2348 si
941 2285 1042 2350 libere
1066 2289 1107 2352 de
1130 2289 1296 2354 veteribus

134 2386 295 2456 einamma
322 2392 365 2457 de
392 2393 455 2457 hoc
483 2393 641 2474 scriptore
671 2391 814 2456 iudicare
846 2393 1015 2457 auderent.
1024 2389 1051 2473 ²)
1096 2394 1180 2459 Nam
1209 2396 1296 2460 Pou-

133 2490 181 2557 itm
198 2502 226 2560 et
245 2518 384 2580 regnum
408 2499 603 2564 Mithridatis
627 2501 811 2579 terrasque,
827 2498 870 2562 ad
901 2499 1063 2564 Euxinum
1095 2520 1186 2566 mare
1216 2501 1296 2567 sitas

133 2594 244 2686 intelligit
267 2609 300 2669 et
322 2605 420 2669 simul
444 2605 551 2686 ipsum
576 2624 676 2681 mare,
713 2609 745 2669 et
775 2605 859 2669 iliius
891 2607 976 2686 regis
1007 2607 1165 2688 impetum
1195 2610 1295 2674 maris

133 2704 280 2776 vehementr·
315 2716 398 2777 aestu
433 2711 656 2793 efferuesceutis
691 2717 723 2775 et
758 2713 948 2794 erumpentis
986 2712 1165 2794 Asiamque
1199 2716 1295 2779 inun-

134 2806 210 2879 imis
229 2820 369 2900 imagine
398 2819 567 2900 significat.
613 2819 751 2883 Prorsus
781 2819 926 2882 eiusdem
956 2822 1006 2882 esi
1034 2822 1171 2900 generis,
1207 2823 1296 2904 quod

134 2911 237 2988 iotam
265 2926 328 2989 hac
356 2927 428 3008 ipsa
457 2927 602 2991 oratione
632 2945 659 2989 c.
687 2926 736 3000 12,
765 2926 805 2989 31
836 2927 938 2989 rasoris
968 2927 1113 2990 iturae-usi
1137 2927 1295 3008 feruorem

134 3039 176 3087 tou
191 3032 279 3094 coium
309 3034 488 3096 maritimos
517 3054 638 3113 curcua,
672 3032 727 3096 sed
755 3031 846 3095 urbes
875 3034 970 3095 eiiam
999 3040 1026 3094 et
1049 3033 1118 3096 aias
1140 3034 1320 3098 utiiitoresr

136 3132 233 3200 iuuisse
255 3138 342 3215 dicit,
379 3139 550 3220 praedones
579 3139 613 3202 in
641 3142 763 3202 terram
788 3158 918 3220 quoque
942 3158 1088 3220 egressos
1112 3159 1183 3203 esse
1206 3141 1294 3203 vias-

138 3253 179 3314 que
197 3243 354 3308 obsedisse
377 3245 572 3325 significans.
619 3245 741 3308 Eodem
772 3244 871 3308 etiamr
898 3245 1037 3326 feruoris
1068 3247 1199 3310 nomine
1231 3248 1293 3311 uti-

137 3341 206 3428 nrt)
242 3351 307 3415 Nec
338 3351 433 3414 valde
463 3355 512 3415 est
542 3351 716 3425 diversum,
752 3351 779 3414 si
814 3350 986 3414 audaciam
1022 3355 1055 3414 et
1089 3352 1293 3417 insolentiam

139 3514 361 3536 g...-

159 3637 175 3705 ¹l
187 3646 205 3699 i
218 3652 304 3705 ceteris
322 3650 446 3720 proiecto
465 3666 520 3703 non
540 3651 695 3719 discrepant
714 3651 874 3713 Beruenses
898 3652 946 3704 sed
971 3651 1038 3704 nibil
1062 3656 1224 3704 annotatum
1244 3657 1292 3705 est.

160 3725 233 3801 'lipsa
253 3740 303 3802 ilia,
331 3756 393 3807 quae
421 3739 552 3807 sequitur,
581 3740 730 3793 vehemens
754 3741 859 3794 Pisonis
884 3741 1006 3794 absentis
1030 3740 1158 3793 allocutio
1187 3739 1214 3793 in
1242 3741 1293 3793 hac

191 3829 304 3882 unctoria
330 3828 526 3881 deliberatione
554 3828 650 3881 similis
679 3835 721 3882 cst
745 3830 896 3883 multorum
922 3830 1037 3883 aliorum
1062 3830 1184 3882 locorum
1204 3829 1231 3882 in
1251 3829 1293 3881 iris

193 3915 344 3981 unionibus,
373 3933 434 3985 quae
462 3921 524 3985 post
547 3918 673 3971 exsilium
694 3920 794 3972 babitae
812 3925 885 3982 sunt,
915 3919 1055 3981 tumidius
1073 3918 1238 3986 scriptorum
1265 3917 1293 3970 in

194 4010 299 4070 ittpetm
321 4007 472 4060 eorundem
496 4007 640 4060 hominnm
663 4008 849 4070 insectatione,
879 4008 1028 4061 earundem
1056 4024 1148 4060 rerum
1176 4023 1293 4059 comme

195 4094 326 4149 monnone.

168 4161 183 4231 'l
195 4175 262 4233 uae
274 4186 375 4250 feram
392 4189 545 4239 maritimos
563 4203 661 4238 aureus
679 4190 765 4238 teneri
782 4188 804 4239 si
824 4186 852 4239 in
872 4191 1002 4254 quattuor
1016 4185 1124 4238 illarum
1138 4183 1292 4236 orationum

198 4262 267 4334 diqua
281 4275 409 4343 scriptum
429 4274 532 4338 inisset,
553 4281 669 4342 quantos
688 4276 803 4329 Waifius
827 4276 960 4327 clamores
984 4274 1140 4327 excitasset!
1170 4272 1204 4325 Et
1226 4288 1293 4324 sane

198 4345 250 4407 itit
263 4357 357 4416 dictum
376 4379 432 4416 non
452 4369 506 4421 est;
535 4369 576 4416 est
595 4369 688 4417 tamen
707 4365 851 4426 Ciceronis,
881 4369 906 4416 ei
930 4368 994 4416 sunt
1017 4363 1070 4415 alia
1089 4361 1196 4414 similia.
1234 4360 1292 4413 Non

199 4432 289 4501 libenter
304 4451 359 4504 baec
378 4452 533 4514 audientur,
553 4453 600 4505 sed
620 4452 735 4505 dicenda
754 4459 818 4506 sunt
831 4453 987 4521 aliquando,
1007 4451 1138 4520 quoniam
1151 4466 1216 4503 vera
1228 4454 1293 4502 suni

201 4529 220 4574 ⁰¹
234 4534 284 4596 quia
300 4555 391 4594 eorum
411 4540 580 4608 ignoratione
599 4547 713 4595 erratur.
