2956 5190
626 273 688 338 187

54 469 161 532 totam
185 486 254 532 rem
278 466 444 549 publicam
468 470 620 532 accurate
636 467 836 551 descriptam
856 467 974 551 (curiis,
998 467 1163 551 gentibus)
1186 473 1252 533 ter-

54 572 281 656 minatamque
313 573 406 655 quasi
437 573 601 655 quandam
630 575 870 656 possessionem
900 596 1106 640 communem
1135 576 1252 640 civium

55 684 223 745 servatam
247 681 411 762 respuisse
434 698 566 744 omnem
582 683 856 763 peregrinitatem,
881 683 1077 765 omninoque
1095 683 1252 748 eiusmodi

56 788 215 863 civitates,
240 787 353 869 quales
376 787 496 851 ltalicae
520 787 582 851 illae
606 787 746 866 iuerrmt,
772 809 872 871 quum
888 791 1029 871 prunum
1047 808 1082 853 se
1101 809 1121 853 a
1138 791 1253 853 ceteris

54 892 268 971 seiunxerint,
303 893 460 976 quamdiu
488 893 686 974 adolescant,
721 895 873 960 omnibus
897 897 996 960 etiam
1019 915 1106 960 nunc
1129 895 1253 960 civibus

55 1020 134 1066 vere
157 1001 204 1065 rei
226 999 367 1082 publicae
389 1001 656 1067 administranda
679 1002 902 1086 participibus,
926 1003 1067 1068 acriores
1091 1022 1163 1068 esse
1184 1022 1254 1069 suae

54 1108 265 1190 proprietatis
289 1105 451 1171 custodes.
486 1107 606 1173 Verum
631 1113 751 1189 tamen,
776 1130 877 1190 quum
900 1111 946 1174 ita
964 1112 1073 1173 essent
1090 1109 1134 1173 illi
1152 1112 1254 1174 homi·

53 1232 114 1279 nes
139 1214 276 1287 subacti,
312 1216 348 1276 ut
379 1232 492 1278 eorum
522 1235 575 1279 res
606 1216 737 1299 publica
768 1218 801 1280 et
832 1217 944 1280 civitas
974 1216 1151 1295 tolleretur,
1188 1216 1254 1282 suis

54 1319 212 1384 institutis
243 1324 276 1384 et
306 1320 375 1384 iure
399 1320 518 1402 privati
540 1322 699 1387 Romanis
729 1323 854 1404 legibus
886 1322 933 1386 uti
965 1324 1166 1404 cogebantur
1195 1343 1255 1388 nec

54 1425 156 1491 aliam
181 1425 350 1492 habebant
373 1427 537 1492 civitatem
567 1448 665 1510 quam
689 1429 885 1504 Romanam,
921 1432 953 1492 et
981 1429 1140 1494 hactenus
1169 1431 1255 1494 cives

54 1536 152 1598 erant
163 1533 315 1612 Romani,
333 1534 403 1599 sine
420 1533 487 1598 ulla
504 1537 597 1617 parte
613 1536 660 1599 rei
677 1535 816 1617 publicae
835 1535 1112 1600 administrandae.
1147 1536 1255 1617 Atque

54 1640 132 1706 hinc
164 1645 197 1705 et
230 1647 391 1722 praeterea
426 1660 465 1704 cx
501 1640 645 1718 advenis,
682 1643 737 1723 qui
771 1642 956 1724 singulatim
992 1646 1254 1724 aggregarentur,

55 1748 319 1830 antiquissimam
342 1748 472 1830 plebem
496 1747 682 1812 Romanam
705 1751 811 1812 ortam
835 1768 908 1813 esse
930 1751 963 1812 et
989 1749 1108 1842 populo
1133 1768 1173 1812 ex
1196 1769 1255 1831 pa·
1322 1781 1325 1788 ·

55 1855 158 1919 triciis
182 1854 417 1936 clientibusque
442 1854 603 1918 constanti
626 1854 825 1933 adiunctam,
849 1855 1027 1938 probabilis
1052 1862 1101 1918 est
1124 1859 1255 1919 senten·

54 1959 113 2038 tia,
149 1963 196 2024 ita
230 1964 267 2025 ut
301 1964 435 2043 propter
469 1960 665 2042 singularem
701 1981 845 2040 causam,
881 1981 979 2043 quam
1014 1980 1101 2025 nunc
1137 1962 1256 2025 frustra

55 2068 242 2149 investiges,
277 2067 482 2131 Albanorum
510 2067 654 2131 Romam
683 2068 907 2132 traductorum
936 2068 1059 2148 aliquot
1087 2071 1200 2150 gentes
1224 2069 1256 2132 in

56 2175 212 2256 patricios
235 2175 346 2238 statim
370 2173 495 2237 allectae
518 2173 626 2255 putari
650 2174 802 2256 debeant,
827 2195 866 2239 ea
890 2178 1010 2246 autem,
1035 2192 1108 2255 quae
1132 2172 1173 2236 de
1195 2193 1256 2254 pa·

55 2282 226 2346 triciarum
249 2279 395 2363 gentium
419 2299 556 2344 numero
579 2300 599 2344 a
623 2280 802 2363 Tarquinio
820 2282 930 2346 Prisco
953 2283 1049 2344 aucto
1072 2279 1255 2355 traduntur,

55 2387 222 2470 pertinere
245 2387 288 2451 ad
311 2394 441 2470 partem
466 2386 608 2468 aliquam
633 2386 819 2452 huiusmodi
837 2387 953 2452 civium
972 2387 1006 2451 in
1023 2387 1155 2469 plenum
1180 2386 1256 2449 civi-

56 2493 135 2558 tatis
159 2494 210 2558 ius
233 2488 448 2576 receptam.¹)
494 2493 560 2557 Sed
584 2513 623 2558 ex
652 2514 716 2575 quo
747 2495 840 2577 plebs
873 2495 1034 2575 descripta
1067 2497 1116 2556 est
1148 2496 1180 2556 et
1209 2492 1256 2555 rei
1271 2507 1309 2546 ²³1

57 2599 198 2682 publicae
222 2601 386 2683 particeps
411 2620 482 2665 esse
506 2602 614 2683 coepit,
650 2621 691 2665 ne
719 2602 752 2664 irr
782 2622 853 2667 eam
884 2601 1013 2684 quidem
1046 2600 1138 2663 iacile
1162 2618 1256 2681 pere-

56 2707 140 2790 grini
170 2708 425 2790 recipiebantur;
460 2727 538 2772 nam
571 2708 715 2773 Claudiae
746 2710 851 2773 tribus
882 2706 1052 2789 singularis
1084 2709 1133 2770 est
1162 2706 1255 2781 ratio,

86 2936 109 3007 ¹)
128 2939 187 2995 Lis.
206 2940 231 3004 l,
259 2938 306 3004 30;
334 2939 413 2993 Dion.
432 2939 478 3002 lll,
505 2936 553 3003 29,
581 2939 629 3007 qui
652 2939 686 2991 de
709 2937 752 2991 bis
775 2941 848 2991 recte
872 2934 934 3002 (111,
961 2934 1019 3001 31):
1046 2937 1102 2993 ταῖς
1118 2931 1258 3005 Ῥωμαίων

131 3027 229 3095 φυλαῖς
247 3028 291 3079 καὶ
310 3034 451 3097 φρατρίανς
468 3025 617 3079 ἐπιδιεῖλεν.
654 3027 741 3090 Patet,
765 3026 978 3080 Niebuhrianam
1002 3042 1046 3078 me
1070 3026 1126 3079 lere
1151 3030 1258 3078 senten·

129 3117 198 3171 tiam
216 3119 251 3172 de
269 3118 357 3187 plebis
375 3117 479 3186 origine
497 3116 575 3185 sequi
594 3121 621 3169 et
640 3115 701 3169 ideo
720 3115 830 3169 brevius
850 3115 948 3169 dicere.
984 3113 1037 3167 Sed
1061 3113 1124 3168 huic
1148 3130 1258 3182 quoque

129 3208 273 3261 sententiar
297 3208 386 3262 multa
408 3207 447 3261 ita
469 3205 602 3269 adiunxit,
630 3209 661 3258 ut
684 3208 711 3258 et
734 3203 785 3257 sibi
808 3220 907 3273 parum
931 3208 1068 3257 constaret
1090 3207 1117 3256 et
1141 3203 1257 3257 aliorum

130 3312 296 3350 consensum
315 3297 468 3366 impediret,
493 3296 569 3349 velut
587 3293 655 3347 illud
673 3291 709 3360 (ll
727 3310 754 3361 p.
773 3292 846 3359 506),
871 3293 899 3346 in
918 3293 1045 3346 omnibus
1064 3291 1148 3345 ltaliae
1167 3292 1258 3346 civita·

130 3385 205 3440 tibus
223 3386 333 3454 plebem
358 3383 512 3454 apatriciis
536 3384 690 3437 seiunctam
713 3383 804 3447 inissa
833 3399 891 3437 rem
916 3398 1005 3450 neque
1029 3381 1191 3435 testimoniis
1215 3381 1258 3434 fir·

131 3479 236 3529 matam
254 3491 346 3544 nequo
364 3473 574 3528 convenientem
593 3470 685 3536 initiis,
713 3471 786 3525 unde
810 3475 868 3524 erat
891 3470 1042 3540 proiectum
1071 3487 1161 3539 neque
1184 3470 1257 3523 euim

128 3579 226 3618 omnes
244 3564 330 3618 ltalia
348 3562 472 3617 civitates
491 3579 532 3625 eo,
555 3577 610 3629 quo
634 3559 732 3625 Roma,
756 3560 837 3613 modo
857 3566 1036 3614 excreverunt
1055 3558 1178 3612 finitimis
1196 3558 1258 3611 sub-

128 3652 205 3706 actis.
242 3652 340 3706 Ortum
359 3653 412 3705 boc
429 3667 463 3705 ex
482 3650 622 3704 communi
640 3649 688 3703 illo
710 3650 794 3714 tonte,
819 3665 902 3718 quem
925 3665 1009 3718 supra
1031 3647 1256 3701 commemoravi:

128 3740 202 3794 bella
220 3740 375 3794 distributio
394 3740 429 3794 ad
447 3756 544 3794 omnes
562 3741 678 3809 populos
697 3738 889 3793 transferenda
905 3737 1057 3791 videbatur.
1096 3735 1189 3790 Simile
1208 3740 1256 3798 est,

128 3845 226 3885 ornnes
244 3829 372 3899 patricios
390 3845 470 3898 equo,
498 3845 594 3883 omnes
617 3829 738 3898 plebeios
762 3828 869 3897 pedites
892 3827 1024 3881 militasse
1046 3830 1108 3894 post
1133 3824 1257 3879 Serrium

128 3917 250 3972 Tullium
256 3938 263 3983 ;
286 3918 364 3972 cuius
387 3919 504 3973 instituti
523 3919 646 3972 naratio
665 3917 777 3986 quidem
795 3916 941 3985 excogitari
960 3916 1053 3984 possit,
1076 3915 1129 3968 nisi
1152 3918 1258 3967 statuas

128 4006 319 4061 Romanorum
337 4006 415 4060 initio
434 4008 540 4061 nullum
560 4006 643 4061 luisse
662 4005 823 4075 peditatum.
861 4004 914 4059 Sed
932 4004 1066 4073 placabat,
1085 4002 1195 4056 ordines
1208 4017 1258 4070 per

129 4095 223 4148 omnia
242 4093 367 4165 disiungi.
404 4095 517 4149 Plebem
536 4112 569 4148 er
588 4095 630 4148 his
649 4094 759 4148 adscitis
778 4093 883 4146 civibus
903 4093 1019 4147 crevisse
1044 4091 1086 4145 rel
1111 4090 1257 4159 Dionysius

128 4184 223 4237 scribit
242 4184 275 4248 ll,
300 4183 347 4238 62:
376 4178 411 4245 ἢν
433 4182 464 4235 δέ
484 4201 508 4234 τι
531 4187 577 4234 τοῦ
601 4182 747 4253 δημοτικοῦ
768 4185 849 4251 μέρος
873 4177 921 4232 οὐκ
939 4177 1031 4249 ὀλίγον
1049 4179 1079 4232 ἐκ
1096 4183 1150 4229 τῶν
1169 4177 1258 4229 νεωστὶ

128 4268 364 4342 προσεληλυθότων
385 4272 557 4341 munitula,
580 4269 596 4322 d
619 4267 665 4321 aad
688 4267 716 4322 τὸ
737 4267 854 4340 μηδενὸς
878 4267 1049 4339 συνάρασθαι
1073 4271 1109 4337 τῷ
1131 4261 1257 4336 Ῥωμύλῳ

128 4361 246 4432 πολέμου
269 4360 493 4431 παρημελημένον
511 4356 562 4412 ὑπὸ
585 4364 631 4411 τοῦ
655 4355 787 4429 ἡγεμόνος
810 4355 866 4410 οὔτε
889 4362 940 4428 γῆς
962 4357 1055 4425 clquc
1079 4357 1179 4425 μοῒραν
1202 4351 1258 4406 οὔτι

130 4446 267 4519 situlam.
305 4451 376 4505 Huic
394 4451 482 4505 turba
499 4449 596 4505 Tullus
614 4449 747 4503 Hostilius
765 4465 862 4518 agrurn
881 4447 1004 4502 divisisse
1016 4451 1044 4500 et
1056 4445 1170 4500 Caelium
1183 4460 1259 4499 mon·

129 4545 195 4605 tem,
215 4540 347 4610 pomoerio
367 4540 512 4603 adiectum,
531 4540 625 4593 sedem
644 4538 751 4593 dedisse
770 4542 898 4592 narratur
915 4536 961 4600 111,
981 4535 1005 4589 1.
