2948 5206
523 316 528 325 ·
551 286 616 352 539

115 481 178 543 hoc
201 498 331 561 quoque
355 480 518 545 Weberus
542 486 630 546 recte
653 478 857 564 probarat.¹)
909 481 975 547 Sed
997 484 1126 547 haerent
1150 484 1182 547 in

115 606 153 649 rs:

893 694 969 758 audi

162 798 203 862 Et
237 800 392 864 miserere
426 801 561 879 iterum,
603 820 792 883 quanquam
832 800 897 864 sint
936 805 1045 865 cetera
1086 802 1182 866 sortis

163 904 329 970 Eiusdem.

115 1064 243 1128 eusdem
265 1065 444 1148 Rupertius
467 1065 536 1130 vult
560 1086 630 1130 esse
653 1088 716 1130 eron
736 1068 842 1130 minus
857 1067 979 1143 tristia3
1003 1069 1095 1150 atqui
1111 1071 1180 1131 tunr

115 1171 233 1235 utraria
256 1173 327 1236 haec
350 1176 436 1250 sunt,
465 1177 502 1236 ut
526 1194 707 1258 peraequum
736 1175 813 1256 poni
837 1173 997 1251 debuerit,
1021 1174 1080 1238 sed
1104 1194 1181 1238 con·

142 1279 321 1359 superiora.
368 1279 539 1344 Schmidtii
569 1280 872 1363 interpretationem
903 1274 1068 1344 omittere
1083 1281 1179 1345 malo.

115 1402 198 1461 sane,
233 1404 300 1449 non
332 1386 510 1451 attendisse
542 1387 682 1452 editores
706 1388 748 1452 ad
773 1407 848 1451 eam
870 1406 995 1464 vocem,
1031 1407 1106 1468 quae
1129 1406 1181 1451 se·

124 1510 257 1571 prorsus
282 1492 362 1555 mire
387 1496 420 1556 et
442 1494 529 1557 nude
547 1494 663 1576 posita,
683 1516 775 1578 pars.
816 1494 964 1576 Apparet
988 1494 1086 1582 enim,
1110 1492 1181 1557 haec

115 1598 230 1660 tiuuari
254 1597 390 1662 debere:

438 1778 627 1841 quanquam
651 1759 715 1823 sint
739 1762 848 1823 cetera
870 1760 966 1824 sortis

160 1863 315 1927 Eiusdem
345 1883 423 1945 pars
455 1865 525 1929 dira
556 1865 698 1946 quidem,
731 1866 790 1930 sed
822 1865 950 1948 cognita
977 1865 1088 1930 multis
1118 1869 1178 1929 cet.

126 2029 285 2104 tanquam
316 2023 412 2086 nimis
443 2027 585 2106 graviter
615 2027 763 2089 miserere
793 2027 907 2089 iterum
936 2025 1061 2102 dixerit,
1097 2026 1177 2100 haec,

115 2128 247 2193 {diturus
271 2134 330 2205 est,
367 2131 408 2194 de
439 2132 601 2197 b'onorum
630 2131 765 2209 iactura,
801 2132 871 2195 dira
899 2129 954 2195 illa
978 2131 1109 2213 quidem
1133 2131 1180 2195 ait

115 2234 153 2297 ed
184 2238 297 2301 tamen
324 2241 452 2319 partem
483 2242 515 2303 et
544 2238 636 2320 quasi
660 2238 874 2321 appendicem
899 2238 1048 2302 eiusdem
1071 2237 1176 2313 sortis
1193 2252 1231 2292 ¹⁷⁵
1333 2239 1336 2243 ’

115 2340 138 2405 ii
162 2347 195 2405 et
218 2343 351 2425 periculi
375 2345 539 2423 maritimi,
570 2344 680 2409 multis
704 2349 827 2410 notam.
875 2344 940 2408 Sed
963 2345 1073 2409 nescio
1097 2363 1178 2425 quo-

115 2467 169 2511 raec
192 2452 398 2531 tempestatis
422 2452 596 2534 descriptio
620 2472 685 2517 non
703 2453 810 2516 minus
826 2453 1020 2532 interpretes
1038 2457 1177 2525 exercet,

115 2574 172 2634 psa
197 2555 359 2622 Catullum
385 2560 538 2623 exercuit.
585 2558 703 2623 Statim
732 2558 818 2625 enim
848 2577 883 2621 se
912 2577 978 2622 non
1002 2557 1177 2639 expediunt

119 2662 225 2725 verbis
250 2683 280 2726 v.
305 2664 348 2727 30
371 2685 457 2745 sqq:

159 2822 269 2899 Quum
292 2823 408 2905 plenus
431 2825 531 2889 fluctu
554 2825 681 2889 medius
706 2824 790 2888 soret
813 2824 925 2888 alveus
951 2828 982 2888 et
1006 2825 1082 2900 iam,

160 2928 333 2994 Alternum
357 2933 476 3013 puppis
501 2933 586 2996 latus
610 2932 831 2995 evertentibus
855 2932 950 2996 undis

161 3035 297 3100 Arboris
320 3037 464 3115 incertae,
488 3039 612 3103 nullam
636 3037 810 3121 prudentia
834 3037 906 3101 cani

161 3142 309 3207 Rectoris
333 3145 495 3208 conferret
518 3165 625 3226 opem,
651 3145 800 3209 decidere
824 3145 912 3208 iactu

162 3248 277 3331 Coepit.

115 3420 244 3433 S·—

115 3540 212 3602 tahnus
241 3549 407 3613 (Zeitschriit
435 3552 479 3604 tur
507 3550 550 3604 die
575 3549 944 3613 Altertbumswissenscbait,
972 3547 1094 3613 a.183t,
1124 3546 1175 3598 112

115 3628 159 3700 350)
176 3639 409 3707 comparationem
428 3657 460 3693 eo
480 3639 561 3693 modo
580 3640 716 3693 inversam
736 3644 815 3707 putat
839 3639 866 3692 in
885 3638 1022 3701 hocloco,
1052 3654 1106 3705 quo
1126 3653 1175 3705 ego

115 3722 247 3795 ¹(0pusc
272 3744 312 3796 pr.
332 3745 358 3796 p.
378 3727 423 3793 56)
448 3729 476 3781 in
501 3733 551 3781 sat.
571 3729 608 3781 111
631 3746 656 3781 v.
677 3728 727 3779 194
752 3729 890 3782 inversam
914 3743 973 3781 esse
996 3726 1116 3789 ostendi,
1145 3730 1175 3779 ut

115 3816 259 3869 011stratire
277 3822 396 3884 ponatur
410 3833 453 3870 res
472 3818 506 3870 ad
526 3818 741 3885 comparandum
755 3817 864 3870 adscita.
893 3816 995 3870 Verum
1014 3815 1072 3884 ipse
1089 3814 1174 3869 auim-

115 3900 171 3967 rtit,
197 3905 308 3958 obstare
327 3906 456 3974 protasia,
485 3907 528 3959 cui
547 3906 687 3959 reddenda
706 3911 746 3961 est
765 3906 899 3974 apodosis,
927 3921 996 3973 quae,
1030 3903 1096 3972 quid
1114 3909 1174 3957 tum

115 3995 136 4038 ¹1
167 3991 270 4047 factum
298 3995 345 4059 sit,
379 3995 506 4049 declaret.
554 3996 648 4063 ltaque
676 3996 841 4050 anacolutho
868 3995 988 4063 quodam
1016 3992 1175 4063 primariam

115 4079 174 4133 osis
191 4083 357 4137 sententiam
377 4100 551 4152 suppressam
570 4089 657 4152 putat,
677 4090 708 4138 ut
726 4085 764 4138 sic
783 4085 839 4139 fere
859 4082 961 4153 expleri
981 4083 1092 4136 debeat:
1117 4090 1175 4135 tum

115 4171 190 4223 nem
208 4179 299 4224 ortam
322 4181 501 4240 tempestatem
527 4175 688 4236 describere,
710 4190 830 4241 prorsus
853 4191 912 4226 eam
935 4174 1092 4239 exprimunt
1110 4187 1174 4238 poe·

115 4264 136 4302 *⁸
158 4262 327 4326 praeieeimoe
345 4263 543 4328 descriptiones.
572 4262 626 4315 Sed
644 4262 801 4315 huiusmodi
820 4256 1005 4324 sincerrimam
1023 4264 1050 4313 et
1064 4275 1173 4313 conver-

115 4351 156 4400 1¹1
173 4348 302 4402 orationis
320 4350 518 4418 sententiaque
538 4351 613 4403 nullo
632 4350 731 4404 indicio
750 4350 930 4418 significatam
949 4365 1004 4402 non
1024 4354 1091 4418 puto
1110 4347 1174 4402 terri
