2948 5206
631 326 708 391 -85

144 509 259 583 demin
277 519 425 585 exsilium
448 525 580 585 seculus
603 525 663 599 est,
687 524 850 604 quemque
874 521 996 598 Cicero,
1020 522 1076 604 qui
1099 543 1173 587 cum
1196 523 1287 588 Attio

146 626 227 690 eam
243 627 341 692 etatis
364 646 443 692 sene
467 626 644 692 collocutus
672 632 731 706 est,
762 628 951 693 adolescens
979 630 1140 694 seniorem
1163 631 1288 695 audivit

98 756 102 765 ·
145 694 266 811 (sirio,
288 731 378 815 eor).
413 733 1008 818 Saeeusquoquemeanor(s11et0n.
1028 736 1285 819 resupinum.

143 834 165 917 il
179 841 202 902 et
216 838 354 904 Aurelius
377 837 512 922 Opilius,
537 841 592 922 qui
616 860 646 905 a.
671 841 736 905 662
759 862 785 905 s.
804 841 847 906 92
870 842 906 907 P.
923 842 1082 907 Rutilium
1105 842 1229 908 Rufum
1253 844 1288 935 in

140 942 216 1009 ls'an
232 952 276 1010 est
303 950 445 1024 secutus,
481 947 583 1040 quum
612 950 711 1012 antea
739 948 855 1013 Rornae
883 949 1135 1031 philosophiam,-
1169 950 1287 1015 deinde

138 1049 295 1129 maenam,
319 1053 364 1118 ad
386 1057 570 1119 extremum
589 1055 838 1136 grammaticam
855 1056 1018 1121 docuisset
1035 1054 1137 1138 (Suet.
1156 1056 1223 1121 ibd.
1241 1054 1286 1138 6),

136 1157 198 1223 lilio
213 1163 393 1226 senescente
415 1160 605 1226 floruerunt.
650 1158 759 1243 Atque
782 1162 844 1226 boc
872 1166 1020 1245 ternpore
1043 1166 1165 1244 quanto
1188 1183 1287 1245 opere

134 1263 277 1332 huiusmodi
298 1267 410 1332 studia
432 1267 522 1350 apud
543 1267 712 1332 Romanos
735 1269 905 1350 viguerint,
928 1272 1021 1351 patet
1042 1268 1095 1332 vel
1118 1289 1158 1333 ex
1175 1270 1288 1334 Lucilii

134 1371 253 1454 erenplo,
286 1374 342 1456 qui
365 1373 448 1439 libro
471 1393 558 1439 nono
581 1375 757 1438 satirarum
780 1374 1032 1458 orthographica
1055 1363 1286 1453 detractavit,

133 1477 213 1542 utde
240 1479 371 1563 singulis
406 1479 520 1545 litteris
548 1483 713 1563 praecepta
741 1480 894 1562 deinceps
922 1485 1068 1563 poneret,
1104 1486 1137 1546 et
1169 1484 1203 1547 in
1237 1482 1289 1548 his

132 1583 202 1648 rebus
220 1589 328 1651 auctor
354 1606 375 1650 a
397 1587 631 1668 posterioribus
660 1589 778 1652 citatus
808 1590 858 1650 est
886 1584 964 1668 (vid.
988 1586 1114 1670 fragm,
1145 1590 1288 1654 maxime

131 1686 251 1769 omer,
273 1693 304 1770 6,
329 1693 368 1767 8;
402 1693 564 1768 Ι,7,15;
602 1697 629 1769 1,
655 1695 684 1771 7,
712 1694 767 1769 19;
802 1693 871 1757 Vel.
896 1693 995 1775 Long.
1020 1693 1060 1758 de
1088 1696 1231 1777 orthogr.
1254 1716 1287 1777 p.

131 1794 195 1860 2214
216 1802 245 1862 et
269 1799 359 1864 2220
380 1799 427 1876 P,
463 1799 575 1864 Scaur.
605 1800 646 1864 de
674 1801 817 1882 orthogr.
846 1820 879 1881 p.
904 1796 1014 1880 2255).
1067 1799 1168 1864 Erant
1202 1801 1301 1891 docti⁸

131 1898 244 1969 babes
263 1909 296 1970 et
316 1905 432 1970 litteris
455 1907 613 1982 instructi,
649 1908 831 1971 carminum
862 1890 1110 1981 existimatores,
1146 1911 1182 1971 ut
1208 1906 1288 1972 Per-

131 2008 180 2073 sius
203 2011 257 2089 ille,
291 2012 382 2077 cuius
416 2010 558 2076 Lucilius
591 2032 628 2077 se
655 2012 810 2077 iudicium
838 2009 1050 2076 reformidare
1074 2013 1287 2095 significabat.

132 2112 313 2183 horrebatur
335 2118 379 2182 ab
402 2118 473 2200 ipso
497 2118 619 2183 Lucilio
636 2119 784 2183 versibus
801 2120 913 2183 critica
930 2118 1082 2200 quaedam
1099 2122 1288 2202 poematum

133 2238 237 2288 &mua
255 2224 347 2307 (Gell.
371 2224 468 2302 XVII,
492 2226 551 2289 21:
580 2226 758 2310 clariorque
781 2232 854 2289 tunc
876 2227 911 2288 in
927 2225 1084 2309 poematis
1108 2245 1214 2288 eorum
1236 2223 1289 2287 ob·

132 2329 266 2395 turadia
298 2329 444 2396 Lucilius
476 2331 558 2414 fain
593 2331 650 2395 clr.
678 2331 794 2396 Horat.
823 2335 884 2395 s'at.
913 2331 941 2409 l,
974 2330 1030 2409 10,
1059 2330 1102 2395 53
1125 2350 1211 2413 sqq,
1246 2330 1290 2395 ad

135 2450 206 2512 quen
224 2434 322 2501 locum
345 2437 546 2520 Porphyrius
570 2439 691 2514 scribit,
720 2438 879 2503 Lucilium
907 2439 940 2501 in
967 2438 1064 2502 tertio
1092 2438 1234 2502 maxime
1257 2442 1291 2501 et

134 2554 198 2602 nono
216 2547 243 2605 et
262 2544 386 2610 decimo
410 2544 492 2609 libro
515 2545 641 2610 Attium
671 2549 704 2608 et
732 2545 812 2609 alios
842 2541 1113 2626 reprehendisse).
1124 2539 1149 2624 ¹)
1195 2543 1291 2608 Patet

136 2643 193 2720 iam,
213 2651 340 2715 notabile
368 2652 470 2715 videri
502 2653 534 2715 in
557 2652 646 2716 Attio
670 2652 748 2715 illud
771 2651 934 2714 scribendi
958 2670 1070 2732 genus
1101 2670 1167 2715 non
1191 2652 1290 2715 mira·
1305 2667 1344 2707 ιω

139 2749 198 2825 bile
215 2756 294 2838 idque
305 2759 409 2840 magis
428 2759 527 2822 etiam
543 2760 725 2840 apparebit,
750 2760 777 2821 si
795 2758 961 2834 addidero,
986 2758 1072 2820 circa
1088 2757 1166 2821 illud
1183 2759 1290 2840 ipsum

140 2858 236 2938 leupus
243 2865 379 2956 similiter
391 2864 432 2928 de
442 2866 548 2946 poesis
559 2865 693 2929 historia
703 2866 849 2929 versibus
862 2864 961 2927 aliurn
970 2866 1103 2945 poetam
1113 2866 1290 2946 scripsisse,

142 2962 300 3034 mhmnunc
317 2975 442 3036 notum.
482 2971 511 3034 ls
530 2970 663 3035 Porcius
682 2976 731 3036 est
748 2972 888 3036 Licinius
905 2968 988 3051 [sive
1005 2972 1114 3052 potius
1133 2969 1290 3051 Licinusl,

143 3133 357 3157 κὴ.-

167 3234 182 3303 ἲἶ
195 3244 254 3304 fliror
269 3270 335 3309 nunc
354 3255 436 3323 vulgo
455 3260 610 3309 extremum
630 3272 740 3309 versum
760 3256 798 3308 ita
816 3255 972 3323 interpungi
997 3259 1024 3307 et
1048 3254 1185 3323 explicari,
1214 3256 1292 3323 quasi

196 3332 293 3407 Lucilius,
314 3361 402 3412 quum
420 3344 455 3397 de
473 3360 503 3396 se
522 3344 687 3412 loqueretur,
713 3343 773 3396 aliis
791 3344 919 3397 omnibus
938 3361 955 3396 a
974 3360 1005 3396 se
1024 3344 1160 3412 reprensis
1178 3360 1208 3397 se
1226 3361 1291 3413 prae·

198 3421 248 3480 flue
265 3433 353 3486 soltus
376 3434 420 3486 sit.
456 3432 529 3486 Nihil
548 3433 634 3501 magis
653 3434 688 3486 ab
706 3433 812 3485 Horatii
837 3432 950 3485 consilio
973 3431 1095 3486 alienum
1119 3449 1203 3500 quam
1227 3435 1292 3486 stul·

197 3508 280 3571 lisine
295 3520 376 3576 huius
395 3522 557 3591 arrogantiae
575 3520 742 3579 summatim
763 3520 849 3574 utitur
868 3521 942 3573 enim
961 3520 1013 3573 hac
1032 3521 1145 3585 ratione,
1165 3527 1195 3575 ut
1213 3522 1292 3575 liber·
1400 3530 1401 3534 ’

198 3602 258 3658 illem
274 3607 343 3662 illam
362 3610 407 3663 vel
426 3610 453 3663 in
472 3610 577 3678 optimo
596 3615 723 3678 poemate
742 3613 833 3677 partes
852 3610 985 3678 quasdam
1005 3610 1221 3678 reprehendendi
1236 3610 1291 3663 iam

198 3684 262 3753 ipsam
278 3696 408 3752 Lucilium
433 3704 560 3752 secutum
584 3699 710 3752 ostendat
734 3698 855 3766 eiusque,
883 3716 965 3767 quern
994 3699 1051 3768 ipse
1079 3698 1292 3766 reprehenderit,

198 3785 292 3852 exemplo
317 3804 347 3840 se
375 3793 487 3840 tueatur
514 3787 677 3855 doceatque,
706 3786 820 3840 omnino
848 3803 939 3840 errare
967 3803 1027 3851 eoa,
1060 3787 1106 3855 qui
1136 3787 1292 3840 huiusmodi

199 3860 270 3925 illicia
284 3891 393 3943 semper
410 3891 425 3927 e
444 3874 573 3943 superbia
591 3875 665 3928 nasci
685 3876 806 3928 credant.
843 3876 939 3944 ltaque
962 3875 1115 3928 necessario
1139 3874 1190 3927 hoc
1214 3875 1290 3927 dicit:
1407 3885 1409 3891 ·

199 3954 265 4013 tanen
280 3963 397 4017 Lucilius
416 3964 455 4016 ita
478 3963 607 4032 loquitur,
636 3963 714 4033 quasi
738 3964 791 4017 illis
814 3964 902 4016 maior
926 3964 972 4026 sit;
1002 3979 1051 4015 nec
1076 3979 1125 4030 ego
1149 3968 1206 4015 tarn
1229 3980 1293 4017 sum

199 4054 304 4118 arrogaris,
331 4057 370 4115 ut,
400 4052 474 4120 quod
497 4052 601 4105 inculta
624 4060 651 4106 et
676 4053 870 4121 negligentiora
893 4053 1018 4119 quaedam
1043 4052 1070 4104 in
1090 4050 1184 4103 Lucilii
1203 4050 1293 4105 satiris

199 4126 248 4197 dico,
270 4155 309 4194 me
336 4141 375 4194 illi
403 4140 555 4210 praeferam.
598 4141 652 4193 Nec
675 4141 754 4194 aliter
777 4142 861 4194 verba
884 4141 998 4208 intelligi
1022 4140 1199 4208 grammatica
1221 4142 1293 4196 ratio

199 4215 254 4282 Slssllt
276 4235 304 4282 ut
326 4230 401 4283 enirn
427 4231 532 4293 demus,
561 4229 589 4282 in
608 4231 676 4283 duas
695 4229 845 4283 sententias
863 4245 974 4281 versum
994 4227 1107 4281 distrahi
1127 4235 1154 4283 et
1172 4218 1293 4299 suppleri

199 4320 255 4370 ΜΘ
269 4317 392 4386 benhur,
410 4323 484 4372 certe
503 4318 592 4372 omitti
611 4335 666 4371 non
685 4324 793 4386 poterat
811 4318 966 4386 praepositio
985 4323 1048 4369 ante
1068 4334 1162 4372 rocem
1181 4322 1292 4373 mamre.

200 4390 274 4457 Vtrum
290 4407 412 4461 viderant
427 4407 582 4476 superiores
594 4407 766 4474 interpretes,
785 4422 802 4459 a
821 4406 920 4476 quibus
938 4422 1024 4474 quum
1042 4414 1114 4461 esset
1132 4409 1191 4463 sine
1209 4424 1294 4462 causa

200 4480 326 4559 litterum,
353 4512 436 4550 nemo
460 4497 494 4549 ad
519 4497 663 4550 veritatem
682 4496 770 4550 redire
790 4512 873 4549 ausus
892 4499 941 4559 est,
970 4494 1022 4548 nisi
1041 4495 1115 4561 quod
1133 4494 1294 4547 Wielandus

201 4585 244 4629 t⁸111
258 4589 357 4638 secutus
376 4590 425 4637 est
