2956 5190
700 258 761 323 221

128 450 216 515 Nam
241 452 471 517 commercium
494 455 563 518 sive
587 453 726 518 facultas
748 472 833 518 nexa
857 454 925 517 iure
943 451 1116 531 Quiritium
1134 452 1273 518 faciendi
1297 452 1332 517 in

129 557 279 640 personis
302 559 461 637 baerebat,
484 580 550 625 non
574 561 608 624 in
630 560 723 636 locis;
756 579 817 624 nec
839 560 904 641 qui,
929 563 965 623 ut
988 559 1050 624 hoc
1072 559 1222 641 exemplo
1245 562 1331 637 utar,

129 663 226 730 heres
250 664 328 729 civis
345 665 487 731 Romani
510 666 634 731 institui
657 670 817 748 potuerat,
843 666 999 748 quamdiu
1014 666 1131 731 Romae
1147 667 1330 744 habitabat,

128 771 240 835 minus
268 776 409 853 poterat,
445 793 546 856 quum
576 773 773 838 domicilium
802 773 879 850 alibi
907 777 1072 855 posuerat.
1119 773 1184 837 Sed
1207 773 1332 837 nullam

129 876 317 943 huiusmodi
342 879 465 944 Latinis
489 880 602 945 datam
624 880 725 944 fuisse
744 881 882 944 civitatis
900 880 1060 944 Romanae
1079 881 1330 961 possessionem,

130 988 168 1049 ut
190 986 420 1051 tantummodo
444 1006 522 1051 usus
546 987 615 1052 eius
640 986 826 1052 condicione
855 986 965 1067 aliqua
994 989 1091 1050 certae
1119 986 1333 1052 habitationis

130 1090 398 1173 adstringeretur,
434 1093 513 1157 satis
541 1095 632 1174 patet
661 1111 700 1156 ex
731 1111 781 1169 eo,
817 1092 905 1174 quod
933 1113 962 1157 a.
989 1093 1050 1157 187
1081 1093 1187 1157 Latini
1209 1092 1333 1174 populi,

131 1197 252 1281 quibus
276 1198 487 1263 decrescente
510 1200 629 1263 civium
652 1198 859 1263 multitudine
882 1199 961 1263 nihil
978 1199 1207 1264 remittebatur
1224 1200 1333 1277 exiis,

134 1325 210 1388 quae
244 1324 284 1370 ex
319 1304 460 1371 formula
488 1305 652 1370 toedereve
680 1304 868 1387 prestanda
897 1313 1001 1383 erant,
1035 1325 1111 1370 suos
1146 1306 1243 1383 cives,
1279 1306 1334 1387 qui

132 1411 251 1477 Romae
274 1431 333 1494 per
357 1412 507 1477 fraudem
531 1414 564 1476 in
588 1432 720 1477 censum
749 1413 957 1494 irrepserant,
992 1412 1193 1494 repetierunt
1220 1416 1262 1489 et,
1297 1415 1336 1477 ut

133 1518 288 1597 redirent,
317 1518 528 1583 obtinuerunt
552 1517 632 1601 (Liv.
657 1518 802 1597 XXXIX,
826 1516 870 1600 3),
900 1523 1078 1602 posteaque
1107 1519 1227 1602 saepius
1255 1519 1334 1584 socii

134 1629 168 1689 et
191 1625 297 1689 Latini
319 1625 428 1690 Roma
452 1626 539 1691 exire
562 1625 640 1691 iussi
664 1632 741 1690 sunt
764 1624 842 1708 (Cic.
862 1645 922 1708 pro
945 1625 1028 1690 Sest.
1049 1626 1100 1703 13,
1125 1624 1178 1702 30,
1203 1623 1273 1690 coll.
1292 1624 1333 1688 de

134 1730 228 1797 offic.
252 1731 304 1809 ΠΙ,
331 1733 382 1810 11,
411 1728 479 1813 47),
515 1741 556 1808 et,
593 1732 648 1814 qui
671 1752 711 1797 ex
734 1734 773 1797 iis
797 1753 856 1814 pro
880 1733 1003 1797 civibus
1027 1751 1063 1797 se
1086 1735 1265 1815 gesserant,
1301 1731 1335 1795 in

133 1857 211 1903 suas
241 1839 390 1903 civitates
418 1839 543 1904 redacti
571 1842 656 1915 sunt,
692 1839 781 1903 velut
814 1839 983 1903 notissima
1018 1839 1072 1903 illa
1106 1839 1176 1921 lege
1211 1837 1335 1902 Licinia

133 1945 239 2010 Mucia
264 1943 309 2028 (a.
333 1942 401 2027 95),
425 1965 491 2028 qua
516 1945 554 2009 T.
579 1945 758 2022 Matrinius,
783 1964 880 2027 quem
905 1966 945 2011 ex
969 1945 1094 2011 colonia
1118 1945 1234 2010 Latina
1250 1944 1334 2026 Spo-

134 2051 209 2116 letio
245 2053 378 2116 civitate
409 2051 444 2117 C.
469 2051 590 2116 Marius
619 2051 768 2129 donarat,
804 2056 975 2118 accusatus
1011 2057 1069 2130 est,
1105 2071 1206 2133 quum
1241 2049 1334 2114 Marii
1393 2119 1404 2139 .

133 2157 329 2223 beneficium
355 2158 548 2223 indubium
577 2166 730 2223 vocatum
759 2163 855 2223 esset.
901 2159 1009 2242 Atque
1039 2160 1120 2234 haec,
1156 2176 1230 2240 quoe
1258 2158 1336 2221 sunt

133 2264 314 2341 notissima,
337 2284 404 2329 non
428 2284 628 2346 opponerem
651 2265 840 2343 Niebuhrio,
864 2266 926 2330 nisi
942 2267 969 2331 is
987 2285 1091 2348 usque
1109 2265 1152 2329 ad
1170 2263 1334 2328 civitatem

133 2371 204 2453 lege
235 2367 466 2453 1111111190)
498 2372 620 2436 Latinis
652 2372 763 2437 datam
796 2372 851 2437 illa
881 2373 953 2437 iura
983 2373 1143 2436 mansisse
1174 2373 1333 2453 putasset.
1348 2394 1390 2435 rra

133 2477 241 2542 Facile
273 2481 384 2542 autem
419 2483 521 2560 patet,
557 2479 613 2562 qui
647 2478 763 2543 fraude
797 2479 962 2543 civitatem
996 2482 1155 2560 peterent,
1190 2477 1333 2542 Romam

133 2586 303 2667 migrasse,
327 2589 373 2660 ut,
406 2585 504 2668 quod,
536 2587 563 2650 si
586 2587 620 2650 in
642 2605 702 2649 sua
727 2585 852 2649 colonia
874 2585 1081 2661 mansissent,
1114 2584 1222 2648 lacere
1244 2583 1334 2647 nullo

134 2690 234 2757 modo
256 2699 401 2773 possent,
429 2691 464 2755 id
486 2693 602 2757 Rornae
624 2692 658 2756 in
681 2693 779 2756 turba
802 2691 956 2766 facerent,
986 2699 1096 2756 vetere
1120 2710 1236 2756 census
1260 2689 1333 2755 dili·

133 2798 245 2880 genlia
267 2798 301 2862 in
323 2802 393 2863 tam
417 2818 538 2881 magna
566 2797 695 2863 civitate
725 2797 791 2861 iam
819 2802 1019 2863 senescente.
1065 2798 1179 2880 ltaque
1202 2801 1331 2861 tanturn

133 2904 241 2986 legum
278 2905 484 2986 quarundam
520 2905 677 2970 beneficio
712 2904 790 2969 data
818 2909 888 2970 erat
916 2905 1039 2969 Latinis
1068 2909 1157 2969 certa
1188 2903 1335 2968 condicio

133 3029 201 3075 non
236 3010 348 3075 utendi
382 3012 492 3094 aliqua
525 3016 620 3094 parte
655 3011 808 3089 civitatis,
844 3011 903 3075 sed
936 3011 1068 3093 plenam
1103 3009 1333 3093 consequendi.

132 3116 232 3180 Velut
264 3136 305 3181 ex
339 3116 388 3196 iis,
424 3138 497 3200 quae
526 3118 643 3183 1177
680 3121 754 3183 acta
789 3137 809 3181 a
843 3117 932 3182 Livio
966 3120 1142 3182 narrantur
1170 3113 1333 3198 (11118),

132 3226 241 3305 patet,
281 3223 343 3288 illis
377 3225 580 3307 temporibus
615 3223 735 3307 (neque
770 3223 856 3288 enim
890 3227 1084 3306 perpetuam
1120 3243 1193 3288 eam
1229 3224 1333 3306 legem

133 3329 234 3394 fuisse
259 3334 384 3395 certum
408 3329 471 3413 est)
495 3332 628 3397 Latinos
652 3332 738 3396 cives
754 3331 923 3396 Romanos
947 3330 1016 3395 fieri
1034 3331 1188 3412 potuisse,
1213 3329 1240 3395 si
1258 3330 1334 3394 stir-

132 3455 210 3518 pem
234 3456 333 3502 exse
357 3437 446 3503 domi
469 3438 690 3522 reliquissent;
720 3439 755 3502 in
777 3458 843 3521 qua
865 3457 902 3503 re
925 3458 1026 3521 quum
1050 3437 1139 3502 fraus
1163 3437 1334 3519 multiplex

132 3548 330 3623 versaretur,
366 3548 403 3609 ut
430 3546 531 3628 stirpe
559 3545 649 3611 nulla
677 3545 789 3611 relicta
818 3545 982 3610 civitatem
1011 3547 1186 3621 mutarent,
1221 3542 1333 3625 populi

132 3649 240 3714 latini
263 3669 283 3714 a
306 3659 424 3716 senatu
446 3651 654 3734 postularunt
676 3651 906 3732 consecutique
929 3653 1016 3727 sunt,
1052 3654 1089 3714 ut
1116 3649 1178 3713 illis
1206 3648 1334 3713 artibus

131 3755 264 3821 obviam
288 3757 399 3822 iretur.
450 3759 603 3823 Pluribus
633 3757 758 3839 legibus
789 3759 961 3840 praemium
993 3757 1115 3821 Latinis
1146 3755 1334 3820 hominibus

132 3861 299 3928 civitatem
328 3865 538 3929 constitutam
566 3864 677 3941 fuisse,
713 3883 753 3928 ex
787 3863 950 3929 Ciceronis
984 3864 1093 3928 verbis
1128 3866 1266 3945 apparet
1300 3863 1335 3927 in

130 3972 216 4034 orat
239 3990 299 4052 pro
321 3969 415 4035 Balb.
440 3970 493 4048 24,
524 3969 583 4047 54;
618 3990 659 4035 ex
687 3970 805 4054 quibus
829 3980 896 4036 un'a
919 3975 991 4036 erat
1013 3970 1150 4035 Servilia
1173 3969 1214 4033 de
1237 3988 1333 4052 repe·

130 4075 253 4154 tundis,
288 4076 357 4142 lata
379 4076 533 4141 Marianis
556 4077 759 4159 temporibus
783 4081 859 4142 ante
882 4097 912 4141 a.
939 4077 1012 4155 100,
1049 4097 1115 4159 qua
1138 4078 1253 4143 Latino
1278 4097 1335 4143 ac·

130 4183 285 4261 cusatori,
320 4182 376 4265 qui
410 4202 503 4247 reum
539 4183 739 4261 damnasset,
775 4184 888 4249 civitas
923 4183 1065 4249 dabatur
1099 4183 1178 4267 (Cic.
1201 4183 1293 4267 ibd.).
1305 4181 1333 4267 ¹)
1455 4220 1456 4224 =

160 4421 184 4495 ¹)
201 4428 241 4483 Ex
260 4429 420 4499 fragmentis
438 4430 504 4500 legis
523 4430 644 4485 Serviliae
662 4427 718 4498 [vel
740 4430 832 4501 potius
855 4430 969 4500 AcilireJ,
993 4449 1054 4501 quae
1077 4437 1226 4502 supersunt
1249 4429 1336 4499 (edita

202 4534 328 4574 seorsum
351 4536 369 4573 a
391 4519 502 4574 Klenzio
524 4519 646 4574 Berolini
669 4518 807 4587 11815),
830 4520 865 4586 id,
894 4522 968 4590 quod
987 4521 1021 4576 ad
1045 4522 1117 4576 hanc
1135 4538 1194 4576 rem
1216 4525 1336 4591 spectat,
