2948 5206
652 278 695 344 59

98 470 160 535 satis
179 469 331 552 exposita,
367 471 531 553 quedam,
561 471 610 558 *ad
639 493 714 556 quae
738 474 932 556 exponenda
961 478 1059 539 tenue
1090 475 1272 541 subsidium

96 596 152 641 esse
171 575 315 641 rideatur
338 576 372 641 in
396 581 545 642 veterum
568 579 798 658 monumentis,
828 580 896 644 sive
919 579 953 644 in
976 581 1075 645 initiis
1097 581 1194 645 huius
1217 602 1271 647 or·

95 682 159 746 din's
179 702 198 747 a
219 682 315 765 plebe
346 684 537 749 secernendi
565 685 634 750 sive
662 687 696 749 in
725 706 774 763 ea,
809 706 884 769 quae
913 690 1028 768 postea
1055 686 1103 752 rei
1130 687 1270 770 publicae

92 789 182 854 liberae
197 790 443 873 primorumque
460 791 696 873 imperatorum
713 792 916 875 temporibus
929 793 999 871 fuit,
1024 793 1140 858 forma.
1175 794 1271 872 Quod

90 896 302 961 siobscurum
338 917 411 963 esse
440 901 602 980 putarem,
632 900 748 964 multis
783 898 940 981 exemplis
975 902 1008 964 et
1042 918 1152 964 rerum
1187 900 1270 967 falso

87 1002 260 1068 inditarum
289 1007 324 1068 et
351 1023 417 1069 non
445 1005 668 1087 quaesitarum,
703 1026 804 1090 quum
832 1006 884 1070 vel
913 1005 1055 1070 maxime
1084 1005 1270 1089 quaerendae

85 1112 186 1187 essent,
210 1109 405 1174 confirmare
428 1130 570 1193 possem.
581 1107 606 1193 ¹)
653 1113 725 1191 Quo
748 1112 862 1195 magis
892 1111 920 1176 si
942 1112 1031 1194 quod
1054 1113 1098 1177 ad
1121 1132 1170 1191 ea,
1195 1133 1270 1196 quae

80 1215 135 1281 iarn
156 1220 232 1280 ante
254 1216 441 1294 exstabant,
476 1238 598 1283 novum
627 1219 668 1284 de
696 1219 748 1285 his
776 1218 932 1284 institutis
960 1218 1098 1284 accessit
1120 1219 1268 1285 testimo·

77 1323 167 1400 nium,
201 1322 375 1406 diligenter
402 1322 437 1388 id
464 1324 739 1391 considerandum
769 1329 827 1402 est,
863 1343 1011 1407 quaeque.
1025 1326 1059 1389 in
1082 1325 1269 1391 huiusmodi

75 1429 287 1512 disputatione
310 1450 377 1495 una
399 1449 477 1496 vera
500 1432 584 1498 ratio
607 1436 666 1511 est,
687 1430 879 1508 ridendum,
909 1450 1011 1513 quum
1039 1430 1118 1513 quid
1141 1435 1269 1497 ateste

71 1535 202 1614 dicatur,
226 1539 298 1601 turn
322 1541 486 1619 quatenus
510 1538 540 1602 ei
564 1537 763 1601 credendum
786 1538 838 1614 sit,
863 1542 896 1602 et
920 1537 1083 1621 quomodo
1107 1536 1150 1615 id,
1180 1538 1268 1619 quod
1359 1568 1363 1580 ·

68 1641 161 1719 dicat,
184 1662 261 1707 cum
285 1643 334 1721 iis,
358 1663 433 1726 quae
456 1644 500 1708 ab
523 1644 595 1709 aliis
612 1643 700 1709 diota
717 1647 878 1722 tenemus,
903 1643 1174 1727 coniungendum.
1210 1645 1267 1710 Est

66 1754 177 1814 autern
199 1750 341 1815 instituti
364 1749 408 1815 ad
431 1750 579 1815 ordinem
603 1754 788 1833 equestrem
812 1751 1002 1834 spectantis,
1037 1751 1128 1816 cuius
1153 1750 1190 1814 in
1214 1770 1267 1815 ce·

64 1857 142 1922 teris
165 1857 387 1922 monumentis
410 1857 613 1940 antiquitatis
636 1857 748 1921 tenuia
775 1859 929 1941 quaedam
958 1858 1095 1940 vestigia
1122 1856 1266 1922 invenie·
1280 1875 1307 1914 u

63 1962 196 2041 bannis,
220 1963 354 2030 minime
377 1966 482 2029 totam
505 1983 574 2028 rem
600 1961 810 2041 declarantia,
834 1962 1026 2046 significatio
1048 1963 1152 2028 multo
1170 1982 1266 2045 aper·

63 2071 136 2148 tior,
170 2072 206 2134 et
239 2090 314 2153 quae
349 2069 391 2135 de
424 2070 497 2152 ipsa
529 2088 566 2134 re
600 2068 839 2135 dubitationem
873 2069 980 2146 tollet,
1015 2069 1048 2133 in
1083 2069 1266 2152 fragmento

63 2176 230 2242 OEcemuis
252 2176 328 2242 libri
350 2176 393 2240 lv
416 2177 458 2241 dc
474 2177 524 2241 Re
541 2176 688 2253 Publica,
711 2177 860 2260 neglecta
883 2180 995 2240 tamen
1017 2180 1052 2241 et
1073 2176 1266 2259 nescioquo

62 2302 143 2347 casu
165 2283 211 2348 ab
232 2283 282 2362 iis,
307 2284 363 2365 qui
385 2285 446 2348 hos
463 2283 563 2348 libros
580 2283 768 2365 nuperrime
786 2283 966 2360 ediderunt,
991 2286 1060 2348 eta
1077 2282 1265 2359 Niebuhn'o,
1408 2362 1414 2375 ,

61 2390 99 2454 V.
124 2390 184 2468 OE.‚
214 2390 402 2455 obscurata.
453 2389 501 2454 De
536 2409 576 2455 ea
610 2409 646 2455 re
680 2390 837 2456 nonnulla
866 2388 1025 2454 disserere
1053 2390 1189 2472 placuit,
1225 2409 1267 2454 nc
1370 2448 1372 2453 ⁴

62 2516 156 2561 error
170 2496 294 2561 recenti
310 2497 444 2561 invenio
462 2496 570 2561 illatus
588 2497 805 2562 inveterascat
823 2499 856 2560 et
872 2495 963 2573 alios,
987 2495 1266 2578 quemadmodum

65 2602 133 2666 iam
156 2602 294 2684 coepisse
318 2602 512 2681 videbimus,
536 2604 657 2685 gignat.
704 2603 850 2684 Intelligo
873 2605 995 2678 autem,
1027 2622 1076 2679 ea,
1101 2621 1175 2683 quae
1199 2602 1265 2667 dis-

63 2712 238 2791 putaturus
272 2729 358 2787 sum,
394 2714 426 2774 et
461 2709 661 2774 evidentiora
686 2709 806 2774 >futura
841 2709 950 2786 fuisse,
986 2712 1028 2783 et,
1065 2728 1164 2790 quam
1200 2709 1266 2772 vim

64 2815 224 2880 baberent
247 2816 291 2880 ad
314 2816 396 2880 alias
419 2817 515 2880 buius
544 2817 585 2881 de
614 2817 757 2899 equestri
785 2816 898 2882 ordine
926 2816 1115 2898 quaestionis
1138 2819 1264 2896 partes,

97 3114 120 3183 ¹)
137 3117 173 3170 Ut
190 3133 278 3171 unum
297 3118 456 3186 exemplum
475 3134 585 3186 ponam,
614 3117 645 3182 is,
673 3117 720 3187 qui
744 3117 902 3185 nuperrime
920 3116 1046 3170 instituta
1064 3115 1166 3169 ordinis
1185 3131 1266 3182 eque

137 3206 199 3258 stris
216 3205 306 3258 etatis
329 3221 384 3259 uon
408 3205 606 3274 antiquissimo
628 3207 721 3275 aliqua
743 3223 777 3260 ex
800 3211 878 3274 parte
901 3206 999 3274 attigit,
1026 3221 1113 3273 quum
1137 3205 1171 3257 de
1195 3205 1266 3257 notis

137 3309 281 3348 oensormn
302 3294 493 3348 Romanorum
512 3294 612 3363 ageret,
640 3295 734 3349 larcio
759 3293 824 3360 (Das
848 3292 1020 3347 censorische
1044 3293 1194 3347 Strafrecbt
1219 3293 1266 3346 der

138 3383 238 3437 Romer
257 3400 283 3452 p.
300 3380 345 3449 65)
365 3382 424 3436 eius
443 3383 546 3436 ordinis
563 3384 635 3438 hanc
654 3384 745 3453 posuit
764 3383 988 3451 descriptionem:
1013 3384 1101 3435 llinen
1119 3383 1266 3435 tetendero

141 3474 228 3526 &aad
246 3473 362 3526 tadum
379 3473 499 3525 semiim
521 3474 564 3525 die
583 3474 764 3539 Geldreichen,
789 3475 871 3525 deren
894 3473 1052 3525 Reicltlmm
1074 3473 1147 3524 nicht
1170 3474 1199 3523 in
1223 3472 1266 3522 lic·

137 3563 237 3628 oenum
262 3563 409 3628 Grfinden,
437 3563 554 3614 eondcrn
577 3565 606 3614 in
628 3579 740 3629 pronun
765 3562 977 3614 Geidbcttdnden
1000 3561 1117 3626 ber-ame,
1145 3562 1202 3612 und
1224 3561 1266 3612 die

139 3650 215 3703 nitrea
233 3650 347 3703 Emerb
367 3654 398 3703 in
416 3652 651 3704 merkanttit'aclren
671 3651 830 3716 Gercddften
847 3652 964 3716 faudem
989 3649 1016 3701 in
1041 3666 1095 3717 quo
1120 3647 1265 3700 discrimen

138 3738 296 3792 divitiarum
315 3739 457 3793 constituit
475 3739 503 3792 in
522 3739 574 3793 hac
592 3756 622 3792 re
641 3738 794 3793 inauditum
815 3737 956 3801 Romania,
980 3738 1053 3805 apud
1077 3753 1145 3805 quos
1169 3752 1266 3789 census

138 3834 264 3896 equester
291 3845 325 3881 ex
353 3828 481 3881 omnibus
509 3829 651 3897 aequaliter
679 3827 886 3891 conficiebatur,
919 3843 980 3894 quae
1007 3826 1101 3880 censui
1129 3823 1266 3877 censendo

140 3922 224 3981 erant,
249 3917 421 3986 exclusitque
439 3934 525 3985 genus
543 3917 701 3971 divitiarum
720 3917 793 3986 apud
813 3915 873 3968 illos
892 3914 1124 3978 honestissimum,
1148 3913 1177 3966 in
1200 3929 1266 3980 pree·

140 4006 189 4059 diis
207 4006 316 4060 rusticis
335 4006 464 4074 positum,
489 4006 645 4074 relictisque
668 4006 696 4058 in
715 4004 834 4073 equestri
854 4003 949 4057 ordine
968 4003 1032 4056 solis
1051 4000 1266 4070 negotiatoribus

142 4101 168 4147 et
185 4094 348 4164 publicanis,
371 4110 468 4148 omnes
491 4100 518 4147 et
537 4093 564 4148 in
584 4095 640 4148 otio
659 4094 717 4147 sine
736 4092 870 4147 eiusmodi
889 4099 996 4161 quaestu
1015 4098 1042 4145 et
1061 4092 1089 4144 in
1108 4089 1168 4143 aliis
1186 4105 1265 4157 nego·

142 4184 184 4236 tiis
201 4184 324 4238 riventes
343 4184 461 4248 ontulit,
489 4189 521 4237 ut
545 4200 596 4236 nec
619 4183 673 4236 iam
692 4182 824 4236 llaecenas
849 4198 900 4235 nec
918 4182 1025 4235 Atticus
1043 4195 1128 4247 eques
1146 4183 1265 4231 maneat.

142 4271 198 4325 Hoc
216 4273 396 4327 fundamento
416 4272 513 4342 posito,
539 4288 625 4340 quum
650 4272 793 4325 accesserit
817 4272 878 4324 talis
903 4271 1048 4328 verborum
1069 4266 1265 4335 interpretatio,

144 4367 181 4424 ut
198 4362 269 4430 quod
289 4362 362 4432 apud
381 4361 490 4415 Livium
509 4361 641 4429 scripturn
660 4365 710 4424 est,
733 4363 869 4427 stipendio
892 4362 968 4429 equis
983 4359 1102 4425 privatis
1123 4358 1213 4422 facere
1232 4354 1266 4407 sit

145 4453 274 4518 stipendio
293 4453 368 4520 equis
387 4453 528 4518 ademptis,
546 4453 572 4503 lr-
591 4467 612 4503 c.
632 4452 690 4502 sine
708 4452 791 4518 equis,
811 4453 882 4502 inter
896 4450 1000 4515 pedites
1017 4448 1107 4512 form
1120 4443 1185 4508 (rid.
1201 4444 1265 4497 ibid.

147 4538 308 4606 p.'10)‚nou
327 4544 418 4609 potest
437 4555 492 4593 non
510 4544 569 4593 tota
588 4555 631 4591 ree
650 4538 812 4606 perturbari.
