<?xml version="1.0" encoding="UTF-8"?>
<!DOCTYPE html PUBLIC "-//W3C//DTD XHTML 1.0 Transitional//EN"
    "http://www.w3.org/TR/xhtml1/DTD/xhtml1-transitional.dtd">
<html xmlns="http://www.w3.org/1999/xhtml" xml:lang="en" lang="en">
 <head>
  <title>
</title>
<meta http-equiv="Content-Type" content="text/html;charset=utf-8" />
  <meta name='ocr-system' content='tesseract 3.04.00' />
  <meta name='ocr-capabilities' content='ocr_page ocr_carea ocr_par ocr_line ocrx_word'/>
</head>
<body>
  <div class='ocr_page' id='page_1' title='image "./ionicolaimadvig02madvgoog/ionicolaimadvig02madvgoog_0510.png"; bbox 0 0 2956 5190; ppageno 0'>
   <div class='ocr_carea' id='block_1_1' title="bbox 700 266 764 332">
    <p class='ocr_par' dir='ltr' id='par_1_1' title="bbox 700 266 764 332">
     <span class='ocr_line' id='line_1_1' title="bbox 700 266 764 332; baseline -0.031 0"><span class='ocrx_word' id='word_1_1' title='bbox 700 266 764 332; x_wconf 85' lang='grc'>487</span> 
     </span>
    </p>
   </div>
   <div class='ocr_carea' id='block_1_2' title="bbox 130 457 1393 4379">
    <p class='ocr_par' dir='ltr' id='par_1_2' title="bbox 130 457 1338 1927">
     <span class='ocr_line' id='line_1_2' title="bbox 130 457 1332 546; baseline 0.007 -23"><span class='ocrx_word' id='word_1_2' title='bbox 130 457 232 538; x_wconf 83' lang='lat' dir='ltr'>Quod</span> <span class='ocrx_word' id='word_1_3' title='bbox 271 461 381 523; x_wconf 88' lang='lat' dir='ltr'>autem</span> <span class='ocrx_word' id='word_1_4' title='bbox 416 459 600 542; x_wconf 86' lang='lat' dir='ltr'>Zumptius,</span> <span class='ocrx_word' id='word_1_5' title='bbox 641 462 730 527; x_wconf 91' lang='lat' dir='ltr'>solus</span> <span class='ocrx_word' id='word_1_6' title='bbox 771 481 788 526; x_wconf 95' lang='lat' dir='ltr'>e</span> <span class='ocrx_word' id='word_1_7' title='bbox 828 462 1062 528; x_wconf 86' lang='lat' dir='ltr'>recenti0ribus</span> <span class='ocrx_word' id='word_1_8' title='bbox 1101 465 1332 546; x_wconf 75' lang='lat' dir='ltr'>grammaticis,</span> 
     </span>
     <span class='ocr_line' id='line_1_3' title="bbox 130 562 1334 651; baseline 0.004 -20"><span class='ocrx_word' id='word_1_9' title='bbox 130 563 166 649; x_wconf 65' lang='grc' dir='ltr'>(ἕ</span> <span class='ocrx_word' id='word_1_10' title='bbox 191 565 255 631; x_wconf 84' lang='grc'>527</span> <span class='ocrx_word' id='word_1_11' title='bbox 284 569 351 632; x_wconf 87' lang='lat' dir='ltr'>not.</span> <span class='ocrx_word' id='word_1_12' title='bbox 378 562 410 646; x_wconf 87' lang='lat'>1)</span> <span class='ocrx_word' id='word_1_13' title='bbox 444 566 611 632; x_wconf 84' lang='lat' dir='ltr'>rarissime</span> <span class='ocrx_word' id='word_1_14' title='bbox 645 565 841 650; x_wconf 83' lang='lat' dir='ltr'>perfectum</span> <span class='ocrx_word' id='word_1_15' title='bbox 862 568 1055 633; x_wconf 88' lang='lat' dir='ltr'>coniunctivi</span> <span class='ocrx_word' id='word_1_16' title='bbox 1090 571 1257 651; x_wconf 85' lang='lat' dir='ltr'>passivum</span> <span class='ocrx_word' id='word_1_17' title='bbox 1287 573 1334 636; x_wconf 90' lang='lat' dir='ltr'>sic</span> 
     </span>
     <span class='ocr_line' id='line_1_4' title="bbox 130 671 1333 759; baseline 0.005 -22"><span class='ocrx_word' id='word_1_18' title='bbox 130 673 213 755; x_wconf 85' lang='lat' dir='ltr'>poni</span> <span class='ocrx_word' id='word_1_19' title='bbox 236 671 356 751; x_wconf 78' lang='lat' dir='ltr'>scribit,</span> <span class='ocrx_word' id='word_1_20' title='bbox 391 673 426 737; x_wconf 89' lang='lat' dir='ltr'>id</span> <span class='ocrx_word' id='word_1_21' title='bbox 456 673 610 739; x_wconf 90' lang='lat' dir='ltr'>nimirum</span> <span class='ocrx_word' id='word_1_22' title='bbox 641 674 726 739; x_wconf 88' lang='lat' dir='ltr'>hanc</span> <span class='ocrx_word' id='word_1_23' title='bbox 757 674 859 739; x_wconf 86' lang='lat' dir='ltr'>habet</span> <span class='ocrx_word' id='word_1_24' title='bbox 890 693 1025 739; x_wconf 88' lang='lat' dir='ltr'>causam</span> <span class='ocrx_word' id='word_1_25' title='bbox 1055 694 1142 741; x_wconf 88' lang='lat' dir='ltr'>nunc</span> <span class='ocrx_word' id='word_1_26' title='bbox 1171 681 1333 759; x_wconf 87' lang='lat' dir='ltr'>apertam,</span> 
     </span>
     <span class='ocr_line' id='line_1_5' title="bbox 131 778 1334 862; baseline 0.002 -17"><span class='ocrx_word' id='word_1_27' title='bbox 131 780 225 862; x_wconf 89' lang='lat' dir='ltr'>quod</span> <span class='ocrx_word' id='word_1_28' title='bbox 246 799 313 844; x_wconf 91' lang='lat' dir='ltr'>non</span> <span class='ocrx_word' id='word_1_29' title='bbox 335 778 481 862; x_wconf 85' lang='lat' dir='ltr'>perfecti,</span> <span class='ocrx_word' id='word_1_30' title='bbox 505 780 564 844; x_wconf 91' lang='lat' dir='ltr'>sed</span> <span class='ocrx_word' id='word_1_31' title='bbox 587 780 688 846; x_wconf 86' lang='lat' dir='ltr'>futuri</span> <span class='ocrx_word' id='word_1_32' title='bbox 710 781 763 845; x_wconf 89' lang='lat' dir='ltr'>hic</span> <span class='ocrx_word' id='word_1_33' title='bbox 786 784 837 845; x_wconf 89' lang='lat' dir='ltr'>est</span> <span class='ocrx_word' id='word_1_34' title='bbox 859 800 947 845; x_wconf 88' lang='lat' dir='ltr'>usus.</span> <span class='ocrx_word' id='word_1_35' title='bbox 991 782 1031 847; x_wconf 84' lang='lat' dir='ltr'>Et</span> <span class='ocrx_word' id='word_1_36' title='bbox 1053 786 1176 861; x_wconf 86' lang='lat' dir='ltr'>tamen,</span> <span class='ocrx_word' id='word_1_37' title='bbox 1200 788 1237 847; x_wconf 93' lang='lat' dir='ltr'>ut</span> <span class='ocrx_word' id='word_1_38' title='bbox 1259 783 1334 848; x_wconf 91' lang='lat' dir='ltr'>Vel·</span> 
     </span>
     <span class='ocr_line' id='line_1_6' title="bbox 131 885 1336 973; baseline 0.003 -23"><span class='ocrx_word' id='word_1_39' title='bbox 131 885 218 951; x_wconf 90' lang='lat' dir='ltr'>leius</span> <span class='ocrx_word' id='word_1_40' title='bbox 240 887 431 951; x_wconf 85' lang='lat' dir='ltr'>Paterculus</span> <span class='ocrx_word' id='word_1_41' title='bbox 453 886 500 952; x_wconf 92' lang='lat' dir='ltr'>sic</span> <span class='ocrx_word' id='word_1_42' title='bbox 524 887 647 953; x_wconf 79' lang='lat' dir='ltr'>dIceret</span> <span class='ocrx_word' id='word_1_43' title='bbox 669 886 705 969; x_wconf 83' lang='grc' dir='ltr'>(Ι,</span> <span class='ocrx_word' id='word_1_44' title='bbox 732 888 787 953; x_wconf 88' lang='lat'>18:</span> <span class='ocrx_word' id='word_1_45' title='bbox 811 908 908 972; x_wconf 78' lang='lat' dir='ltr'>neque</span> <span class='ocrx_word' id='word_1_46' title='bbox 932 908 985 972; x_wconf 73' lang='lat' dir='ltr'>eye</span> <span class='ocrx_word' id='word_1_47' title='bbox 1007 888 1064 953; x_wconf 82' lang='lat' dir='ltr'>lroc</span> <span class='ocrx_word' id='word_1_48' title='bbox 1079 890 1183 973; x_wconf 71' lang='lat' dir='ltr'>iuopia</span> <span class='ocrx_word' id='word_1_49' title='bbox 1199 891 1336 954; x_wconf 71' lang='lat' dir='ltr'>latratus</span> 
     </span>
     <span class='ocr_line' id='line_1_7' title="bbox 131 989 1335 1079; baseline 0.003 -22"><span class='ocrx_word' id='word_1_50' title='bbox 131 989 220 1073; x_wconf 60' lang='lat' dir='ltr'>mm),</span> <span class='ocrx_word' id='word_1_51' title='bbox 244 992 360 1056; x_wconf 85' lang='lat' dir='ltr'>eadem</span> <span class='ocrx_word' id='word_1_52' title='bbox 383 994 543 1076; x_wconf 77' lang='lat' dir='ltr'>analogiae</span> <span class='ocrx_word' id='word_1_53' title='bbox 566 994 690 1059; x_wconf 85' lang='lat' dir='ltr'>fallacis</span> <span class='ocrx_word' id='word_1_54' title='bbox 713 994 866 1059; x_wconf 82' lang='lat' dir='ltr'>illecebra</span> <span class='ocrx_word' id='word_1_55' title='bbox 890 994 1093 1073; x_wconf 87' lang='lat' dir='ltr'>factumest,</span> <span class='ocrx_word' id='word_1_56' title='bbox 1118 1015 1218 1077; x_wconf 85' lang='lat' dir='ltr'>quam</span> <span class='ocrx_word' id='word_1_57' title='bbox 1235 996 1335 1079; x_wconf 86' lang='lat' dir='ltr'>paulo</span> 
     </span>
     <span class='ocr_line' id='line_1_8' title="bbox 132 1099 1337 1183; baseline 0.002 -20"><span class='ocrx_word' id='word_1_58' title='bbox 132 1102 213 1164; x_wconf 88' lang='lat' dir='ltr'>ante</span> <span class='ocrx_word' id='word_1_59' title='bbox 237 1099 270 1163; x_wconf 91' lang='lat' dir='ltr'>in</span> <span class='ocrx_word' id='word_1_60' title='bbox 293 1099 451 1164; x_wconf 89' lang='lat' dir='ltr'>consimili</span> <span class='ocrx_word' id='word_1_61' title='bbox 475 1119 593 1183; x_wconf 77' lang='lat' dir='ltr'>genere</span> <span class='ocrx_word' id='word_1_62' title='bbox 621 1100 885 1178; x_wconf 83' lang='lat' dir='ltr'>commemoravi,</span> <span class='ocrx_word' id='word_1_63' title='bbox 920 1100 1018 1182; x_wconf 85' lang='lat' dir='ltr'>idque</span> <span class='ocrx_word' id='word_1_64' title='bbox 1046 1101 1151 1183; x_wconf 82' lang='lat' dir='ltr'>magis</span> <span class='ocrx_word' id='word_1_65' title='bbox 1180 1101 1278 1168; x_wconf 91' lang='lat' dir='ltr'>etiam</span> <span class='ocrx_word' id='word_1_66' title='bbox 1303 1101 1337 1166; x_wconf 92' lang='lat' dir='ltr'>in</span> 
     </span>
     <span class='ocr_line' id='line_1_9' title="bbox 133 1203 1336 1290; baseline 0.002 -21"><span class='ocrx_word' id='word_1_67' title='bbox 133 1204 217 1270; x_wconf 78' lang='lat' dir='ltr'>Livii</span> <span class='ocrx_word' id='word_1_68' title='bbox 240 1203 295 1269; x_wconf 94' lang='lat' dir='ltr'>lib.</span> <span class='ocrx_word' id='word_1_69' title='bbox 319 1205 417 1284; x_wconf 91' lang='lat' dir='ltr'>XXII,</span> <span class='ocrx_word' id='word_1_70' title='bbox 453 1204 511 1287; x_wconf 81' lang='lat'>[36</span> <span class='ocrx_word' id='word_1_71' title='bbox 539 1206 573 1271; x_wconf 91' lang='lat' dir='ltr'>in</span> <span class='ocrx_word' id='word_1_72' title='bbox 601 1208 763 1273; x_wconf 87' lang='lat' dir='ltr'>sententia</span> <span class='ocrx_word' id='word_1_73' title='bbox 790 1207 961 1290; x_wconf 80' lang='lat' dir='ltr'>pendenti:</span> <span class='ocrx_word' id='word_1_74' title='bbox 996 1209 1107 1272; x_wconf 77' lang='lat' dir='ltr'>uteie</span> <span class='ocrx_word' id='word_1_75' title='bbox 1130 1207 1336 1290; x_wconf 65' lang='lat' dir='ltr'>accusatum]</span> 
     </span>
     <span class='ocr_line' id='line_1_10' title="bbox 133 1311 1336 1399; baseline 0.002 -24"><span class='ocrx_word' id='word_1_76' title='bbox 133 1311 180 1376; x_wconf 87' lang='grc'>59</span> <span class='ocrx_word' id='word_1_77' title='bbox 204 1316 356 1393; x_wconf 86' lang='lat' dir='ltr'>apparet:</span> <span class='ocrx_word' id='word_1_78' title='bbox 380 1334 419 1376; x_wconf 80' lang='lat' dir='ltr'>rie</span> <span class='ocrx_word' id='word_1_79' title='bbox 441 1313 491 1377; x_wconf 85' lang='lat' dir='ltr'>illi</span> <span class='ocrx_word' id='word_1_80' title='bbox 514 1313 640 1398; x_wconf 82' lang='lat' dir='ltr'>quidem</span> <span class='ocrx_word' id='word_1_81' title='bbox 657 1349 697 1357; x_wconf 91' lang='lat'>—</span> <span class='ocrx_word' id='word_1_82' title='bbox 722 1334 754 1378; x_wconf 82' lang='lat' dir='ltr'>ae</span> <span class='ocrx_word' id='word_1_83' title='bbox 769 1314 859 1378; x_wconf 67' lang='lat' dir='ltr'>scobis</span> <span class='ocrx_word' id='word_1_84' title='bbox 875 1315 986 1377; x_wconf 81' lang='lat' dir='ltr'>merito</span> <span class='ocrx_word' id='word_1_85' title='bbox 998 1315 1202 1398; x_wconf 67' lang='lat' dir='ltr'>praetulerint</span> <span class='ocrx_word' id='word_1_86' title='bbox 1216 1315 1336 1399; x_wconf 73' lang='lat' dir='ltr'>plociu-</span> 
     </span>
     <span class='ocr_line' id='line_1_11' title="bbox 133 1414 1336 1505; baseline 0.003 -24"><span class='ocrx_word' id='word_1_87' title='bbox 133 1420 221 1503; x_wconf 78' lang='lat' dir='ltr'>tique</span> <span class='ocrx_word' id='word_1_88' title='bbox 242 1419 306 1481; x_wconf 81' lang='lat' dir='ltr'>sint</span> <span class='ocrx_word' id='word_1_89' title='bbox 329 1414 426 1499; x_wconf 86' lang='lat' dir='ltr'>cet.¹)</span> <span class='ocrx_word' id='word_1_90' title='bbox 460 1419 550 1484; x_wconf 91' lang='lat' dir='ltr'>ldem</span> <span class='ocrx_word' id='word_1_91' title='bbox 571 1420 653 1486; x_wconf 90' lang='lat' dir='ltr'>libro</span> <span class='ocrx_word' id='word_1_92' title='bbox 670 1421 771 1499; x_wconf 87' lang='lat' dir='ltr'>XXX,</span> <span class='ocrx_word' id='word_1_93' title='bbox 797 1420 838 1484; x_wconf 82' lang='lat'>14</span> <span class='ocrx_word' id='word_1_94' title='bbox 859 1422 1016 1505; x_wconf 67' lang='lat' dir='ltr'>pleribus</span> <span class='ocrx_word' id='word_1_95' title='bbox 1037 1420 1157 1503; x_wconf 71' lang='lat' dir='ltr'>fuerim</span> <span class='ocrx_word' id='word_1_96' title='bbox 1181 1422 1227 1486; x_wconf 87' lang='lat' dir='ltr'>sic</span> <span class='ocrx_word' id='word_1_97' title='bbox 1246 1421 1336 1500; x_wconf 83' lang='lat' dir='ltr'>dixit,</span> 
     </span>
     <span class='ocr_line' id='line_1_12' title="bbox 134 1521 1336 1610; baseline 0.002 -21"><span class='ocrx_word' id='word_1_98' title='bbox 134 1521 297 1607; x_wconf 87' lang='lat' dir='ltr'>[itemque</span> <span class='ocrx_word' id='word_1_99' title='bbox 320 1524 461 1603; x_wconf 91' lang='lat' dir='ltr'>XXVIII,</span> <span class='ocrx_word' id='word_1_100' title='bbox 489 1525 544 1605; x_wconf 89' lang='grc'>41,</span> <span class='ocrx_word' id='word_1_101' title='bbox 569 1526 600 1591; x_wconf 88' lang='grc'>6.</span> <span class='ocrx_word' id='word_1_102' title='bbox 647 1528 840 1609; x_wconf 90' lang='lat' dir='ltr'>Antiquiora</span> <span class='ocrx_word' id='word_1_103' title='bbox 871 1527 1022 1609; x_wconf 86' lang='lat' dir='ltr'>exempla</span> <span class='ocrx_word' id='word_1_104' title='bbox 1049 1533 1125 1592; x_wconf 88' lang='lat' dir='ltr'>sunt</span> <span class='ocrx_word' id='word_1_105' title='bbox 1153 1526 1242 1610; x_wconf 87' lang='lat' dir='ltr'>apud</span> <span class='ocrx_word' id='word_1_106' title='bbox 1272 1527 1336 1592; x_wconf 88' lang='lat' dir='ltr'>Te·</span> 
     </span>
     <span class='ocr_line' id='line_1_13' title="bbox 134 1630 1337 1720; baseline 0.003 -26"><span class='ocrx_word' id='word_1_107' title='bbox 134 1632 221 1695; x_wconf 84' lang='lat' dir='ltr'>rent.</span> <span class='ocrx_word' id='word_1_108' title='bbox 243 1630 329 1695; x_wconf 85' lang='lat' dir='ltr'>And.</span> <span class='ocrx_word' id='word_1_109' title='bbox 354 1631 378 1710; x_wconf 96' lang='lat' dir='ltr'>l,</span> <span class='ocrx_word' id='word_1_110' title='bbox 402 1632 432 1709; x_wconf 80' lang='lat'>2,</span> <span class='ocrx_word' id='word_1_111' title='bbox 457 1632 516 1696; x_wconf 84' lang='lat'>32:</span> <span class='ocrx_word' id='word_1_112' title='bbox 545 1631 648 1698; x_wconf 66' lang='lat' dir='ltr'>rabiem</span> <span class='ocrx_word' id='word_1_113' title='bbox 669 1634 803 1717; x_wconf 75' lang='lat' dir='ltr'>facilius</span> <span class='ocrx_word' id='word_1_114' title='bbox 820 1655 938 1718; x_wconf 75' lang='lat' dir='ltr'>paucies</span> <span class='ocrx_word' id='word_1_115' title='bbox 960 1636 1020 1698; x_wconf 84' lang='lat' dir='ltr'>sim</span> <span class='ocrx_word' id='word_1_116' title='bbox 1044 1654 1140 1720; x_wconf 77' lang='lat' dir='ltr'>quam</span> <span class='ocrx_word' id='word_1_117' title='bbox 1161 1635 1197 1698; x_wconf 81' lang='lat' dir='ltr'>io</span> <span class='ocrx_word' id='word_1_118' title='bbox 1219 1633 1280 1698; x_wconf 77' lang='lat' dir='ltr'>Irae</span> <span class='ocrx_word' id='word_1_119' title='bbox 1302 1655 1337 1698; x_wconf 88' lang='lat' dir='ltr'>re</span> 
     </span>
     <span class='ocr_line' id='line_1_14' title="bbox 133 1736 1338 1824; baseline 0.005 -24"><span class='ocrx_word' id='word_1_120' title='bbox 133 1758 186 1801; x_wconf 85' lang='lat' dir='ltr'>me</span> <span class='ocrx_word' id='word_1_121' title='bbox 208 1736 362 1815; x_wconf 83' lang='lat' dir='ltr'>deiudier,</span> <span class='ocrx_word' id='word_1_122' title='bbox 386 1738 526 1821; x_wconf 86' lang='lat' dir='ltr'>Adelph.</span> <span class='ocrx_word' id='word_1_123' title='bbox 550 1739 603 1818; x_wconf 87' lang='grc' dir='ltr'>ΠΙ,</span> <span class='ocrx_word' id='word_1_124' title='bbox 627 1742 658 1819; x_wconf 87' lang='lat'>3,</span> <span class='ocrx_word' id='word_1_125' title='bbox 683 1742 740 1806; x_wconf 86' lang='lat'>89:</span> <span class='ocrx_word' id='word_1_126' title='bbox 765 1740 868 1806; x_wconf 81' lang='lat' dir='ltr'>Haud</span> <span class='ocrx_word' id='word_1_127' title='bbox 890 1742 949 1805; x_wconf 87' lang='lat' dir='ltr'>cito</span> <span class='ocrx_word' id='word_1_128' title='bbox 972 1741 1052 1804; x_wconf 84' lang='lat' dir='ltr'>moli</span> <span class='ocrx_word' id='word_1_129' title='bbox 1074 1740 1152 1824; x_wconf 80' lang='lat' dir='ltr'>quid</span> <span class='ocrx_word' id='word_1_130' title='bbox 1174 1748 1277 1805; x_wconf 72' lang='lat' dir='ltr'>octauo</span> <span class='ocrx_word' id='word_1_131' title='bbox 1301 1761 1338 1806; x_wconf 78' lang='lat' dir='ltr'>ee</span> 
     </span>
     <span class='ocr_line' id='line_1_15' title="bbox 135 1843 426 1927; baseline 0.01 -21"><span class='ocrx_word' id='word_1_132' title='bbox 135 1843 194 1906; x_wconf 80' lang='lat' dir='ltr'>troc</span> <span class='ocrx_word' id='word_1_133' title='bbox 215 1844 257 1907; x_wconf 81' lang='lat' dir='ltr'>sit</span> <span class='ocrx_word' id='word_1_134' title='bbox 274 1843 426 1927; x_wconf 64' lang='lat' dir='ltr'>pialtico}</span> 
     </span>
    </p>

    <p class='ocr_par' dir='ltr' id='par_1_3' title="bbox 132 1950 1393 4379">
     <span class='ocr_line' id='line_1_16' title="bbox 226 1950 1337 2036; baseline 0.004 -22"><span class='ocrx_word' id='word_1_135' title='bbox 226 1950 375 2029; x_wconf 90' lang='lat' dir='ltr'>Possum,</span> <span class='ocrx_word' id='word_1_136' title='bbox 410 1953 535 2034; x_wconf 87' lang='lat' dir='ltr'>opinor,</span> <span class='ocrx_word' id='word_1_137' title='bbox 571 1953 784 2035; x_wconf 85' lang='lat' dir='ltr'>supersedere</span> <span class='ocrx_word' id='word_1_138' title='bbox 813 1952 1008 2020; x_wconf 85' lang='lat' dir='ltr'>refutatione</span> <span class='ocrx_word' id='word_1_139' title='bbox 1032 1952 1173 2036; x_wconf 78' lang='lat' dir='ltr'>vulgaris</span> <span class='ocrx_word' id='word_1_140' title='bbox 1198 1952 1245 2020; x_wconf 76' lang='lat' dir='ltr'>de,</span> <span class='ocrx_word' id='word_1_141' title='bbox 1261 1973 1337 2036; x_wconf 88' lang='lat' dir='ltr'>pcr-</span> 
     </span>
     <span class='ocr_line' id='line_1_17' title="bbox 136 2057 1337 2143; baseline 0.002 -22"><span class='ocrx_word' id='word_1_142' title='bbox 136 2057 223 2122; x_wconf 83' lang='lat' dir='ltr'>iecto</span> <span class='ocrx_word' id='word_1_143' title='bbox 254 2058 448 2122; x_wconf 88' lang='lat' dir='ltr'>coniunctivi</span> <span class='ocrx_word' id='word_1_144' title='bbox 478 2058 660 2124; x_wconf 86' lang='lat' dir='ltr'>dubitativo</span> <span class='ocrx_word' id='word_1_145' title='bbox 691 2059 857 2138; x_wconf 86' lang='lat' dir='ltr'>doctrinae,</span> <span class='ocrx_word' id='word_1_146' title='bbox 893 2061 981 2143; x_wconf 88' lang='lat' dir='ltr'>quod</span> <span class='ocrx_word' id='word_1_147' title='bbox 1009 2059 1179 2141; x_wconf 90' lang='lat' dir='ltr'>Zumptius</span> <span class='ocrx_word' id='word_1_148' title='bbox 1203 2057 1234 2140; x_wconf 57' lang='grc' dir='ltr'>(ᾗ</span> <span class='ocrx_word' id='word_1_149' title='bbox 1258 2057 1337 2141; x_wconf 79' lang='grc'>527)</span> 
     </span>
     <span class='ocr_line' id='line_1_18' title="bbox 137 2163 1337 2250; baseline 0 -21"><span class='ocrx_word' id='word_1_150' title='bbox 137 2163 254 2229; x_wconf 87' lang='lat' dir='ltr'>eodem</span> <span class='ocrx_word' id='word_1_151' title='bbox 278 2164 376 2229; x_wconf 92' lang='lat' dir='ltr'>modo</span> <span class='ocrx_word' id='word_1_152' title='bbox 399 2185 459 2247; x_wconf 90' lang='lat' dir='ltr'>pro</span> <span class='ocrx_word' id='word_1_153' title='bbox 483 2165 637 2247; x_wconf 83' lang='lat' dir='ltr'>praesenti</span> <span class='ocrx_word' id='word_1_154' title='bbox 660 2167 803 2248; x_wconf 89' lang='lat' dir='ltr'>positum</span> <span class='ocrx_word' id='word_1_155' title='bbox 827 2167 990 2249; x_wconf 86' lang='lat' dir='ltr'>opinatur,</span> <span class='ocrx_word' id='word_1_156' title='bbox 1022 2186 1087 2250; x_wconf 90' lang='lat' dir='ltr'>quo</span> <span class='ocrx_word' id='word_1_157' title='bbox 1111 2165 1256 2230; x_wconf 86' lang='lat' dir='ltr'>futurum</span> <span class='ocrx_word' id='word_1_158' title='bbox 1280 2185 1337 2229; x_wconf 82' lang='lat' dir='ltr'>ex·</span> 
     </span>
     <span class='ocr_line' id='line_1_19' title="bbox 137 2271 1339 2355; baseline 0.002 -20"><span class='ocrx_word' id='word_1_159' title='bbox 137 2275 249 2335; x_wconf 89' lang='lat' dir='ltr'>actum</span> <span class='ocrx_word' id='word_1_160' title='bbox 273 2291 334 2352; x_wconf 91' lang='lat' dir='ltr'>pro</span> <span class='ocrx_word' id='word_1_161' title='bbox 356 2271 496 2354; x_wconf 90' lang='lat' dir='ltr'>simplici</span> <span class='ocrx_word' id='word_1_162' title='bbox 519 2273 662 2355; x_wconf 87' lang='lat' dir='ltr'>positum</span> <span class='ocrx_word' id='word_1_163' title='bbox 680 2273 842 2355; x_wconf 79' lang='lat' dir='ltr'>eprIcare</span> <span class='ocrx_word' id='word_1_164' title='bbox 858 2278 994 2341; x_wconf 84' lang='lat' dir='ltr'>conatus</span> <span class='ocrx_word' id='word_1_165' title='bbox 1010 2276 1071 2338; x_wconf 90' lang='lat' dir='ltr'>est.</span> <span class='ocrx_word' id='word_1_166' title='bbox 1107 2272 1227 2337; x_wconf 88' lang='lat' dir='ltr'>Verum</span> <span class='ocrx_word' id='word_1_167' title='bbox 1243 2273 1339 2355; x_wconf 82' lang='lat' dir='ltr'>longe</span> 
     </span>
     <span class='ocr_line' id='line_1_20' title="bbox 137 2376 1339 2462; baseline 0.002 -20"><span class='ocrx_word' id='word_1_168' title='bbox 137 2378 221 2442; x_wconf 88' lang='lat' dir='ltr'>alius</span> <span class='ocrx_word' id='word_1_169' title='bbox 244 2376 297 2440; x_wconf 89' lang='lat' dir='ltr'>hic</span> <span class='ocrx_word' id='word_1_170' title='bbox 319 2378 451 2460; x_wconf 81' lang='lat' dir='ltr'>fingitur</span> <span class='ocrx_word' id='word_1_171' title='bbox 473 2380 629 2444; x_wconf 86' lang='lat' dir='ltr'>transitus</span> <span class='ocrx_word' id='word_1_172' title='bbox 654 2382 687 2443; x_wconf 86' lang='lat' dir='ltr'>et</span> <span class='ocrx_word' id='word_1_173' title='bbox 710 2379 765 2462; x_wconf 92' lang='lat' dir='ltr'>qui</span> <span class='ocrx_word' id='word_1_174' title='bbox 788 2379 861 2461; x_wconf 91' lang='lat' dir='ltr'>plus</span> <span class='ocrx_word' id='word_1_175' title='bbox 878 2378 1102 2445; x_wconf 86' lang='lat' dir='ltr'>admirationis</span> <span class='ocrx_word' id='word_1_176' title='bbox 1117 2379 1255 2456; x_wconf 79' lang='lat' dir='ltr'>babeat3</span> <span class='ocrx_word' id='word_1_177' title='bbox 1278 2398 1339 2444; x_wconf 88' lang='lat' dir='ltr'>nec</span> 
     </span>
     <span class='ocr_line' id='line_1_21' title="bbox 137 2484 1338 2567; baseline 0.001 -18"><span class='ocrx_word' id='word_1_178' title='bbox 137 2504 229 2562; x_wconf 86' lang='lat' dir='ltr'>sane,</span> <span class='ocrx_word' id='word_1_179' title='bbox 254 2505 318 2567; x_wconf 89' lang='lat' dir='ltr'>quo</span> <span class='ocrx_word' id='word_1_180' title='bbox 342 2485 374 2548; x_wconf 92' lang='lat' dir='ltr'>in</span> <span class='ocrx_word' id='word_1_181' title='bbox 398 2484 453 2549; x_wconf 88' lang='lat' dir='ltr'>illa</span> <span class='ocrx_word' id='word_1_182' title='bbox 477 2505 512 2549; x_wconf 89' lang='lat' dir='ltr'>re</span> <span class='ocrx_word' id='word_1_183' title='bbox 536 2505 615 2550; x_wconf 91' lang='lat' dir='ltr'>usus</span> <span class='ocrx_word' id='word_1_184' title='bbox 639 2493 711 2550; x_wconf 88' lang='lat' dir='ltr'>erat</span> <span class='ocrx_word' id='word_1_185' title='bbox 733 2485 928 2566; x_wconf 88' lang='lat' dir='ltr'>discrimine,</span> <span class='ocrx_word' id='word_1_186' title='bbox 953 2485 1127 2552; x_wconf 86' lang='lat' dir='ltr'>celeritatis</span> <span class='ocrx_word' id='word_1_187' title='bbox 1151 2489 1184 2551; x_wconf 90' lang='lat' dir='ltr'>et</span> <span class='ocrx_word' id='word_1_188' title='bbox 1207 2487 1253 2551; x_wconf 89' lang='lat' dir='ltr'>rei</span> <span class='ocrx_word' id='word_1_189' title='bbox 1279 2486 1338 2550; x_wconf 86' lang='lat' dir='ltr'>ab·</span> 
     </span>
     <span class='ocr_line' id='line_1_22' title="bbox 137 2591 1340 2674; baseline 0.002 -19"><span class='ocrx_word' id='word_1_190' title='bbox 137 2592 255 2656; x_wconf 82' lang='lat' dir='ltr'>solutae</span> <span class='ocrx_word' id='word_1_191' title='bbox 277 2591 478 2674; x_wconf 55' lang='lat' dir='ltr'>significatio*</span> <span class='ocrx_word' id='word_1_192' title='bbox 498 2596 548 2656; x_wconf 87' lang='lat' dir='ltr'>est</span> <span class='ocrx_word' id='word_1_193' title='bbox 574 2592 607 2656; x_wconf 91' lang='lat' dir='ltr'>in</span> <span class='ocrx_word' id='word_1_194' title='bbox 639 2595 702 2657; x_wconf 91' lang='lat' dir='ltr'>bac</span> <span class='ocrx_word' id='word_1_195' title='bbox 733 2592 922 2658; x_wconf 85' lang='lat' dir='ltr'>dubitanter</span> <span class='ocrx_word' id='word_1_196' title='bbox 953 2592 1081 2657; x_wconf 87' lang='lat' dir='ltr'>dicendi</span> <span class='ocrx_word' id='word_1_197' title='bbox 1113 2593 1228 2658; x_wconf 85' lang='lat' dir='ltr'>torma.</span> <span class='ocrx_word' id='word_1_198' title='bbox 1274 2592 1340 2657; x_wconf 90' lang='lat' dir='ltr'>Alii</span> 
     </span>
     <span class='ocr_line' id='line_1_23' title="bbox 137 2698 1339 2782; baseline 0 -19"><span class='ocrx_word' id='word_1_199' title='bbox 137 2702 261 2777; x_wconf 83' lang='lat' dir='ltr'>autem,</span> <span class='ocrx_word' id='word_1_200' title='bbox 296 2702 333 2763; x_wconf 93' lang='lat' dir='ltr'>ut</span> <span class='ocrx_word' id='word_1_201' title='bbox 365 2703 407 2775; x_wconf 87' lang='lat' dir='ltr'>et,</span> <span class='ocrx_word' id='word_1_202' title='bbox 443 2698 498 2781; x_wconf 88' lang='lat' dir='ltr'>qui</span> <span class='ocrx_word' id='word_1_203' title='bbox 531 2718 549 2764; x_wconf 90' lang='grc' dir='ltr'>θ</span> <span class='ocrx_word' id='word_1_204' title='bbox 580 2699 726 2782; x_wconf 81' lang='lat' dir='ltr'>perfecto</span> <span class='ocrx_word' id='word_1_205' title='bbox 756 2719 901 2782; x_wconf 83' lang='lat' dir='ltr'>praesens</span> <span class='ocrx_word' id='word_1_206' title='bbox 924 2699 995 2763; x_wconf 85' lang='lat' dir='ltr'>fieri</span> <span class='ocrx_word' id='word_1_207' title='bbox 1017 2699 1170 2781; x_wconf 86' lang='lat' dir='ltr'>potuerit,</span> <span class='ocrx_word' id='word_1_208' title='bbox 1206 2699 1339 2781; x_wconf 84' lang='lat' dir='ltr'>etquid</span> 
     </span>
     <span class='ocr_line' id='line_1_24' title="bbox 137 2804 1340 2888; baseline 0.001 -18"><span class='ocrx_word' id='word_1_209' title='bbox 137 2806 224 2870; x_wconf 91' lang='lat' dir='ltr'>inter</span> <span class='ocrx_word' id='word_1_210' title='bbox 247 2804 436 2870; x_wconf 79' lang='lat' dir='ltr'>crediderim</span> <span class='ocrx_word' id='word_1_211' title='bbox 459 2810 493 2870; x_wconf 88' lang='lat' dir='ltr'>et</span> <span class='ocrx_word' id='word_1_212' title='bbox 515 2806 643 2870; x_wconf 83' lang='lat' dir='ltr'>credam</span> <span class='ocrx_word' id='word_1_213' title='bbox 658 2806 795 2883; x_wconf 89' lang='lat' dir='ltr'>intersit,</span> <span class='ocrx_word' id='word_1_214' title='bbox 819 2806 968 2883; x_wconf 89' lang='lat' dir='ltr'>doceant,</span> <span class='ocrx_word' id='word_1_215' title='bbox 994 2809 1129 2871; x_wconf 89' lang='lat' dir='ltr'>utuntur</span> <span class='ocrx_word' id='word_1_216' title='bbox 1145 2805 1270 2888; x_wconf 76' lang='lat' dir='ltr'>virgula</span> <span class='ocrx_word' id='word_1_217' title='bbox 1285 2806 1340 2871; x_wconf 87' lang='lat' dir='ltr'>illa</span> 
     </span>
     <span class='ocr_line' id='line_1_25' title="bbox 138 2911 1339 2994; baseline 0.001 -19"><span class='ocrx_word' id='word_1_218' title='bbox 138 2911 259 2990; x_wconf 85' lang='lat' dir='ltr'>divina,</span> <span class='ocrx_word' id='word_1_219' title='bbox 283 2912 395 2976; x_wconf 76' lang='lat' dir='ltr'>aoriSti</span> <span class='ocrx_word' id='word_1_220' title='bbox 418 2913 567 2990; x_wconf 88' lang='lat' dir='ltr'>nomine;</span> <span class='ocrx_word' id='word_1_221' title='bbox 591 2913 631 2977; x_wconf 87' lang='lat' dir='ltr'>de</span> <span class='ocrx_word' id='word_1_222' title='bbox 655 2933 720 2994; x_wconf 90' lang='lat' dir='ltr'>quo</span> <span class='ocrx_word' id='word_1_223' title='bbox 743 2931 809 2977; x_wconf 91' lang='lat' dir='ltr'>non</span> <span class='ocrx_word' id='word_1_224' title='bbox 833 2912 929 2977; x_wconf 87' lang='lat' dir='ltr'>huius</span> <span class='ocrx_word' id='word_1_225' title='bbox 953 2912 999 2977; x_wconf 89' lang='lat' dir='ltr'>rei</span> <span class='ocrx_word' id='word_1_226' title='bbox 1023 2931 1132 2989; x_wconf 87' lang='lat' dir='ltr'>causa,</span> <span class='ocrx_word' id='word_1_227' title='bbox 1157 2913 1216 2976; x_wconf 89' lang='lat' dir='ltr'>sed</span> <span class='ocrx_word' id='word_1_228' title='bbox 1239 2911 1339 2977; x_wconf 89' lang='lat' dir='ltr'>totius</span> 
     </span>
     <span class='ocr_line' id='line_1_26' title="bbox 138 3017 1340 3101; baseline 0.002 -19"><span class='ocrx_word' id='word_1_229' title='bbox 138 3019 267 3100; x_wconf 81' lang='lat' dir='ltr'>generis</span> <span class='ocrx_word' id='word_1_230' title='bbox 290 3018 412 3099; x_wconf 87' lang='lat' dir='ltr'>aliquid</span> <span class='ocrx_word' id='word_1_231' title='bbox 435 3018 553 3083; x_wconf 87' lang='lat' dir='ltr'>dicam.</span> <span class='ocrx_word' id='word_1_232' title='bbox 588 3020 673 3084; x_wconf 89' lang='lat' dir='ltr'>Nam</span> <span class='ocrx_word' id='word_1_233' title='bbox 697 3019 753 3101; x_wconf 90' lang='lat' dir='ltr'>qui</span> <span class='ocrx_word' id='word_1_234' title='bbox 775 3022 845 3082; x_wconf 88' lang='lat' dir='ltr'>tam</span> <span class='ocrx_word' id='word_1_235' title='bbox 869 3017 963 3082; x_wconf 82' lang='lat' dir='ltr'>facile</span> <span class='ocrx_word' id='word_1_236' title='bbox 986 3019 1021 3082; x_wconf 94' lang='lat' dir='ltr'>in</span> <span class='ocrx_word' id='word_1_237' title='bbox 1042 3018 1258 3100; x_wconf 76' lang='lat' dir='ltr'>grammatica</span> <span class='ocrx_word' id='word_1_238' title='bbox 1276 3019 1340 3084; x_wconf 84' lang='lat' dir='ltr'>La-</span> 
     </span>
     <span class='ocr_line' id='line_1_27' title="bbox 138 3124 1340 3217; baseline -0.001 -27"><span class='ocrx_word' id='word_1_239' title='bbox 138 3125 209 3190; x_wconf 86' lang='lat' dir='ltr'>tina</span> <span class='ocrx_word' id='word_1_240' title='bbox 232 3125 343 3217; x_wconf 78' lang='lat' dir='ltr'>aoristi</span> <span class='ocrx_word' id='word_1_241' title='bbox 366 3124 498 3190; x_wconf 88' lang='lat' dir='ltr'>nomine</span> <span class='ocrx_word' id='word_1_242' title='bbox 521 3129 667 3203; x_wconf 89' lang='lat' dir='ltr'>utuntur,</span> <span class='ocrx_word' id='word_1_243' title='bbox 702 3124 846 3206; x_wconf 91' lang='lat' dir='ltr'>primum</span> <span class='ocrx_word' id='word_1_244' title='bbox 874 3124 997 3189; x_wconf 89' lang='lat' dir='ltr'>debent</span> <span class='ocrx_word' id='word_1_245' title='bbox 1026 3125 1210 3190; x_wconf 87' lang='lat' dir='ltr'>accuratius</span> <span class='ocrx_word' id='word_1_246' title='bbox 1234 3125 1340 3190; x_wconf 91' lang='lat' dir='ltr'>consi·</span> 
     </span>
     <span class='ocr_line' id='line_1_28' title="bbox 139 3230 1340 3314; baseline 0 -18"><span class='ocrx_word' id='word_1_247' title='bbox 139 3232 266 3309; x_wconf 85' lang='lat' dir='ltr'>derare,</span> <span class='ocrx_word' id='word_1_248' title='bbox 291 3231 396 3313; x_wconf 87' lang='lat' dir='ltr'>qualis</span> <span class='ocrx_word' id='word_1_249' title='bbox 419 3231 453 3297; x_wconf 92' lang='lat' dir='ltr'>in</span> <span class='ocrx_word' id='word_1_250' title='bbox 469 3231 584 3298; x_wconf 85' lang='lat' dir='ltr'>Graeca</span> <span class='ocrx_word' id='word_1_251' title='bbox 606 3232 715 3314; x_wconf 77' lang='lat' dir='ltr'>liugua</span> <span class='ocrx_word' id='word_1_252' title='bbox 731 3250 771 3295; x_wconf 87' lang='lat' dir='ltr'>ea</span> <span class='ocrx_word' id='word_1_253' title='bbox 786 3231 876 3295; x_wconf 89' lang='lat' dir='ltr'>notio</span> <span class='ocrx_word' id='word_1_254' title='bbox 892 3232 943 3311; x_wconf 88' lang='lat' dir='ltr'>sit,</span> <span class='ocrx_word' id='word_1_255' title='bbox 968 3230 1086 3296; x_wconf 86' lang='lat' dir='ltr'>deinde</span> <span class='ocrx_word' id='word_1_256' title='bbox 1102 3232 1192 3314; x_wconf 89' lang='lat' dir='ltr'>apud</span> <span class='ocrx_word' id='word_1_257' title='bbox 1207 3231 1340 3296; x_wconf 85' lang='lat' dir='ltr'>Latinos</span> 
     </span>
     <span class='ocr_line' id='line_1_29' title="bbox 138 3337 1340 3421; baseline 0 -18"><span class='ocrx_word' id='word_1_258' title='bbox 138 3339 252 3421; x_wconf 84' lang='lat' dir='ltr'>qualia</span> <span class='ocrx_word' id='word_1_259' title='bbox 274 3338 365 3402; x_wconf 85' lang='lat' dir='ltr'>initia</span> <span class='ocrx_word' id='word_1_260' title='bbox 389 3341 422 3403; x_wconf 92' lang='lat' dir='ltr'>et</span> <span class='ocrx_word' id='word_1_261' title='bbox 445 3338 660 3404; x_wconf 85' lang='lat' dir='ltr'>fundamenta</span> <span class='ocrx_word' id='word_1_262' title='bbox 684 3357 808 3416; x_wconf 90' lang='lat' dir='ltr'>eorum,</span> <span class='ocrx_word' id='word_1_263' title='bbox 836 3357 976 3419; x_wconf 89' lang='lat' dir='ltr'>quorum</span> <span class='ocrx_word' id='word_1_264' title='bbox 999 3342 1128 3420; x_wconf 87' lang='lat' dir='ltr'>partem</span> <span class='ocrx_word' id='word_1_265' title='bbox 1152 3337 1340 3403; x_wconf 85' lang='lat' dir='ltr'>Graecorum</span> 
     </span>
     <span class='ocr_line' id='line_1_30' title="bbox 139 3443 1340 3527; baseline -0.001 -17"><span class='ocrx_word' id='word_1_266' title='bbox 139 3444 386 3526; x_wconf 83' lang='lat' dir='ltr'>comparatione</span> <span class='ocrx_word' id='word_1_267' title='bbox 421 3444 597 3527; x_wconf 85' lang='lat' dir='ltr'>explanare</span> <span class='ocrx_word' id='word_1_268' title='bbox 631 3448 801 3510; x_wconf 91' lang='lat' dir='ltr'>conantur.</span> <span class='ocrx_word' id='word_1_269' title='bbox 858 3445 943 3510; x_wconf 85' lang='lat' dir='ltr'>Nam</span> <span class='ocrx_word' id='word_1_270' title='bbox 978 3445 1118 3510; x_wconf 89' lang='lat' dir='ltr'>aoristus</span> <span class='ocrx_word' id='word_1_271' title='bbox 1152 3443 1340 3511; x_wconf 85' lang='lat' dir='ltr'>Graecorum</span> 
     </span>
     <span class='ocr_line' id='line_1_31' title="bbox 138 3550 1393 3634; baseline -0.006 -18"><span class='ocrx_word' id='word_1_272' title='bbox 138 3551 316 3616; x_wconf 86' lang='lat' dir='ltr'>indicativo</span> <span class='ocrx_word' id='word_1_273' title='bbox 350 3550 448 3616; x_wconf 91' lang='lat' dir='ltr'>modo</span> <span class='ocrx_word' id='word_1_274' title='bbox 482 3551 638 3633; x_wconf 84' lang='lat' dir='ltr'>praeteriti</span> <span class='ocrx_word' id='word_1_275' title='bbox 666 3550 823 3634; x_wconf 91' lang='lat' dir='ltr'>temporis</span> <span class='ocrx_word' id='word_1_276' title='bbox 852 3555 911 3630; x_wconf 86' lang='lat' dir='ltr'>est,</span> <span class='ocrx_word' id='word_1_277' title='bbox 947 3555 1039 3616; x_wconf 83' lang='lat' dir='ltr'>extra</span> <span class='ocrx_word' id='word_1_278' title='bbox 1069 3550 1281 3615; x_wconf 84' lang='lat' dir='ltr'>indicativum</span> <span class='ocrx_word' id='word_1_279' title='bbox 1305 3554 1338 3616; x_wconf 89' lang='lat' dir='ltr'>et</span> <span class='ocrx_word' id='word_1_280' title='bbox 1355 3569 1393 3609; x_wconf 85' lang='grc' dir='ltr'>ιιο</span> 
     </span>
     <span class='ocr_line' id='line_1_32' title="bbox 139 3656 1340 3741; baseline 0.001 -20"><span class='ocrx_word' id='word_1_281' title='bbox 139 3656 349 3740; x_wconf 88' lang='lat' dir='ltr'>participium</span> <span class='ocrx_word' id='word_1_282' title='bbox 372 3657 505 3723; x_wconf 89' lang='lat' dir='ltr'>omnino</span> <span class='ocrx_word' id='word_1_283' title='bbox 527 3677 594 3723; x_wconf 91' lang='lat' dir='ltr'>non</span> <span class='ocrx_word' id='word_1_284' title='bbox 616 3657 720 3741; x_wconf 76' lang='lat' dir='ltr'>magis</span> <span class='ocrx_word' id='word_1_285' title='bbox 748 3657 905 3740; x_wconf 87' lang='lat' dir='ltr'>praeteriti</span> <span class='ocrx_word' id='word_1_286' title='bbox 936 3657 1092 3739; x_wconf 88' lang='lat' dir='ltr'>temporis</span> <span class='ocrx_word' id='word_1_287' title='bbox 1123 3677 1223 3739; x_wconf 85' lang='lat' dir='ltr'>quam</span> <span class='ocrx_word' id='word_1_288' title='bbox 1255 3677 1340 3740; x_wconf 86' lang='lat' dir='ltr'>prae·</span> 
     </span>
     <span class='ocr_line' id='line_1_33' title="bbox 140 3763 1338 3847; baseline 0.001 -19"><span class='ocrx_word' id='word_1_289' title='bbox 140 3765 242 3829; x_wconf 89' lang='lat' dir='ltr'>sentis</span> <span class='ocrx_word' id='word_1_290' title='bbox 265 3765 397 3846; x_wconf 90' lang='lat' dir='ltr'>propria</span> <span class='ocrx_word' id='word_1_291' title='bbox 420 3763 526 3829; x_wconf 86' lang='lat' dir='ltr'>forma</span> <span class='ocrx_word' id='word_1_292' title='bbox 550 3770 615 3840; x_wconf 84' lang='lat' dir='ltr'>est;</span> <span class='ocrx_word' id='word_1_293' title='bbox 638 3767 728 3828; x_wconf 86' lang='lat' dir='ltr'>caret</span> <span class='ocrx_word' id='word_1_294' title='bbox 751 3764 861 3842; x_wconf 88' lang='lat' dir='ltr'>etiam,</span> <span class='ocrx_word' id='word_1_295' title='bbox 885 3763 943 3828; x_wconf 92' lang='lat' dir='ltr'>sed</span> <span class='ocrx_word' id='word_1_296' title='bbox 959 3764 993 3828; x_wconf 89' lang='lat' dir='ltr'>in</span> <span class='ocrx_word' id='word_1_297' title='bbox 1008 3763 1179 3846; x_wconf 88' lang='lat' dir='ltr'>participio</span> <span class='ocrx_word' id='word_1_298' title='bbox 1199 3783 1338 3847; x_wconf 89' lang='lat' dir='ltr'>quoque,</span> 
     </span>
     <span class='ocr_line' id='line_1_34' title="bbox 140 3870 1340 3955; baseline -0.003 -19"><span class='ocrx_word' id='word_1_299' title='bbox 140 3874 236 3954; x_wconf 84' lang='lat' dir='ltr'>parte</span> <span class='ocrx_word' id='word_1_300' title='bbox 268 3871 331 3949; x_wconf 88' lang='lat' dir='ltr'>illa,</span> <span class='ocrx_word' id='word_1_301' title='bbox 367 3890 441 3952; x_wconf 85' lang='lat' dir='ltr'>quae</span> <span class='ocrx_word' id='word_1_302' title='bbox 473 3876 521 3936; x_wconf 87' lang='lat' dir='ltr'>est</span> <span class='ocrx_word' id='word_1_303' title='bbox 555 3874 634 3937; x_wconf 88' lang='lat' dir='ltr'>nota</span> <span class='ocrx_word' id='word_1_304' title='bbox 665 3870 832 3955; x_wconf 85' lang='lat' dir='ltr'>praeteriti,</span> <span class='ocrx_word' id='word_1_305' title='bbox 868 3875 1055 3954; x_wconf 81' lang='lat' dir='ltr'>augmento.</span> <span class='ocrx_word' id='word_1_306' title='bbox 1106 3870 1220 3952; x_wconf 87' lang='lat' dir='ltr'>Itaque</span> <span class='ocrx_word' id='word_1_307' title='bbox 1251 3888 1340 3933; x_wconf 89' lang='lat' dir='ltr'>com·</span> 
     </span>
     <span class='ocr_line' id='line_1_35' title="bbox 140 3975 1341 4060; baseline -0.002 -19"><span class='ocrx_word' id='word_1_308' title='bbox 140 3977 270 4059; x_wconf 88' lang='lat' dir='ltr'>paratio</span> <span class='ocrx_word' id='word_1_309' title='bbox 292 3976 491 4058; x_wconf 83' lang='lat' dir='ltr'>reliquorum</span> <span class='ocrx_word' id='word_1_310' title='bbox 520 3978 692 4044; x_wconf 90' lang='lat' dir='ltr'>modorum</span> <span class='ocrx_word' id='word_1_311' title='bbox 721 3978 833 4043; x_wconf 87' lang='lat' dir='ltr'>aoristi</span> <span class='ocrx_word' id='word_1_312' title='bbox 861 3977 940 4042; x_wconf 90' lang='lat' dir='ltr'>nihil</span> <span class='ocrx_word' id='word_1_313' title='bbox 963 3997 1097 4060; x_wconf 91' lang='lat' dir='ltr'>prorsus</span> <span class='ocrx_word' id='word_1_314' title='bbox 1120 3977 1163 4042; x_wconf 90' lang='lat' dir='ltr'>ad</span> <span class='ocrx_word' id='word_1_315' title='bbox 1186 3975 1341 4041; x_wconf 84' lang='lat' dir='ltr'>Latmum</span> 
     </span>
     <span class='ocr_line' id='line_1_36' title="bbox 141 4081 1342 4181; baseline -0.002 -33"><span class='ocrx_word' id='word_1_316' title='bbox 141 4103 327 4148; x_wconf 87' lang='lat' dir='ltr'>sermonem</span> <span class='ocrx_word' id='word_1_317' title='bbox 362 4084 512 4165; x_wconf 87' lang='lat' dir='ltr'>pertinet,</span> <span class='ocrx_word' id='word_1_318' title='bbox 548 4086 638 4149; x_wconf 90' lang='lat' dir='ltr'>cuius</span> <span class='ocrx_word' id='word_1_319' title='bbox 673 4085 763 4150; x_wconf 90' lang='lat' dir='ltr'>nulla</span> <span class='ocrx_word' id='word_1_320' title='bbox 791 4087 842 4149; x_wconf 92' lang='lat' dir='ltr'>est</span> <span class='ocrx_word' id='word_1_321' title='bbox 870 4084 1029 4181; x_wconf 74' lang='lat' dir='ltr'>eiusmodi</span> <span class='ocrx_word' id='word_1_322' title='bbox 1058 4083 1149 4148; x_wconf 85' lang='lat' dir='ltr'>verbi</span> <span class='ocrx_word' id='word_1_323' title='bbox 1177 4102 1273 4165; x_wconf 88' lang='lat' dir='ltr'>pars;</span> <span class='ocrx_word' id='word_1_324' title='bbox 1308 4081 1342 4146; x_wconf 92' lang='lat' dir='ltr'>in</span> 
     </span>
     <span class='ocr_line' id='line_1_37' title="bbox 132 4188 1341 4287; baseline -0.002 -33"><span class='ocrx_word' id='word_1_325' title='bbox 132 4189 317 4287; x_wconf 34' lang='lat' dir='ltr'>‘indicativo</span> <span class='ocrx_word' id='word_1_326' title='bbox 352 4194 463 4256; x_wconf 88' lang='lat' dir='ltr'>autem</span> <span class='ocrx_word' id='word_1_327' title='bbox 498 4211 599 4274; x_wconf 85' lang='lat' dir='ltr'>quum</span> <span class='ocrx_word' id='word_1_328' title='bbox 634 4211 709 4256; x_wconf 88' lang='lat' dir='ltr'>raro</span> <span class='ocrx_word' id='word_1_329' title='bbox 743 4199 777 4256; x_wconf 88' lang='lat' dir='ltr'>et</span> <span class='ocrx_word' id='word_1_330' title='bbox 798 4191 897 4257; x_wconf 71' lang='lat' dir='ltr'>‘intra</span> <span class='ocrx_word' id='word_1_331' title='bbox 931 4196 1036 4256; x_wconf 86' lang='lat' dir='ltr'>certos</span> <span class='ocrx_word' id='word_1_332' title='bbox 1070 4191 1152 4255; x_wconf 87' lang='lat' dir='ltr'>fines</span> <span class='ocrx_word' id='word_1_333' title='bbox 1184 4188 1341 4272; x_wconf 83' lang='lat' dir='ltr'>praeteriti</span> 
     </span>
     <span class='ocr_line' id='line_1_38' title="bbox 143 4296 1342 4379; baseline 0 -18"><span class='ocrx_word' id='word_1_334' title='bbox 143 4296 335 4379; x_wconf 82' lang='lat' dir='ltr'>significatio</span> <span class='ocrx_word' id='word_1_335' title='bbox 364 4298 565 4378; x_wconf 83' lang='lat' dir='ltr'>obscuretur,</span> <span class='ocrx_word' id='word_1_336' title='bbox 600 4298 709 4364; x_wconf 90' lang='lat' dir='ltr'>nullus</span> <span class='ocrx_word' id='word_1_337' title='bbox 742 4301 854 4363; x_wconf 91' lang='lat' dir='ltr'>tamen</span> <span class='ocrx_word' id='word_1_338' title='bbox 890 4302 939 4363; x_wconf 90' lang='lat' dir='ltr'>est</span> <span class='ocrx_word' id='word_1_339' title='bbox 974 4299 1133 4363; x_wconf 87' lang='lat' dir='ltr'>eiusmodi</span> <span class='ocrx_word' id='word_1_340' title='bbox 1168 4297 1280 4363; x_wconf 89' lang='lat' dir='ltr'>aoristi</span> <span class='ocrx_word' id='word_1_341' title='bbox 1309 4298 1342 4362; x_wconf 89' lang='lat' dir='ltr'>in</span> 
     </span>
    </p>
   </div>
   <div class='ocr_carea' id='block_1_3' title="bbox 174 4525 1341 4598">
    <p class='ocr_par' dir='ltr' id='par_1_4' title="bbox 174 4525 1341 4598">
     <span class='ocr_line' id='line_1_39' title="bbox 174 4525 1341 4598; baseline -0.001 -16"><span class='ocrx_word' id='word_1_342' title='bbox 174 4525 197 4590; x_wconf 82' lang='grc' dir='ltr'>Ι&gt;</span> <span class='ocrx_word' id='word_1_343' title='bbox 214 4528 254 4582; x_wconf 88' lang='lat' dir='ltr'>De</span> <span class='ocrx_word' id='word_1_344' title='bbox 273 4528 326 4582; x_wconf 87' lang='lat' dir='ltr'>Cic.</span> <span class='ocrx_word' id='word_1_345' title='bbox 345 4529 421 4582; x_wconf 87' lang='lat' dir='ltr'>Brut.</span> <span class='ocrx_word' id='word_1_346' title='bbox 440 4528 466 4592; x_wconf 81' lang='lat'>5,</span> <span class='ocrx_word' id='word_1_347' title='bbox 491 4528 525 4582; x_wconf 88' lang='grc'>18</span> <span class='ocrx_word' id='word_1_348' title='bbox 543 4526 601 4596; x_wconf 89' lang='lat' dir='ltr'>(uhi</span> <span class='ocrx_word' id='word_1_349' title='bbox 625 4533 684 4584; x_wconf 86' lang='lat' dir='ltr'>erat</span> <span class='ocrx_word' id='word_1_350' title='bbox 708 4545 793 4583; x_wconf 76' lang='lat' dir='ltr'>ausus</span> <span class='ocrx_word' id='word_1_351' title='bbox 815 4528 878 4598; x_wconf 84' lang='lat' dir='ltr'>aim)</span> <span class='ocrx_word' id='word_1_352' title='bbox 902 4529 1006 4584; x_wconf 90' lang='lat' dir='ltr'>dictum</span> <span class='ocrx_word' id='word_1_353' title='bbox 1025 4534 1067 4584; x_wconf 84' lang='lat' dir='ltr'>est</span> <span class='ocrx_word' id='word_1_354' title='bbox 1084 4545 1169 4598; x_wconf 88' lang='lat' dir='ltr'>supra</span> <span class='ocrx_word' id='word_1_355' title='bbox 1186 4544 1213 4598; x_wconf 91' lang='lat' dir='ltr'>p.</span> <span class='ocrx_word' id='word_1_356' title='bbox 1233 4527 1268 4581; x_wconf 88' lang='grc'>70</span> <span class='ocrx_word' id='word_1_357' title='bbox 1286 4532 1341 4582; x_wconf 82' lang='lat' dir='ltr'>not</span> 
     </span>
    </p>
   </div>
   <div class='ocr_carea' id='block_1_4' title="bbox 0 0 1497 5190">
    <p class='ocr_par' dir='ltr' id='par_1_5' title="bbox 0 0 1497 5190">
     <span class='ocr_line' id='line_1_40' title="bbox 0 0 1497 5190; baseline 0 0"><span class='ocrx_word' id='word_1_358' title='bbox 0 0 1497 5190; x_wconf 95' lang='lat' dir='ltr'> </span> 
     </span>
    </p>
   </div>
  </div>
 </body>
</html>
