2956 5190
702 267 764 332 537

319 464 534 547 Naufragium
559 463 639 528 velis
663 463 863 527 ardentibus.
910 463 1029 529 Omnia
1052 464 1134 530 fiunt

318 573 423 649 Talia,
447 576 517 635 tam
543 572 693 653 graviter,
718 573 745 635 si
768 571 901 652 quando
924 574 1051 653 poetica
1074 573 1176 654 surgit

318 679 525 761 Tempestas,
573 676 682 742 Genus
707 697 782 742 ecce
806 677 894 742 aliud
918 679 1128 743 discriminis:
1152 680 1229 744 audi

318 786 358 850 ut
381 786 537 849 miserere
560 785 688 860 iterum,
712 803 901 866 quanquam
925 785 990 849 sint
1013 790 1122 851 cetera
1145 787 1241 851 sortis
1311 796 1314 802 '

317 892 487 956 Eiusdem:
512 911 588 974 pars
613 891 684 955 dira
707 890 849 971 quidem,
873 892 931 955 sed
956 892 1085 974 cognita
1108 892 1219 957 multis

317 1000 359 1063 Et
382 1019 480 1080 quam
505 1000 615 1063 votiva
640 1000 800 1062 testantur
824 997 902 1062 fana
925 998 1048 1063 tabella

317 1106 472 1171 Plurima.

130 1283 170 1347 Iu
192 1283 243 1346 his
267 1303 366 1364 quam
391 1287 499 1348 essent
522 1284 626 1346 multa
649 1301 761 1363 prava,
791 1283 857 1347 iam
886 1283 928 1347 ab
954 1282 1025 1347 aliis
1048 1283 1249 1348 intellectum
1273 1287 1332 1362 est,
1350 1300 1389 1340 1⁷2

132 1391 274 1472 duoque,
299 1410 373 1472 quae
396 1391 562 1471 praecipua
586 1392 690 1464 erant,
715 1389 757 1451 ab
783 1388 818 1452 E.
837 1389 874 1453 G.
893 1389 1037 1455 Webero
1060 1396 1148 1456 recte
1171 1392 1334 1475 expedita.

132 1497 214 1574 Quis
238 1498 323 1560 enim
348 1497 489 1579 primum
513 1515 579 1560 non
603 1495 701 1576 videt,
725 1515 878 1577 perverse
896 1504 1018 1579 praeicr
1039 1496 1162 1579 fulmen
1192 1518 1335 1563 comme·

132 1605 254 1668 morari
280 1604 386 1685 ignem
412 1602 511 1666 alium
535 1606 566 1667 et
591 1601 666 1666 huic
689 1601 873 1666 incendium
898 1602 1020 1668 tribui?
1043 1604 1160 1669 deinde
1179 1625 1252 1686 quae
1271 1607 1336 1670 ista

133 1712 185 1774 est
216 1709 399 1775 coniunctio
434 1713 466 1773 et
501 1729 609 1773 rerum
645 1711 846 1774 consecutio:
882 1709 1048 1773 Antronas
1083 1712 1207 1794 impulit
1241 1713 1334 1795 ipsis,

133 1837 230 1900 palum
254 1837 286 1878 se
309 1819 437 1901 quisque
461 1817 514 1879 illo
532 1837 717 1898 percussum
741 1816 902 1880 crederei?
928 1817 976 1880 Ac
995 1818 1085 1899 prius
1108 1818 1187 1882 illud
1210 1819 1335 1882 incom-

131 1923 268 1988 modum
294 1923 430 1987 Carolus
459 1922 667 1998 Schnidtius,
704 1923 757 2004 qui
788 1922 950 1986 Itcoenolis
978 1925 1155 1987 satirarum
1184 1923 1334 1987 delectum

130 2029 318 2094 Bieleieldae
343 2049 373 2093 a.
400 2030 485 2093 1835
509 2024 654 2109 edidit¹),
689 2029 735 2093 sic
767 2031 890 2093 evitare
922 2029 1041 2107 studet,
1078 2033 1114 2094 ut
1146 2050 1258 2094 versus
1293 2031 1333 2095 18

130 2136 223 2201 initio
247 2134 359 2219 (evasi)
383 2156 514 2199 versum
530 2136 573 2199 24
597 2134 707 2218 (penus
731 2157 794 2199 ecce
818 2136 909 2199 aliud
925 2135 1000 2218 oet.)
1024 2138 1200 2215 continuet,
1225 2140 1335 2201 cetera

130 2244 243 2308 omnia
267 2244 455 2325 parenthesi
479 2241 661 2307 concludat.
707 2242 744 2305 ln
773 2263 847 2324 quo,
883 2247 919 2307 ut
948 2264 1014 2308 non
1046 2244 1162 2320 dicam,
1199 2244 1334 2308 mirifice

130 2351 345 2432 parenthesin
368 2350 487 2426 induci,
518 2351 573 2413 uhi
597 2349 722 2413 nullum
745 2350 916 2414 minimum
940 2351 1117 2414 insistentis
1141 2354 1174 2414 et
1198 2370 1333 2415 conver·

130 2458 231 2521 tentis
254 2477 290 2521 se
313 2457 377 2520 alio
400 2434 555 2521 orationis
579 2457 749 2537 vestigium
781 2457 831 2533 sit,
868 2458 963 2538 quale
995 2457 1130 2521 tandem
1162 2456 1242 2521 illud
1273 2461 1332 2534 est,

132 2563 222 2646 quod
245 2567 318 2646 post
341 2562 562 2645 parenthesin,
592 2581 664 2642 quae
688 2563 760 2643 ipsa
784 2562 866 2627 duas
890 2564 1040 2646 periodos
1064 2564 1208 2628 maxima
1232 2563 1332 2627 inter·

130 2671 308 2753 punctione
333 2670 493 2734 diiunctas
518 2668 691 2746 contineat,
716 2669 761 2733 ita
782 2670 990 2734 continuatur
1005 2670 1119 2746 oratio,
1144 2672 1236 2753 quasi
1253 2669 1332 2734 nihil

132 2778 335 2842 interiectum
361 2777 473 2841 suerit:
509 2775 631 2839 Praeter
655 2777 767 2861 pelopi
796 2798 888 2841 costis
919 2784 946 2840 ci
972 2776 1121 2859 folrriinis
1149 2779 1245 2841 icium
1268 2798 1333 2841 ecce

133 2885 225 2948 uliud
246 2906 344 2969 penus
367 2884 584 2946 discriminis?
616 2883 700 2947 Tum
725 2869 931 2965 participium
949 2885 1034 2947 eram
1050 2883 1170 2947 frustra
1187 2886 1330 2961 excusat,

133 2991 221 3073 quod
254 2995 342 3055 recto
371 2990 533 3053 Weberus
568 2989 747 3054 barbarum
777 2995 809 3054 et
836 2990 1019 3054 inauditum
1047 2991 1189 3065 dixerat3
1225 3009 1331 3070 neque

132 3100 218 3162 enim
243 3099 347 3162 solum
373 3098 415 3160 ab
440 3116 501 3160 usu
525 3096 679 3176 loquendi
702 3097 874 3179 respuitur,
907 3096 965 3161 sed
989 3097 1032 3161 ab
1057 3096 1216 3179 analogia,
1250 3117 1331 3178 quo-

129 3206 220 3269 niam
245 3203 431 3269 huiusmodi
455 3202 566 3279 verba,
595 3203 704 3282 qualia
728 3198 936 3285 suntcredo,
965 3203 1086 3285 excedo,
1109 3204 1237 3286 invado,
1255 3224 1331 3287 per·

131 3311 222 3388 vado,
259 3330 448 3393 quanquam
473 3330 546 3373 cum
571 3309 756 3374 accusativo
780 3311 1029 3392 coniunguntur,
1065 3314 1177 3375 tamen
1200 3311 1330 3393 passive

131 3418 220 3499 apud
244 3419 347 3483 honos
371 3417 545 3498 scriptores
569 3409 646 3479 uon*
659 3415 825 3494 dicuntur;
861 3416 949 3497 apud
972 3417 1155 3481 Palladium
1189 3419 1330 3495 invasus,

131 3524 221 3605 apud
243 3524 459 3588 Ammianum
477 3543 633 3607 pereussos
661 3522 759 3604 legas
796 3523 885 3604 apud
914 3523 1151 3588 Tertullianum
1181 3543 1329 3586 excessis.

131 3629 197 3694 Sed
221 3634 257 3694 ut
280 3630 322 3694 sit
344 3630 468 3695 bonum
493 3628 698 3705 vocabulum,
734 3630 934 3711 ineptissime
965 3635 1076 3695 tamen
1107 3631 1224 3694 dicitur
1251 3630 1332 3693 icius

129 3735 278 3817 fulminis
301 3739 395 3815 orosi,
421 3756 521 3819 quum
544 3738 627 3801 ictus
652 3738 791 3801 evitatus
814 3738 1020 3820 significetur,
1046 3736 1138 3820 quasi
1161 3739 1256 3800 ictum
1279 3757 1330 3801 sa-

128 3845 216 3926 pillm
246 3845 353 3907 ‘vitata
383 3865 443 3927 pro
475 3845 571 3907 ‘allato
601 3845 664 3906 ictu
693 3843 822 3907 dixeris
869 3844 1043 3909 Verissime
1067 3843 1163 3926 igitur
1185 3844 1252 3907 iam
1275 3843 1330 3907 Pi·

129 3950 238 4014 thoeus
268 3956 301 4015 et
329 3970 434 4032 nuper
464 3951 500 4027 is
537 3970 634 4032 quem
663 3951 838 4029 nominavi,
873 3950 1035 4015 Weberus
1059 3970 1099 4014 ex
1122 3970 1188 4015 uno
1210 3949 1329 4014 Pithoei

131 4057 240 4121 codice
264 4057 378 4140 reponi
402 4058 591 4122 voluerunt:

157 4355 179 4424 ¹)
198 4359 279 4412 Hunc
303 4376 389 4428 quum
413 4358 512 4428 saepius
535 4358 751 4428 reprehensurus
774 4357 840 4421 sim,
869 4373 978 4425 aequum
1004 4360 1045 4409 est
1068 4371 1124 4410 nou
1147 4355 1330 4421 dissimulare,

200 4464 287 4502 unum
307 4453 334 4503 et
352 4448 469 4502 alterum
488 4449 588 4512 locum,
608 4448 641 4502 de
660 4463 716 4516 quo
734 4463 811 4500 eram
829 4446 960 4505 dicturus.
980 4446 1014 4498 ab
1029 4462 1062 4499 eo
1077 4451 1240 4514 occupatum
1255 4461 1329 4509 essm
1433 4516 1434 4521 ἵ

201 4537 277 4591 velut
295 4543 345 4591 sat.
365 4537 388 4589 V
407 4554 432 4591 v.
453 4536 502 4589 141
523 4553 582 4605 sqq.
601 4536 728 4600 breviter,
748 4536 795 4590 sed
815 4541 888 4588 recte
906 4533 1052 4588 enarravit.
