2956 5190
794 261 837 325 74

126 454 133 468 '
215 455 322 538 poesis
345 458 456 538 partes
479 453 676 536 pertinentia
699 455 827 521 videtur
850 455 1018 534 adiecisse,
1048 473 1238 537 quanquam
1272 452 1357 519 falso
1378 473 1414 518 er

216 582 264 640 eo,
293 561 381 644 quod
405 561 446 624 de
469 560 614 625 Homero
638 564 671 623 et
693 560 839 627 Hesiodo
862 561 986 642 aliquid
1008 562 1100 626 initio
1128 561 1236 642 operis
1266 560 1416 625 disseruit

175 684 201 724 a
215 671 249 732 et
282 666 370 749 quod
405 664 523 730 alicubi
558 665 687 729 diversa
716 686 788 732 esse
817 672 1007 750 poematum
1037 686 1156 748 genera
1181 665 1274 743 dixit,
1309 668 1416 731 omnia

214 774 323 856 poesis
335 792 455 855 genera
469 790 649 853 omnesque
662 775 776 839 aetates
795 794 871 840 eum
890 772 1096 856 complexum
1114 791 1187 837 esse
1204 772 1415 837 concluditur.

214 879 337 971 Iudicia
368 897 498 959 quoque
529 878 570 942 de
600 877 679 959 ipsis
709 882 815 960 poetis
845 881 1074 964 poematisque
1096 878 1344 960 interposuisse,
1379 898 1415 943 ex

215 983 405 1065 fragmentis
428 986 529 1065 patet.
563 984 668 1049 Prosa
691 987 838 1052 oratione
861 988 999 1068 scriptos
1024 987 1125 1050 fuisse
1142 985 1255 1066 libros,
1279 989 1317 1049 ut
1333 985 1416 1050 ller-

216 1109 310 1153 cerus
333 1092 421 1153 recte
444 1073 645 1166 iudicaverit,
675 1091 795 1154 frustra
820 1089 930 1168 fuisse,
960 1091 1016 1173 qui
1039 1091 1223 1174 fragmenta
1246 1091 1282 1155 in
1305 1111 1415 1156 versus

216 1196 361 1277 digerere
396 1196 612 1274 studuissent,
656 1216 756 1278 quum
798 1197 870 1278 ipsa
909 1199 1092 1279 argumenti
1127 1198 1416 1280 exemplorumque

216 1302 403 1367 Graecorum
427 1303 511 1365 ratio
533 1306 605 1366 tum
629 1322 668 1367 ea
692 1303 854 1377 evincunt,
879 1322 953 1384 quae
977 1305 1067 1385 apud
1090 1308 1218 1368 veteres
1242 1304 1415 1386 scriptores

216 1409 291 1473 inde
315 1409 466 1485 citantur,
495 1408 701 1489 apertissime
725 1408 817 1493 ¹Gellii
841 1409 902 1474 loci
926 1414 959 1474 et
989 1411 1208 1492 fragmentum
1238 1410 1314 1475 libri
1342 1410 1416 1476 noni

217 1514 316 1598 (ultra
328 1535 426 1596 quem
440 1514 547 1579 nullus
560 1512 691 1596 citatur)
703 1516 792 1598 apud
808 1516 959 1581 Nonium.
970 1511 995 1595 ¹)
1029 1516 1104 1593 Sed,
1121 1519 1247 1581 utente
1264 1517 1299 1580 in
1317 1537 1416 1581 unum

218 1622 352 1686 collecta
375 1621 449 1697 sint,
474 1641 547 1702 quae
571 1621 614 1685 ad
637 1641 693 1686 eos
717 1621 1079 1704 libroscognoscendos
1097 1623 1293 1704 pertineant,
1320 1642 1417 1705 quam

217 1729 260 1793 ad
289 1728 527 1792 dubitationem
561 1727 603 1791 de
638 1728 676 1791 iis
707 1732 832 1792 motam
863 1729 1068 1805 accedamus
1105 1728 1311 1793 afferendum
1346 1748 1415 1794 esse

217 1835 354 1913 videtur,
390 1834 542 1916 quicquid
578 1854 618 1899 ex
652 1834 691 1898 iis
725 1834 816 1898 libris
851 1838 1001 1916 superest
1036 1834 1257 1916 reliquiarum.
1316 1837 1417 1900 Locos

217 1942 412 2024 scriptorum
440 1942 505 2005 iam
535 1941 589 2006 alii
612 1941 807 2017 indicarunt,
843 1941 1124 2006 emendandorum
1159 1941 1416 2023 fragmentorum

218 2047 425 2130 perbrevium
449 2049 566 2129 exigua
589 2051 639 2111 est
663 2047 766 2128 copia.

307 2155 354 2218 Ex
377 2154 460 2217 libro
483 2155 588 2236 primo
612 2153 694 2219 duos
718 2153 805 2217 locos
829 2153 952 2217 Nonius
977 2154 1065 2229 citat,
1089 2146 1230 2218 alterum
1253 2173 1329 2236 pag.
1355 2155 1415 2218 341

218 2248 315 2325 Mero.
346 2258 400 2340 (de
429 2279 497 2324 var.
526 2260 633 2342 signif.
661 2279 758 2325 serm.
788 2279 819 2322 v.
843 2257 1014 2341 muctarel:
1049 2260 1166 2324 Accius
1200 2261 1364 2325 didascal'

218 2367 317 2448 (vulg.
346 2366 554 2447 didascalico)
583 2367 663 2430 libro
688 2366 723 2429 I:
759 2366 990 2452 Sapientioeque
1024 2369 1148 2431 iuuicloe
1180 2369 1291 2451 qratia
1326 2374 1417 2452 atque

218 2474 345 2536 louoris
362 2480 480 2556 patera
500 2461 665 2538 ⁴Nestorem
694 2475 844 2536 maclauit
868 2495 968 2537 aurea
1003 2472 1081 2555 (qui,
1112 2478 1148 2537 ut
1176 2474 1341 2538 Mercerus
1370 2475 1418 2538 in·

217 2581 350 2657 tellexit,
374 2581 418 2644 ad
440 2579 530 2643 Iliad.
555 2580 657 2643 XXIII
681 2599 711 2643 v,
735 2580 801 2643 615
824 2599 895 2661 sqq.
919 2584 1068 2661 spectare
1093 2579 1249 2660 videtur);
1278 2581 1418 2645 alterum

218 2708 250 2770 p.
275 2687 340 2751 514
364 2685 418 2767 (de
442 2686 572 2750 indiscr.
591 2686 725 2767 adverb.
744 2706 774 2749 v.
793 2686 992 2768 inimiciterlz
1017 2687 1134 2750 Accius
1150 2686 1420 2750 didascalicorum

219 2793 299 2856 libro
316 2791 350 2856 I:
375 2793 512 2857 Placere
535 2793 650 2857 hostem
671 2793 808 2874 ferocem
825 2794 1054 2878 iuiruiciterque
1072 2815 1244 2858 cucusum.
1279 2793 1420 2858 Priscia-

219 2920 281 2965 nus
304 2920 336 2981 p.
362 2900 425 2964 709
448 2900 485 2964 P.
509 2899 580 2963 haec
607 2900 714 2981 ponit:
745 2899 852 2963 Atticis
879 2901 915 2962 iu
937 2901 1045 2982 peirac
1074 2900 1307 2964 didascalicon:
1345 2899 1421 2964 Fal

219 3007 332 3088 sidica,
357 3007 476 3086 audac,
499 3007 590 3090 quati
607 3013 709 3069 creater
721 3008 863 3089 pmsimi,
887 3006 1022 3086 odibilis,
1041 3014 1161 3070 nutura
1178 3009 1288 3090 impos,
1313 3028 1422 3071 excors

220 3121 248 3177 el
268 3114 353 3195 fera.
389 3113 509 3178 Gellius
533 3112 588 3175 lib.
613 3111 654 3175 III
677 3132 704 3175 c.
732 3114 769 3176 ll
801 3113 846 3179 ita
869 3113 996 3177 scribit:
1028 3099 1143 3177 Accius
1172 3121 1276 3178 aulem
1305 3112 1423 3196 (supra

221 3219 260 3284 L.
285 3220 416 3283 Accium
439 3226 566 3303 poetam
599 3217 759 3298 nominat)
795 3221 829 3282 iu
857 3221 964 3302 primo
996 3219 1212 3283 didascalicon
1248 3220 1292 3301 (v.
1326 3221 1422 3284 dida·

220 3324 347 3405 scalico)
374 3325 491 3389 leuibus
521 3325 692 3388 admodum
724 3327 919 3409 arqumeutis
950 3328 1061 3400 utitur,
1087 3347 1149 3417 per
1177 3348 1247 3412 quoe
1275 3327 1423 3407 ostendit,

221 3433 396 3496 Hesiodum
424 3440 504 3496 *natu
520 3434 674 3515 priorem.
723 3432 812 3511 Quod
843 3432 1010 3513 Homerus,
1040 3436 1151 3518 iuquit,
1180 3455 1250 3497 cum
1273 3436 1308 3496 iu
1325 3437 1423 3516 priu-

221 3541 302 3623 cipio
325 3541 478 3603 carmiuis
494 3538 650 3601 Achillem
667 3559 730 3602 esse
744 3538 848 3620 filium
868 3540 953 3602 Pelei
969 3540 1094 3622 diceret,
1119 3542 1189 3624 quis
1206 3547 1281 3603 esset
1298 3540 1422 3616 Peleus,

221 3668 284 3710 uou
307 3645 453 3725 audiam
486 3667 582 3730 quam
606 3667 671 3708 rem
689 3647 813 3728 procul,
849 3647 960 3730 iuquit,
995 3645 1096 3709 dubio'
1118 3647 1258 3726 elisisset,
1293 3648 1358 3710 alisi
1381 3646 1423 3709 ab

250 3892 258 3924 ¹
303 3894 432 3950 Versibus
450 3894 502 3949 scri
522 3899 565 3947 tos
583 3893 666 3947 fuisse
686 3893 868 3946 didascalicon
891 3893 975 3946 libros
992 3898 1066 3946 recte
1085 3892 1115 3946 G.
1135 3894 1311 3948 Hermannus
1328 3893 1371 3947 dis
1391 3910 1422 3948 u·

262 3894 271 3962 )
290 3894 369 4047 [tavit
397 4000 481 4052 quam
503 3912 670 4037 Sententiam
695 3987 722 4036 et
745 3981 895 4036 similitudo
914 3982 1031 4036 aliorum
1050 3981 1174 4035 eiusdem
1192 3987 1240 4036 aut
1258 3911 1421 4051 propinqldae

294 4074 381 4127 atatis
399 4089 523 4142 operum,
551 4072 586 4126 de
609 4072 709 4140 quibus
728 4073 799 4126 infra
817 4071 881 4137 dixi,
909 4076 937 4124 et
955 4070 1173 4139 fragmentorum
1192 4071 1305 4140 vesugia
1324 4071 1421 4125 confir·

294 4168 379 4226 mant,
407 4178 496 4231 neque
519 4161 660 4230 probabile
685 4167 726 4215 est
745 4161 852 4215 Attium
870 4177 888 4214 a
906 4165 1059 4214 ceterorum
1079 4164 1224 4228 poetarum
1241 4160 1421 4228 antiquorum

294 4251 420 4319 exemplo
443 4251 639 4304 desciscentem
663 4266 745 4318 prosa
767 4249 850 4304 etlam
874 4249 996 4302 oratione
1019 4248 1123 4317 aliquid
1145 4249 1344 4317 composuisse,
1372 4253 1422 4302 aut

295 4338 429 4393 inferioris
456 4339 544 4393 stads
570 4339 763 4408 grammaticos
791 4355 824 4392 ex
851 4354 939 4407 prosoe
962 4338 1093 4392 orationis
1115 4337 1191 4392 libris
1214 4338 1313 4392 nobilis
1331 4342 1420 4407 poeta
1457 4401 1461 4407 ,

295 4427 450 4481 testimonia
468 4427 648 4483 meessirissa.
666 4427 776 4481 uiuum
794 4426 938 4481 trochaicis
957 4427 1080 4480 versibus
1099 4443 1144 4491 an,
1163 4433 1194 4482 ut
1211 4428 1258 4481 alii
1276 4432 1419 4496 putarunt,

295 4516 418 4570 Sotadeis
437 4517 528 4572 Attius
547 4533 613 4573 usus
631 4517 674 4581 sit,
693 4532 749 4570 non
768 4512 882 4585 quero]
