2948 5206
165 381 195 418 re
214 364 348 434 tantisper
371 365 496 421 iacienda
519 367 552 431 11,
575 367 619 431 91,
642 367 690 432 96,

699 175 764 241 763

808 369 919 437 quando
948 383 1004 422 non
1031 371 1153 421 transeat
1181 367 1209 421 in
1236 367 1330 436 partic.

166 454 195 507 13
214 453 393 523 significanda
410 454 542 510 dilatione
561 462 691 511 3113333-
807 455 868 510 383.

165 543 269 597 latione
297 543 337 597 rci
363 543 397 607 ΙΙ,
425 543 468 608 91,
496 544 539 608 92,
567 545 610 609 96,
640 545 691 599 105

165 637 232 697 not,
261 632 295 686 de
322 632 431 686 actione
459 632 573 687 ulterius
598 634 692 689 lutura

164 720 199 784 11,
227 719 272 774 92.
308 720 368 775 l'ut.
396 726 524 778 exactum
551 739 601 791 pro
628 723 692 778 sim·

164 809 240 879 plici,
249 815 430 864 evanescente
439 811 603 875 discrimine,
618 813 692 881 apud

165 899 286 952 comicos
304 899 339 960 11,
356 898 399 958 93,
418 901 491 968 apud
510 900 578 954 alios
596 907 692 969 poetas

164 987 304 1041 rarissime
323 987 356 1048 Π,
375 986 418 1040 97.

128 1075 266 1131 Futurum
284 1081 413 1129 exactum
431 1078 597 1132 coniunctivi
617 1079 692 1132 modi

164 1163 354 1233 seiungitura
378 1165 500 1233 perfecto
525 1167 691 1220 coniunctivi

165 1252 201 1318 11,
219 1251 264 1317 87,
282 1253 326 1318 97,
347 1252 410 1316 101,
430 1256 637 1311 terminationes
651 1274 692 1310 se

165 1341 265 1395 cundre
287 1358 358 1410 pers.
377 1342 455 1412 einp,
482 1344 579 1411 primae
602 1350 630 1398 et
651 1362 692 1399 se·

165 1430 265 1484 cundoe
282 1431 353 1499 plur.
378 1431 456 1485 cuius
476 1449 610 1487 mensures
629 1435 691 1498 3131,

165 1520 206 1583 11,
234 1518 282 1584 98,
314 1520 373 1572 eius
400 1536 467 1574 usus
494 1521 523 1574 in
550 1524 692 1577 sententiis

165 1608 401 1663 condicionatibus
419 1613 468 1663 aut
485 1611 521 1663 ob
535 1611 617 1665 alium
631 1629 692 1666 cau·

164 1697 692 1769 samconiunctivumhabentibusapud

165 1786 336 1855 antiquiores
363 1786 396 1850 11,
424 1786 472 1851 99,
502 1789 575 1857 apud
603 1789 693 1843 inseri·

165 1892 229 1929 ores
247 1875 281 1939 Π,
300 1874 365 1938 101,
393 1875 504 1929 liberior
528 1893 594 1931 usus
619 1879 692 1947 apud

166 1964 287 2018 comicos
306 1964 338 2026 11,
358 1963 422 2027 100,
449 1981 499 2033 pro
519 1965 611 2020 futuro
630 1983 692 2021 eon·

167 2052 282 2107 iunclivi
304 2053 422 2121 simplici
445 2054 519 2122 apud
544 2055 692 2109 vetustissi-

167 2158 228 2195 mos
247 2147 341 2210 poetas
359 2141 432 2195 intra
450 2159 519 2209 quos
537 2142 606 2196 fines
622 2143 692 2212 posi-

166 2235 229 2283 tum
255 2229 304 2291 sit,
338 2229 376 2294 11,
411 2229 461 2283 103
491 2230 576 2300 (apud
603 2232 691 2295 Luca,

167 2318 271 2381 Horat,
300 2319 434 2383 Sallust.);
464 2338 496 2373 nc
522 2323 639 2374 dr'cccrr'm
658 2320 690 2380 ΙΙ,

168 2406 234 2464 104;
253 2406 281 2460 13
299 2408 429 2475 optando,
448 2409 476 2462 in
490 2411 607 2464 vetando
624 2411 691 2475 (non

167 2495 196 2549 in
215 2493 345 2560 iubendo)
364 2497 397 2559 11,
422 2496 485 2556 105,
512 2498 596 2552 futuri
615 2498 691 2552 dubi·

167 2584 246 2639 tativi
269 2584 328 2638 loco
351 2585 383 2648 11,
408 2584 459 2638 108
481 2585 554 2652 (raro
578 2588 692 2655 antiqua

167 2673 257 2727 forma
275 2673 304 2726 in
321 2677 374 2726 eim
392 2674 425 2738 ll,
449 2674 520 2741 108),
546 2675 614 2729 13133
633 2692 691 2744 per·

169 2763 272 2816 lectum
284 2767 397 2831 putatur
410 2763 442 2826 11,
464 2763 521 2816 109.
549 2764 692 2818 Transitus

168 2851 196 2903 in
215 2851 367 2919 perfectum
387 2851 552 2905 coniunctivi
571 2852 604 2915 ll,
632 2852 690 2906 111.

129 2940 226 2993 Futur.
245 2939 321 2993 infin.
342 2940 430 2992 forma
449 2945 554 2993 tentata
572 2941 605 3003 ll,
626 2940 667 2994 71.

129 3028 192 3082 Fut.
211 3027 327 3096 simplex
346 3029 381 3081 ab
400 3033 495 3081 exacto
510 3030 586 3082 tenui
601 3029 692 3082 discri-

169 3116 242 3170 mine
255 3117 393 3170 interdum
406 3117 510 3171 distans
528 3118 559 3181 ll,
579 3117 613 3169 80
627 3124 691 3180 331,

168 3222 232 3259 cum
260 3223 293 3259 eo
320 3207 479 3274 copulatum
507 3223 570 3260 cum
601 3207 692 3260 discri-

167 3294 243 3348 mine
261 3295 294 3359 11,
312 3294 348 3347 85
366 3301 423 3349 331.

130 3383 267 3438 Futurum
286 3383 314 3437 in
333 3385 469 3452 praeterito
489 3384 626 3451 (secturus
637 3381 692 3452 fui)

167 3472 390 3527 condicionaliter
408 3473 441 3535 ΙΙ,
460 3471 521 3536 297,
540 3471 599 3526 229.

390 3703 428 3768 G.

132 3827 286 3882 Geminatio
305 3844 404 3881 vocum
423 3843 508 3895 prava
527 3824 587 3889 158,
606 3825 666 3879 511.

131 3916 263 3971 Gerundii
281 3916 453 3970 accusativus
472 3915 691 3983 apraepositione

168 4010 260 4059 rectus
278 4021 333 4059 non
347 4005 413 4073 regit
426 4004 612 4057 accusativum
629 4004 691 4057 sub·

167 4094 289 4157 stautivi,
307 4095 355 4147 sed
368 4093 465 4146 tramit
477 4093 505 4146 in
518 4092 692 4161 participium

168 4182 222 4236 380
239 4199 299 4251 sqq.
331 4182 475 4235 Ablativus
494 4182 591 4235 eodem
610 4180 693 4234 modo

167 4270 222 4324 388
240 4286 298 4338 sqq.
335 4271 463 4339 Exceptio
482 4270 536 4323 ibd.
566 4269 692 4323 Nomina·

169 4361 242 4414 tirus
277 4362 305 4412 et
341 4359 512 4413 accusativus
546 4358 692 4412 substanti·

169 4464 235 4503 vum
251 4464 348 4515 regens
366 4447 419 4500 380
436 4465 495 4517 sqq.
524 4447 692 4501 Gerundium

772 543 961 599 Gerundivum
994 550 1131 599 mutatum
1164 544 1193 597 in
1225 544 1331 612 partici-

808 634 885 703 pium
903 633 1017 702 periecti
1036 633 1069 697 ll,
1090 632 1149 697 145,
1169 632 1229 687 149.

774 724 877 777 Glossoe
894 740 920 776 v.
940 724 1124 789 Interpolctio.

773 812 1021 866 Grammaticorum
1030 811 1185 865 studiorum
1195 811 1270 880 apud
1279 812 1332 865 Ro

809 899 1163 954 manosinitia105-106.
1191 899 1331 954 Gramma·

809 989 925 1043 tinorum
944 989 1140 1042 nonnullorum
1159 993 1253 1042 aetates
1271 988 1331 1042 108.

808 1077 985 1131 Grammatici
1004 1077 1093 1130 Latini
1117 1077 1252 1132 interioris
1269 1083 1332 1131 ota·

809 1165 843 1218 tis
872 1182 942 1234 quos
969 1166 1114 1234 scriptores
1141 1166 1287 1221 lectitarint
1307 1165 1331 1230 7,

808 1253 895 1318 8,15.

1031 1397 1072 1461 H.

773 1522 825 1574 Hic
843 1526 871 1574 et
889 1524 913 1573 is
931 1519 984 1573 400
1002 1524 1068 1583 not,
1086 1519 1147 1585 508,
1166 1518 1227 1572 584.

773 1611 831 1663 Hoc
847 1612 957 1677 proemii
974 1615 1001 1662 et
1020 1608 1120 1662 similia
1137 1608 1198 1662 512.

773 1700 910 1766 Hodieque
927 1714 977 1766 pro
995 1699 1072 1752 hodic
1084 1715 1187 1766 quoquc
1199 1698 1292 1752 Cicero
1305 1704 1333 1752 et

808 1787 902 1841 Livius
920 1803 975 1840 non
994 1786 1122 1840 dixerunt
1139 1785 1201 1840 390.

773 1877 894 1930 Honoris
912 1877 1029 1928 alicuius
1047 1892 1131 1928 cauca
1151 1874 1215 1938 168,
1240 1878 1269 1927 in
1286 1878 1332 1929 lio·

808 1982 901 2018 norem
919 1966 1036 2017 alicuius
1054 1963 1109 2017 ibd.

774 2053 903 2122 Horatius
922 2052 950 2105 in
969 2052 1059 2125 satiris
1078 2053 1157 2106 tectis
1175 2054 1332 2108 nominibus

808 2138 864 2195 333
893 2141 979 2194 utitur
1006 2140 1048 2194 68.
1095 2141 1159 2194 Eius
1186 2142 1331 2196 satirarum

809 2233 932 2298 tempora
953 2228 987 2281 70
1005 2234 1060 2282 331.

1040 2461 1064 2525 1.

773 2588 792 2639 I
813 2590 841 2638 et
866 2602 879 2637 c
904 2601 939 2639 ex
963 2602 980 2637 c
1005 2585 1034 2638 in
1059 2585 1217 2653 compositis
1241 2585 1273 2649 11,
1298 2584 1332 2637 65

808 2680 864 2728 331.

775 2765 822 2829 lei,
843 2767 919 2818 iciam
937 2761 1079 2831 (scriptum
1096 2779 1168 2831 serpe
1187 2763 1332 2817 alibrariis

808 2851 910 2916 1331333)
929 2852 962 2916 ll,
980 2850 1016 2904 35
1035 2857 1089 2904 not.
1109 2850 1134 2904 2.

774 2943 848 2994 Idem
868 2944 916 2993 istc
936 2939 984 2992 131
1005 2945 1061 2993 not.

773 3031 890 3082 Idoneus
911 3030 960 3094 fio,
987 3036 1018 3081 ut
1042 3045 1097 3082 non
1124 3028 1332 3083 Ciceronianam

808 3116 869 3170 352,

774 3208 823 3261 1110
840 3210 898 3275 ipse
916 3211 945 3260 et
966 3209 1023 3274 ipse
1046 3207 1091 3258 itte
1110 3203 1169 3257 130.
1206 3206 1256 3257 [tte
1274 3208 1333 3273 qui·

808 3298 867 3349 dem
887 3293 1034 3359 (Ciceronis
1057 3299 1084 3346 el
1108 3293 1224 3360 Augusti
1242 3292 1332 3355 aetate)

809 3384 842 3447 ss,
860 3382 912 3435 314
928 3399 996 3451 sqq,
1015 3398 1071 3436 non
1090 3384 1197 3450 quidem
1217 3383 1260 3435 ruo
1277 3382 1332 3436 ibd.

809 3472 948 3527 Omissum
962 3487 1113 3540 pronomen
1126 3470 1159 3533 11,
1172 3469 1225 3522 315
1237 3475 1293 3524 not
1307 3469 1332 3524 2.

774 3561 931 3629 imperativi
950 3560 1083 3623 futurum,
1103 3559 1196 3621 idest,
1216 3559 1333 3612 aoristus

808 3648 869 3702 476.
907 3648 1065 3719 Imperativi
1078 3647 1178 3718 passivi
1191 3647 1287 3701 iormoe
1300 3648 1332 3710 11,

808 3736 861 3790 239
880 3737 919 3802 (in
933 3741 1023 3791 minor
1035 3735 1177 3798 barbare);
1197 3737 1333 3805 deponen-

809 3825 878 3880 tium
888 3826 983 3895 imper.
994 3827 1132 3881 interdum
1143 3825 1232 3879 activa
1245 3825 1334 3879 forma

809 3915 847 3979 11,
870 3913 931 3968 241.
977 3915 1172 3984 lmperativus,
1201 3919 1333 3981 sequente

809 4003 910 4062 futuro.
932 4003 1093 4072 interposito
1111 4012 1135 4057 ct
1153 4007 1200 4058 aut
1220 4018 1275 4056 non
1294 4003 1332 4054 in·

809 4092 940 4160 terposito
959 4097 1006 4145 331
1025 4092 1085 4146 31113
1110 4092 1199 4145 modis
1221 4096 1332 4145 notatus

809 4180 842 4244 11,
862 4177 1034 4235 16131331.

774 4269 968 4339 Imperfectum
999 4268 1165 4323 coniunctivi
1199 4268 1332 4323 condicio

808 4358 872 4412 nale
890 4358 918 4411 in
937 4358 1074 4412 sententia
1086 4357 1216 4427 pendenti
1229 4357 1261 4419 ll,
1280 4355 1333 4410 928

809 4451 864 4498 331.
