2956 5190
624 274 686 340 551

21 464 118 532 hoc
143 471 177 531 et
199 468 261 530 hoc
288 471 424 549 propter
454 487 528 533 eam
559 468 628 533 fieri
652 471 782 535 debeat.
829 468 995 551 Exempla,
1027 468 1054 531 si
1084 487 1166 549 opus
1196 471 1257 546 est,

31 573 145 637 sumi
174 577 312 655 possunt
344 593 384 637 ex
415 574 578 640 Ciceronis
600 577 652 642 his
675 577 768 642 locis:
804 574 845 639 III
874 575 914 639 de
942 573 1004 639 Off.
1029 573 1081 651 20,
1114 574 1156 638 82
1184 571 1258 656 (Est

37 700 130 765 erqo
154 681 222 744 ullo
250 701 302 744 ree
329 682 412 743 tanti
442 689 498 745 out
527 685 720 748 eonemodum
750 684 849 747 ullum
879 690 944 746 tom
975 680 1187 764 expetendum,
1222 688 1257 743 at

44 786 121 850 viri
156 786 227 851 boni
260 787 456 870 splendorem
492 796 520 853 et
554 811 665 854 nomen
694 787 864 870 omittasd),
899 809 959 870 pro
988 788 1084 852 Rosc.
1109 786 1254 851 Comoed.

44 889 153 974 922,
184 913 244 975 pro
273 893 356 958 Caec.
387 893 406 975 ἕ
432 896 482 972 18,
516 917 576 978 pro
604 897 722 962 Milone
750 896 849 978 §63,
885 896 928 960 ad
956 896 1098 960 Atticum
1122 894 1180 970 XI,
1215 894 1255 958 16

50 996 144 1083 (Non
162 1000 314 1082 adducor,
338 1022 524 1086 quemquam
541 1003 652 1067 boreum
676 1005 776 1067 ullam
799 1004 930 1068 salutem
948 1009 1066 1086 putore
1080 1000 1160 1065 milei
1174 1003 1256 1089 loeti

49 1106 167 1191 secisse,
190 1115 225 1171 ut
248 1129 316 1171 eam
334 1116 472 1192 peterem
496 1107 636 1189 abillo),
660 1109 727 1173 ibd.
751 1109 818 1186 XII,
843 1109 863 1173 3
888 1112 920 1173 et
943 1110 964 1173 5
988 1111 1084 1182 extr.;
1113 1107 1255 1189 addique
1317 1089 1320 1095 ⁴

52 1213 177 1296 dialogi
214 1215 254 1278 de
286 1216 469 1279 oratoribus
501 1236 528 1280 c.
552 1217 596 1280 40
625 1220 706 1280 extr.
738 1220 771 1280 et
798 1236 886 1297 quae,
921 1216 984 1279 hoc
1017 1234 1118 1278 unum
1153 1233 1254 1296 genus

53 1340 267 1403 persequens,
292 1341 310 1385 e
332 1322 501 1404 PropertIo
526 1323 622 1387 affert
644 1322 850 1387 Burmannus
875 1322 918 1386 ad
940 1322 991 1398 III,
1019 1322 1068 1400 18,
1092 1322 1161 1402 lp.
1179 1320 1309 1385 669.1⁸⁹

53 1426 168 1492 Unum
196 1427 276 1492 illud
304 1427 587 1493 animadversione
611 1429 754 1511 dignum,
790 1429 877 1510 quod
912 1428 945 1492 in
978 1428 1140 1492 sententia
1175 1427 1253 1492 sub·

55 1531 142 1598 iectu
164 1534 288 1597 nudum
312 1535 359 1598 rei
382 1534 597 1616 suscipiendae
620 1535 841 1600 subeundaeve
865 1555 985 1600 nomen
1008 1534 1148 1616 ponitur,
1177 1553 1252 1612 non,

56 1640 145 1722 quod
168 1640 270 1705 nostri
293 1641 451 1705 sermonis
476 1642 676 1706 consuetudo
705 1642 858 1724 postulat,
890 1642 924 1705 id
945 1641 1082 1705 verbum
1108 1641 1253 1705 formave

57 1746 160 1823 verbi,
196 1767 261 1829 qua
293 1747 436 1812 officium
468 1747 660 1812 voluntasve
689 1749 895 1831 significetur,
931 1747 1018 1812 velut
1048 1747 1253 1829 apertissime

56 1852 90 1916 in
114 1853 179 1918 Cic.
204 1854 298 1935 epist.
322 1855 366 1918 ad
389 1855 455 1919 nu.
480 1855 533 1932 XI,
566 1857 621 1931 163
656 1875 762 1937 neque
792 1857 878 1919 enim
906 1854 1017 1919 Cicero
1045 1857 1140 1936 putat
1167 1854 1252 1935 opti·

55 1963 163 2024 mates
185 1979 314 2042 negare,
339 1981 374 2025 se
397 1961 537 2026 salutem
560 1964 691 2044 petisse.
715 1964 785 2037 sed,
808 1981 850 2026 ne
873 1962 935 2026 sibi
958 1960 1134 2042 petendam
1152 1959 1252 2024 fuisse

54 2070 190 2148 negent,
226 2072 365 2131 veretur.
423 2067 498 2148 [Ov.
530 2069 606 2132 Met.
638 2069 683 2145 X,
719 2069 799 2133 619:
845 2067 941 2132 Tanti
972 2074 1064 2151 putot
1098 2065 1252 2130 comitello

54 2179 176 2254 nostro,
207 2171 247 2237 Ut
256 2182 379 2256 pereat,
403 2176 440 2250 si,
465 2175 527 2239 hoc
551 2179 615 2239 est:
640 2179 675 2240 ut
698 2177 803 2258 perire
826 2174 929 2256 velit]
963 2174 1076 2254 Itaque
1100 2173 1251 2237 adhunc

54 2279 189 2344 modum
214 2279 294 2343 dixit
318 2280 515 2346 Claudianus
539 2283 571 2345 in
594 2281 704 2345 Rufin.
728 2282 755 2344 II
778 2302 808 2346 v.
833 2282 913 2345 249:
950 2279 1022 2343 Non
1050 2286 1093 2343 est
1120 2281 1252 2343 victorio

53 2387 148 2467 tanti,
171 2393 206 2450 ut
228 2386 341 2450 videar
363 2389 472 2452 vicisse
493 2387 582 2461 milti,
615 2388 647 2451 id
672 2391 731 2464 est,
760 2391 797 2452 ut
819 2388 904 2452 hanc
927 2387 1069 2468 speciem
1091 2386 1251 2450 sustinere

53 2492 163 2569 velim,
199 2493 292 2575 quasi
321 2494 400 2558 mihi
429 2495 572 2559 vicerim.
618 2495 690 2559 Non
720 2497 805 2576 cepit
831 2495 918 2559 hunc
945 2494 1052 2558 locum
1077 2492 1249 2557 Gesnerus.

53 2597 128 2662 Hac
150 2603 322 2681 perspecta
345 2600 515 2679 brevitate,
540 2601 635 2666 facile
658 2601 861 2683 intelligetur,
885 2600 949 2664 huc
971 2600 1133 2681 pertinere
1156 2600 1249 2663 Iuve-

53 2705 137 2769 nalis
160 2705 266 2770 locum
290 2726 407 2789 parum
431 2713 518 2771 recte
547 2708 590 2772 ab
618 2707 849 2789 interpretibus
880 2710 1055 2771 tractatum
1088 2707 1121 2770 in
1149 2708 1251 2771 satira

10 2806 19 2823 '
52 2811 94 2889 X,
126 2831 222 2877 versu
253 2813 293 2876 97
327 2817 360 2877 et
391 2815 448 2879 98:
484 2814 547 2878 Sed
569 2835 638 2899 quoe
662 2815 827 2897 praeclaro
856 2820 884 2877 el
901 2833 1056 2896 prospera
1079 2814 1170 2893 tunle‘,
1212 2810 1251 2876 Ut

53 2917 146 2982 rebus
167 2919 249 2983 loct-ie
264 2940 332 3003 por
354 2922 395 2985 sit
418 2942 566 2985 sumsero
588 2921 768 2985 malorum?
799 2920 871 2984 Hoc
894 2921 980 2984 enim
1004 2920 1096 2984 dicit:
1120 2922 1249 2984 tantum

52 3025 178 3090 hebent
200 3027 351 3108 pretium,
376 3032 412 3090 ut
434 3035 567 3109 propter
591 3048 630 3093 ea
653 3047 766 3110 parem
791 3027 862 3109 quis
879 3045 950 3091 esse
968 3026 1044 3090 velit
1060 3045 1249 3090 mensuram

52 3132 238 3197 malorum?
272 3133 366 3197 sivez·
390 3136 427 3197 ut
461 3153 575 3215 parem
611 3135 728 3216 aliquis
759 3134 856 3199 simul
889 3132 1051 3198 malorum
1085 3152 1249 3197 summam

52 3239 218 3322 suscipere
247 3239 346 3304 veIIt?
380 3240 485 3321 Negat
513 3244 611 3322 poeta
639 3241 818 3322 optandam
846 3260 919 3304 esse
948 3259 1021 3304 eam
1050 3238 1247 3318 felicitatem,

52 3364 153 3427 quarn
188 3349 345 3428 sequatur
379 3345 558 3427 periculum
593 3350 626 3410 et
660 3346 844 3424 calamitas,
880 3364 1019 3427 eamque
1053 3346 1248 3409 sententiam

51 3451 163 3516 multis
196 3451 391 3533 exsequitur.
446 3452 580 3531 Deinde,
617 3456 769 3517 manente
801 3451 917 3516 eadem
950 3451 1046 3516 huius
1077 3452 1248 3517 locutionis

51 3558 296 3641 significatione,
330 3560 467 3624 subiecti
490 3560 597 3623 locum
621 3562 710 3623 tenet
733 3558 925 3635 infinitivum
953 3558 1063 3639 itaque
1085 3558 1148 3622 hoc
1171 3559 1248 3623 dici·

51 3668 119 3742 tur,
154 3666 236 3729 tanti
272 3684 343 3729 esse
377 3666 606 3731 aestimandam
641 3666 836 3730 aestimarive
870 3667 955 3731 hanc
990 3664 1165 3743 actionem,
1200 3668 1247 3740 ut,

51 3770 230 3835 dummodo
253 3771 308 3835 illa
331 3770 398 3850 fiat,
423 3772 545 3855 aliquid
569 3772 754 3836 laciendum
770 3773 1019 3837 subeundumve
1033 3772 1084 3848 sit,
1110 3778 1248 3836 autnon

50 3895 123 3942 esse
157 3879 240 3941 tanti
274 3879 502 3942 aestimandam
535 3879 740 3944 aestimarive.
786 3880 898 3961 quue,
933 3883 969 3944 ut
997 3880 1154 3960 superius,
1190 3882 1248 3943 aut

50 3983 201 4049 absolute
225 3985 342 4049 dicitur
364 3989 430 4063 aut,
466 3985 578 4051 addito
607 3986 727 4061 dativo,
764 3986 804 4050 de
834 3990 922 4050 certa
944 4005 1095 4068 persona.
1140 3985 1246 4050 Huius

50 4092 177 4173 generis
205 4091 277 4156 haec
304 4094 380 4156 sunt
409 4093 575 4175 exempla:
611 4092 687 4157 Cael.
711 4092 744 4156 in
767 4092 832 4158 Cic.
857 4093 938 4176 Epp.
963 4093 1006 4158 ed
1028 4092 1142 4157 Famil.
1166 4091 1245 4170 VIII,

52 4197 111 4262 14:
144 4196 241 4263 Tanti
263 4218 326 4262 non
347 4198 413 4281 fuit
435 4199 589 4263 Arsacem
612 4220 733 4283 capere,
763 4207 798 4263 ut
825 4220 936 4264 eorum
959 4219 1076 4280 rerum,
1104 4219 1174 4284 quoe
1196 4198 1247 4262 tie

49 4311 143 4388 qestoe
165 4312 247 4386 eunt,
276 4306 449 4389 spectaculo
472 4301 646 4388 coreree¹);
678 4305 772 4371 Ovid.
796 4307 909 4372 Amor.
933 4307 956 4384 l,
990 4305 1040 4383 10,
1068 4305 1112 4369 49
1136 4309 1169 4370 et
1192 4306 1246 4370 50:

78 4548 103 4619 ¹)
120 4550 227 4620 [Senec.
246 4555 355 4609 Suasor.
371 4553 395 4621 7,
414 4553 444 4608 5:
463 4572 518 4610 non
536 4562 575 4609 eet
592 4557 665 4610 tanti
681 4557 789 4608 emori
809 4555 969 4623 Cicereium,
988 4560 1019 4608 ul
1036 4560 1173 4608 emotum
1190 4554 1247 4606 Aa·

119 4644 192 4696 tortio
210 4639 338 4711 debeam]
