2956 5190
10 512 15 523 ·
47 478 214 547 laudando
239 480 518 562 vituperandoque
542 481 669 545 auxerit
692 479 894 558 minueritvc,
918 482 1016 545 etiam
1035 500 1109 545 cum
1128 499 1245 556 errore,

10 588 12 619 ³
47 590 85 652 ut
106 586 141 650 in
160 587 195 650 L.
214 585 324 652 Cincio
332 581 368 668 ¹),
392 586 555 652 interdurn
581 607 710 670 quoque
733 587 866 652 nomina
888 589 1026 662 vetusta,
1051 606 1093 651 ne
1116 588 1246 669 abipso

47 692 180 775 quidem
205 693 286 758 satis
309 694 480 775 explicata,
506 693 549 758 ad
571 712 622 770 ea,
647 712 720 774 quoe
744 693 905 758 invenisse
928 713 963 757 se
987 693 1152 770 credebat,
1182 695 1246 775 sig·

47 800 160 866 nanda
182 800 379 878 adhibuerit,
408 801 505 882 quale
533 803 583 865 est
611 799 810 877 aerariorum
841 800 928 882 quod
956 800 1049 864 multi
1071 819 1159 864 nunc
1182 801 1246 864 fre·
1261 818 1300 856 su

48 911 210 989 quentant
222 911 255 972 et
266 927 386 973 novum
405 926 507 990 genus
524 907 694 971 hominurn
712 906 908 989 confingunt,
933 910 1098 988 postremo
1115 910 1248 988 propter

47 1014 280 1079 confidentiam
309 1014 474 1095 quandam
504 1032 543 1078 eo
572 1014 812 1078 asseverantius
841 1013 909 1077 iere
937 1014 1022 1094 loqui
1052 1013 1166 1077 solitus
1195 1014 1248 1090 sit,

47 1140 114 1203 quo
138 1121 247 1186 minus
264 1121 365 1186 firmis
383 1121 542 1185 niteretur
560 1120 771 1201 argumentis.
806 1119 915 1202 Atque
931 1119 1013 1196 haec,
1037 1139 1111 1201 quae
1128 1119 1248 1201 partim

45 1227 115 1291 iam
138 1227 194 1292 alii
217 1226 507 1309 reprehenderunt,
542 1225 661 1308 pa'rtim
691 1225 811 1291 multos
834 1227 974 1291 sensisse
998 1225 1104 1302 credo,
1140 1225 1248 1290 nescio

45 1352 90 1398 an
114 1334 206 1415 apud
229 1332 401 1398 nonnullos
431 1333 529 1398 eliam
557 1352 652 1398 veros
681 1333 810 1397 illarum
839 1331 1095 1414 disputationum
1125 1331 1248 1396 fructus

43 1439 78 1505 in
103 1440 324 1523 suspicionem
352 1439 559 1518 adduxerint,
595 1458 696 1520 quum
730 1439 912 1521 praesertim
947 1438 1118 1502 accederet
1147 1457 1246 1519 quum

44 1547 182 1630 propria
206 1547 357 1628 quaedam
381 1545 550 1611 Niebutuii
573 1545 736 1610 scribendi
759 1546 853 1622 ratio,
888 1564 954 1609 non
985 1564 1064 1609 sane
1087 1544 1248 1627 gradatim

43 1653 219 1735 evulgari
244 1653 333 1717 lama
361 1653 498 1717 lectores
527 1653 616 1717 omni
644 1651 783 1717 materia
813 1652 1073 1716 testimoniorum
1101 1650 1248 1733 exposita

43 1760 91 1825 ad
123 1778 244 1825 novam
273 1759 472 1824 'sententiam
503 1757 713 1835 traducentis,
748 1762 819 1823 tum
851 1758 939 1836 illud,
974 1757 1060 1839 quod
1092 1757 1176 1821 intra
1210 1775 1248 1820 ea

43 1870 204 1949 tempora
231 1867 385 1942 substitit,
421 1865 453 1929 in
487 1864 606 1947 quibus
636 1865 731 1947 plura
761 1866 794 1929 in
826 1864 1061 1929 dubitationem
1090 1863 1247 1937 vocanda,

43 1992 159 2056 pauca
187 1973 375 2054 simpliciter
402 1971 568 2036 narranda
596 1975 654 2036 aut
682 1971 905 2036 confirmanda
939 1974 1041 2034 erant.
1087 1968 1250 2034 Restabat

44 2080 150 2162 igitur
172 2080 205 2143 in
228 2078 431 2161 antiquitatis
455 2078 616 2143 Romanae
640 2077 819 2161 disciplina,
844 2081 880 2142 ut
903 2096 1004 2158 quum
1028 2076 1069 2140 de
1093 2075 1153 2139 illis
1171 2075 1249 2157 ipsis

46 2185 208 2251 institutis
242 2191 341 2268 atque
380 2185 598 2266 temporibus,
639 2204 713 2267 qua
752 2184 949 2249 Niebuhrius
989 2183 1249 2264 pervestigasset,

49 2297 265 2375 quaereretur,
297 2291 354 2355 ubi
384 2310 467 2372 opus
496 2290 670 2369 videretur,
705 2290 804 2373 paulo
828 2291 964 2367 cautius,
1000 2288 1087 2371 quod
1110 2287 1250 2352 Wachs·

48 2398 201 2464 muthius
228 2402 304 2480 post
331 2398 472 2480 primam
501 2397 670 2463 Niebuhrii
703 2397 846 2463 historiae
880 2395 1040 2461 Romanas
1076 2394 1251 2459 editionem

49 2505 164 2569 tacere
187 2508 324 2570 conatus
347 2507 408 2583 est,
431 2507 502 2568 tum
526 2504 704 2587 disputatio
727 2503 770 2568 ad
787 2503 947 2568 irrlerioris
965 2503 1071 2567 aetatis
1089 2505 1250 2567 eteorum
1282 2580 1285 2587 Α

48 2616 250 2695 temporum,
275 2630 414 2692 quorum
437 2613 488 2674 est
504 2610 653 2675 testatior
668 2610 836 2686 memoria,
860 2611 1008 2673 instituta
1025 2607 1250 2684 deduceretur,

48 2718 86 2783 in
109 2717 230 2799 quibus
254 2717 381 2782 illarum
405 2717 504 2782 etiam
528 2716 569 2781 de
592 2716 819 2798 antiquissima
842 2720 939 2780 aetate
955 2715 1143 2797 opinionum
1166 2716 1252 2779 veri·

49 2826 133 2889 tatis
156 2825 414 2907 experimentum
438 2823 603 2889 interdum
627 2824 699 2906 capi
721 2842 818 2905 posse
841 2821 979 2899 ridetur,
1009 2826 1042 2886 et
1071 2820 1114 2886 ad
1142 2821 1252 2903 plures

49 2934 167 3014 partes
190 2930 432 2996 transferretur.
478 2929 545 2995 Nec
568 2930 741 2995 defuerunt
770 2930 876 3011 plane,
911 2928 966 3010 qui
995 2927 1028 2992 id
1056 2927 1177 2992 vellent
1199 2926 1252 2991 alii

50 3037 121 3103 alia
145 3057 186 3101 ex
207 3041 302 3120 parte
330 3037 475 3113 efficere;
511 3057 531 3102 a
561 3036 680 3118 quibus
711 3035 862 3101 omnihus
893 3034 988 3099 valde
1020 3033 1155 3098 feliciter
1184 3035 1252 3098 ela·

50 3144 210 3210 boratum
238 3164 304 3210 non
332 3144 480 3208 dixerim.
527 3142 590 3206 Alii
625 3142 712 3207 enim
747 3142 850 3206 solam
885 3141 1069 3205 libertatem
1098 3141 1252 3223 opinandi

50 3271 96 3316 ex
120 3250 288 3316 Niebuhrii
312 3250 547 3332 quaestionibus
570 3249 711 3331 amplexi
735 3249 895 3323 videntur,
920 3252 1061 3325 auctam,
1085 3251 1121 3312 ut
1145 3249 1189 3324 fit,
1220 3251 1253 3312 et

50 3357 88 3422 in
112 3376 170 3422 eos
193 3357 332 3422 subinde
356 3376 490 3440 campos
514 3359 750 3433 excurrentem,
779 3354 836 3419 ubi
864 3354 960 3418 nullis
983 3355 1162 3436 antiquitus
1185 3358 1252 3419 tra-

51 3463 136 3528 ditae
170 3464 336 3529 memoria
372 3462 484 3527 vinclis
519 3463 730 3545 impediretur
738 3456 780 3543 ²);
815 3460 868 3525 alii
903 3480 988 3525 nova
1022 3480 1042 3525 a
1076 3461 1253 3525 Niebuhrio

82 3744 106 3814 ¹)
126 3747 220 3814 Quum
234 3745 333 3816 sapius
347 3748 421 3801 bona
434 3750 462 3801 ct
471 3745 549 3800 utilia
559 3760 592 3798 cx
602 3743 768 3813 ignobilibus
778 3748 805 3797 et
814 3742 937 3820 obscuris
947 3740 1053 3811 angulis
1068 3740 1253 3810 protraxisset.

129 3841 300 3905 postremum
324 3853 357 3890 eo
379 3834 513 3905 pervenit,
540 3839 571 3887 ut
598 3832 696 3902 cupide
723 3833 774 3885 hoc
802 3848 888 3900 genus
915 3831 1077 3899 scriptorum
1097 3829 1255 3882 defenderet

129 3931 158 3980 et
182 3942 215 3980 ex
240 3941 336 3980 eorum
360 3925 444 3978 etiam
467 3921 614 3992 negligenti
638 3921 767 3989 loquendi
792 3937 844 3975 usu
868 3920 1006 3974 interdum
1029 3906 1134 3988 aliquid
1158 3917 1256 3972 elicere

130 4018 257 4068 tentaret.

83 4100 110 4170 ’)
128 4102 202 4157 Talis
221 4102 289 4156 mihi
308 4102 336 4155 in
355 4101 492 4170 plerisque
511 4101 619 4154 ridetur
638 4099 738 4154 Blumii
757 4098 834 4162 liber,
858 4098 904 4166 qui
928 4095 1084 4151 inscribitur
1102 4094 1257 4164 Einlcituug

130 4191 159 4245 in
183 4191 227 4246 die
245 4190 391 4245 Romische
410 4189 580 4244 Geschichte.
617 4185 681 4255 (Cir.
706 4188 825 4256 Zumptii
849 4205 921 4242 cens.
944 4186 1037 4240 Jahrb.
1062 4186 1080 4238 i.
1100 4184 1256 4238 wissensch.

130 4280 196 4335 Crit.
220 4278 298 4333 1829.
323 4279 353 4333 N.
373 4277 407 4330 12
426 4284 453 4332 et
472 4277 526 4345 13.)
563 4278 617 4332 Sed
635 4278 715 4344 longe
739 4275 900 4329 tutilissimis
919 4274 1081 4328 commentis
1109 4279 1136 4326 et
1163 4273 1257 4326 multis

131 4370 291 4438 ignorantia
310 4384 402 4423 rerum
421 4368 597 4436 antiquarum
617 4365 748 4435 exemplis
771 4365 888 4418 refertus
911 4369 952 4417 est
975 4363 1044 4417 liber
1067 4362 1257 4416 Eiscndecheri

131 4457 233 4524 (Ueber
252 4459 296 4512 dic
308 4457 488 4526 Entstehung,
507 4456 713 4523 Entwickelung
731 4455 788 4507 und
807 4453 979 4521 Aushildung
997 4452 1045 4506 des
1064 4453 1258 4521 Bllrgerreohts

132 4546 169 4600 im
189 4549 263 4602 alten
282 4547 362 4601 Rom.
398 4543 647 4615 Hamburg1829).
684 4543 807 4612 Exempli
827 4543 886 4596 loco
910 4540 1035 4595 sufficere
1059 4547 1156 4611 potest,
1185 4542 1259 4610 quod
