2956 5190
624 281 688 347 649

50 479 241 562 argumenti
264 476 568 554 dissimilitudinem,
594 498 637 542 an
660 498 768 543 rerum
794 479 1131 544 coniunctissimarum
1155 480 1257 566 (qerem

51 593 184 651 senatus
207 621 249 630 —
273 586 492 669 appellavisset
516 618 555 626 -
581 585 671 647 illum
694 584 838 647 ordinem
868 621 908 629 —
939 585 1091 668 elimasat)
1121 586 1257 651 distrac-

52 692 190 772 tionem,
220 712 263 756 an
286 693 482 774 pravitatem
506 690 602 754 huius
625 691 794 755 sententiae
823 692 1071 773 progressionis:
1106 695 1161 778 qui
1183 714 1257 776 per·

53 800 201 864 turbatus
225 806 268 864 eat
296 833 335 843 —
366 797 547 861 mouebatur
576 798 692 874 animo,
721 817 764 862 an
793 798 933 880 protasis
962 818 1092 863 ornnem
1122 803 1257 864 eventus

55 926 192 971 causam
217 905 394 987 complexae
424 924 497 967 curn
528 904 662 985 apodosi
686 904 828 986 primurn
853 905 947 986 quasi
970 910 1106 970 eventus
1130 905 1256 971 initium
1271 922 1311 962 ³¹0

55 1013 260 1096 significante
283 1008 489 1094 (mouebatur)
514 1011 782 1086 coniunctionem,
811 1030 854 1076 an
883 1012 1023 1093 denique
1052 1013 1257 1094 impeditissi-

57 1139 162 1197 mum,
186 1139 251 1183 non
276 1138 416 1194 cursum,
442 1116 500 1181 sed
523 1121 635 1181 tamen
658 1121 784 1181 motum
808 1118 1068 1209 qualemcunque
1086 1119 1256 1185 orationis:

56 1247 148 1311 quem
173 1261 212 1268 —
239 1225 466 1308 appellavisset,
491 1225 613 1309 quique,
646 1244 715 1287 eum
740 1259 782 1269 -
806 1224 955 1306 duxisset,
974 1225 1181 1308 perturbatus
1204 1234 1256 1307 est,

56 1367 101 1378 -
125 1353 195 1395 auur
219 1331 354 1395 audiret.
402 1331 442 1394 ut
470 1334 581 1394 tamen
605 1330 744 1394 Orellius
772 1330 805 1394 in
834 1331 1026 1413 praefatione
1054 1332 1116 1396 hoc
1145 1333 1257 1397 inven-

55 1444 129 1504 tum
152 1440 213 1503 sibi
242 1439 371 1521 placere
400 1437 602 1519 significavit.
648 1437 741 1501 Adeo
773 1457 838 1501 non
869 1437 962 1502 firme
992 1439 1112 1503 veritas
1144 1439 1257 1504 intelli·

56 1547 144 1627 gitur
166 1565 227 1609 nec
250 1548 388 1609 tenetur.

148 1650 166 1732 ξ
193 1653 233 1715 12
256 1650 409 1727 Klotzius,
434 1650 623 1726 Beneckius‚
654 1650 815 1714 Soldanus
840 1649 1025 1715 ediderunt:
1060 1652 1183 1732 errorto
1207 1654 1258 1716 ille

58 1755 261 1840 (Pompeius)
284 1758 461 1840 superiores
484 1759 602 1819 vicerat
628 1757 744 1839 pior-io,
774 1763 861 1819 tardo
888 1764 923 1819 tu
951 1756 1087 1840 (Caesar)
1116 1760 1258 1823 oneribus

52 1867 244 1950 prestitisti,
269 1863 546 1946 quemadmodum
567 1863 723 1944 scripturn
748 1867 796 1926 est
817 1862 849 1926 in
868 1863 944 1937 Eri,
969 1864 1052 1928 Gud.
1072 1866 1103 1941 2,
1128 1865 1256 1937 Salisb..

57 1972 134 2037 Par.
160 1972 210 2047 11,
242 1971 323 2034 aliis,
376 1971 494 2034 Verum
532 1970 587 2050 qui
621 1969 667 2034 sic
701 1969 852 2051 loquitur,
888 1971 925 2045 ia,
962 1975 1085 2052 quanta
1120 1971 1256 2036 Caesaris

59 2078 161 2160 gloria
184 2077 234 2153 sit,
259 2077 401 2142 ostendit
424 2076 571 2157 Pompeii
595 2077 853 2157 comparatione;
884 2076 1005 2155 Cicero,
1036 2078 1179 2142 Deiotari
1203 2098 1255 2142 ex·

60 2185 196 2248 cusandi
231 2203 345 2259 causa,
381 2187 504 2265 (manta
539 2182 686 2264 Pompeii
719 2183 821 2264 gloria
856 2184 969 2261 luerit,
1006 2188 1255 2259 eonrmemorat;

60 2292 170 2372 itaque
193 2292 302 2355 omnia
326 2290 468 2353 breviter
491 2289 780 2371 comprehendens
811 2295 937 2355 tantam
967 2292 1013 2355 ait
1036 2291 1134 2355 fuisse
1158 2293 1256 2356 Pom-

57 2398 123 2480 peii
146 2398 256 2479 gloriae
279 2402 400 2479 praetcr
423 2403 547 2461 ceteros
579 2397 814 2477 praestantiam,
851 2402 973 2479 quanta
1002 2419 1089 2462 nunc
1119 2399 1256 2463 Caesaris

59 2505 111 2568 sit.
157 2505 346 2568 Necessario
370 2504 466 2585 igitur
489 2504 672 2584 superiores
696 2503 837 2567 editores
866 2506 967 2569 secuti
997 2508 1090 2569 erant
1117 2506 1256 2587 scriptu-

59 2631 131 2675 ram
148 2610 285 2675 aliorum
303 2611 449 2674 codicum
466 2610 563 2690 (Gud.
579 2610 607 2686 1,
631 2609 804 2686 Pithoeani‚
831 2611 921 2692 cet.):
950 2612 1051 2677 Tou-to
1068 2647 1108 2655 -
1126 2620 1256 2697 quorum

62 2722 160 2798 atque
184 2717 229 2780 ita
252 2717 409 2797 scriptum
435 2717 535 2780 habet
559 2716 689 2780 Servius
714 2717 757 2780 ad
781 2718 851 2781 AEn.
875 2719 929 2794 XI,
953 2719 1029 2784 438.

148 2821 166 2902 ἕ
192 2823 232 2886 16
257 2822 362 2886 editur
386 2823 428 2886 ab
457 2823 608 2887 omnibus
638 2824 737 2887 etiam
765 2824 986 2905 superioribus
1014 2826 1146 2906 (praeter
1174 2823 1256 2904 me):

63 2930 152 3009 Quoad
174 2931 273 3013 ipitur
295 2929 424 3010 feroinus
448 2951 501 2992 uec
524 2931 559 2993 iu
582 2930 737 2993 larrrineru
760 2932 988 3014 imprudentem
1019 2932 1131 2995 eadere
1154 2940 1257 3014 posset

54 3043 186 3119 propter
216 3044 329 3099 rnatum
355 3038 523 3119 praesentis
554 3038 642 3099 eritii
672 3042 744 3112 cet,
780 3057 839 3100 nec
873 3039 1042 3102 discedunt
1073 3039 1103 3114 ii,
1139 3038 1257 3119 quibus

60 3142 203 3206 maxime
226 3142 376 3218 creditur,
413 3143 549 3206 codices,
596 3144 660 3207 Sed
685 3144 767 3207 Gud.
795 3149 822 3216 1,
852 3145 947 3215 pith..
983 3145 1036 3209 alii
1060 3145 1184 3208 habent
1206 3166 1257 3207 ea-

61 3249 156 3326 deret,
192 3249 278 3331 quod
310 3251 337 3313 si
368 3251 440 3331 quis
471 3270 536 3314 non
567 3251 636 3331 ipse
668 3270 726 3313 sua
756 3255 872 3332 sponte
904 3252 1058 3332 intelliget
1082 3270 1101 3314 a
1126 3251 1257 3315 librario

61 3356 251 3420 dissolutum
276 3361 309 3420 et
331 3357 502 3420 dilatatum
518 3348 758 3439 perspicuitatis
774 3377 872 3421 causa
890 3377 970 3435 esse,
995 3358 1091 3423 velim
1107 3357 1255 3421 animad-

62 3467 176 3527 vertat,
212 3463 244 3526 in
275 3463 420 3527 oratione
453 3484 512 3545 pro
536 3464 667 3542 Quintio
691 3462 709 3543 ἕ
733 3465 785 3540 68,
822 3465 910 3545 quod
941 3465 1052 3529 Cicero
1083 3466 1257 3546 scripserat

61 3571 185 3653 quicum
215 3572 409 3652 experiretur
438 3572 487 3651 (ut
517 3575 566 3634 est.
593 3570 626 3634 in
654 3571 724 3635 cod.
749 3571 960 3652 palimpsesto
985 3570 1202 3652 Taurinensi)‚
1237 3591 1257 3634 a

62 3676 200 3740 librariis
224 3677 345 3741 facturn
372 3697 442 3740 esse
466 3680 606 3761 erpa-riri
623 3685 736 3761 posset.

150 3781 231 3861 §21
266 3783 376 3847 Cicero
408 3786 599 3865 scripserat:
634 3786 669 3848 iu
700 3784 838 3847 curticula
871 3785 964 3847 ruolle
994 3785 1114 3859 dixisti,
1152 3787 1186 3847 ul
1218 3804 1257 3848 ex

62 3889 281 3971 superioribus
306 3892 538 3972 intelligeretur
562 3913 690 3967 comere,
721 3910 859 3973 eamque
888 3892 1080 3973 scripturam
1105 3909 1257 3955 servave-

61 4000 135 4060 runt
160 3996 278 4060 Gudl
306 4002 337 4061 et
362 3998 538 4062 deteriores
562 3998 681 4079 plures,
706 3998 913 4073 Hauniensis‚
938 3999 1120 4073 Beruensis‚
1145 3998 1258 4061 Mona-

63 4121 174 4167 censes
198 4103 273 4167 dua.
321 4106 465 4181 Librarii
498 4109 554 4169 aut
579 4105 666 4185 quod
690 4123 768 4167 casu
793 4124 832 4168 ex
856 4104 994 4168 eraticula
1017 4106 1111 4168 inulte
1134 4104 1257 4167 sactum
1272 4112 1310 4150 ³1¹

64 4214 134 4274 erat
156 4209 329 4274 caliculum
352 4212 455 4288 inulte,
480 4212 644 4294 geminata
669 4211 774 4275 littera
798 4233 829 4274 ar
852 4211 902 4291 (ut
925 4212 1028 4276 estin
1052 4209 1257 4290 Coloniensi),

63 4323 120 4379 aut
143 4319 249 4398 potius
273 4318 361 4398 quod
385 4318 577 4383 infinitivum
603 4318 835 4382 desiderabant
860 4338 918 4382 nec
942 4325 970 4381 te
993 4320 1150 4383 omissum
1175 4318 1258 4381 sere·

63 4422 152 4500 bant,
177 4424 338 4488 iecerunt:
363 4424 593 4489 inerticulam
619 4433 647 4488 te
671 4427 718 4488 ire
740 4426 834 4487 rnalle
857 4425 978 4501 ‹tiriati
1003 4425 1100 4505 idque
1119 4423 1258 4488 editores

63 4531 237 4594 tenuerunt
260 4536 293 4595 et
316 4532 499 4613 superiores
529 4536 560 4596 et
589 4531 794 4605 recentiores,
831 4531 891 4594 nisi
921 4532 1008 4612 quod
1037 4531 1175 4596 Orellius
1207 4550 1259 4593 me
