2948 5206
678 345 741 410 189

164 540 184 600 et
196 541 356 621 posterioris
379 542 536 624 temporis
559 540 673 606 similis
697 539 780 605 ratio
804 539 985 605 confirmat.
1023 540 1102 605 Erat
1126 541 1213 606 enim
1236 542 1308 606 haec

157 642 211 726 lusa
228 647 373 729 quamdiu
396 648 481 713 inter
502 647 640 730 populos
664 647 766 711 ltaliae
789 646 906 711 mediae
929 648 1147 729 pugnabatur,
1176 650 1308 729 propria

152 754 221 817 ttab
238 756 304 836 ipsa
333 759 454 819 natura
484 755 707 819 institutorum
738 753 886 835 prolecta
918 753 1063 818 condicio
1094 773 1217 831 eorum,
1253 754 1309 835 qui
1322 777 1362 816 aaa

145 876 246 939 prorsus
276 862 513 944 subigebantur
547 865 580 925 et
614 860 647 925 in
681 863 878 943 potestatem
913 859 1159 942 redigebantur,
1200 864 1238 924 ut
1271 861 1309 925 iis

85 1020 88 1071 t
140 968 227 1031 aaut
247 969 376 1033 victoris
399 967 511 1049 populi
533 969 601 1031 eine
624 966 781 1050 ecffraqio
804 965 947 1030 daretur.
993 966 1059 1031 Sed
1086 968 1148 1031 hoc
1179 967 1310 1032 nomine

137 1073 197 1155 quid
215 1073 457 1156 significaretur,
488 1074 723 1139 obscuraverat
744 1074 811 1138 iam
834 1073 914 1137 Livii
938 1077 971 1137 et
993 1072 1138 1155 Dionysii
1162 1077 1310 1154 tempore

132 1179 220 1261 opinio
242 1200 281 1244 er
305 1180 466 1245 inferioris
489 1181 595 1244 aetatis
618 1181 719 1245 rebus
743 1182 910 1261 concepta,
940 1178 1032 1260 quasi
1055 1198 1185 1260 semper
1208 1180 1308 1243 bene-

132 1284 181 1349 fici
199 1285 265 1351 loro
289 1287 403 1351 civitas
432 1286 510 1350 data
538 1288 681 1368 iurisque
712 1286 857 1368 aliquam
886 1284 1111 1366 praestantiam
1140 1285 1309 1366 complexa

132 1388 247 1472 essettb
280 1393 374 1474 isque
409 1411 499 1457 error
532 1391 576 1456 ad
610 1392 807 1458 recentiores
841 1398 1039 1473 propagatus
1075 1394 1134 1468 est,
1170 1410 1309 1472 quorum

132 1497 255 1579 plerique
276 1502 407 1563 tantum
431 1498 538 1562 minus
556 1498 657 1563 inisse
679 1500 814 1580 antiquo
835 1501 983 1579 tempore
1000 1497 1193 1561 beneficium
1213 1517 1312 1578 quam

135 1608 233 1685 postea,
255 1605 374 1683 minus,
399 1607 426 1669 si
449 1606 520 1673 sine
542 1605 705 1688 suffragiu,
730 1624 829 1686 quam
862 1604 888 1668 si
906 1623 980 1668 cum
997 1603 1151 1686 suffragio
1169 1603 1311 1680 daretur,

137 1714 238 1791 putant.
277 1711 476 1776 Niebuhrius
501 1711 541 1793 (il
564 1733 596 1793 p.
621 1711 674 1788 57,
699 1707 755 1792 68)
779 1729 894 1775 verum
918 1709 1008 1788 vidit,
1032 1710 1090 1775 sed
1114 1714 1147 1773 et
1171 1711 1312 1774 breviter

141 1817 220 1900 attigit
240 1823 272 1883 et
295 1818 391 1882 valde
415 1818 545 1883 incertis
569 1817 755 1882 immiscuit.
1056 1804 1058 1808 ’

203 1924 241 1989 iis
263 1925 370 2007 igitur,
402 1925 522 2007 quibus
549 1926 611 1989 isto
640 1923 739 1988 modo
763 1924 876 1987 civitas
900 1922 1051 2000 dabatur,
1082 1924 1224 2004 primum
1253 1942 1313 1987 sua

146 2031 318 2111 respublica
340 2033 387 2096 ita
410 2031 627 2107 adimebatur,
657 2034 704 2107 ut,
736 2049 777 2094 ne
801 2031 832 2092 in
858 2029 991 2094 alterius
1015 2029 1151 2111 quidem
1174 2029 1313 2093 admini-
1368 2090 1374 2102 ,

147 2137 256 2201 ande
284 2140 475 2202 societatem
504 2137 636 2219 recepti,
673 2136 792 2201 nullius
820 2136 862 2199 de
890 2155 1020 2200 summa
1048 2156 1159 2200 rerum
1189 2136 1300 2201 consili

149 2239 193 2305 ullo
210 2243 296 2309 modo
318 2244 494 2326 participes
522 2248 640 2320 essent,
676 2243 764 2325 quod
795 2242 890 2324 quale
922 2241 1028 2321 luerit,
1064 2262 1104 2308 ex
1133 2243 1301 2308 hominum

150 2344 319 2415 denarratiae
336 2354 543 2415 assuetorum
561 2351 593 2415 et
609 2370 649 2414 ex
666 2350 750 2414 illius
766 2349 922 2431 temporis
940 2349 1057 2415 iudicio
1073 2349 1303 2414 aestimandum

206 2646 248 2701 iam
266 2656 393 2704 remotam
419 2656 528 2704 aetatem
553 2652 684 2719 pertinet,
714 2652 786 2719 quod
812 2651 904 2704 Livius
924 2650 984 2715 (Vl,
1009 2649 1053 2716 21)
1077 2651 1238 2709 Veliternos,
1267 2641 1314 2719 qui

85 2798 87 2805 Ι
208 2735 347 2801 deiecerant,
367 2740 440 2792 cives
459 2739 580 2807 appellat
599 2747 626 2794 et
645 2742 786 2808 aliquanto
805 2746 866 2809 post
885 2740 965 2805 (Vlll,
986 2740 1032 2804 14)
1049 2748 1148 2794 veteres
1167 2743 1243 2793 rivae.

85 2826 87 2839 '
179 2814 195 2879 ἶ1
211 2823 258 2879 ldae
273 2828 367 2892 livius,
387 2834 569 2896 praeterquam
591 2830 662 2897 quod
683 2831 711 2883 in
730 2831 824 2884 multis
843 2831 981 2883 civitatem
1000 2831 1059 2883 siue
1076 2830 1206 2898 suffragio
1221 2830 1314 2882 datam

211 2916 387 2985 claranum
408 2922 503 2986 postea
528 2918 666 2971 adiectum
691 2920 772 2986 plane
798 2936 852 2970 nun
877 2919 1109 2982 commemoravit,
1139 2935 1173 2971 ex
1197 2935 1251 2985 quo
1276 2919 1313 2977 fit,

213 3005 293 3057 utnon
309 3006 409 3075 ubique
428 3012 567 3074 appareat,
595 3008 669 3075 quod
693 3024 825 3075 apparere
850 3008 968 3060 debebat
991 3013 1019 3060 et
1043 3012 1158 3075 apparet
1177 3007 1315 3060 interdum

215 3085 329 3157 (telutl'l,
348 3096 372 3159 5,
392 3097 462 3160 Vlll,
483 3094 537 3162 17),
556 3113 617 3164 quae
637 3097 754 3150 civitatis
773 3097 943 3150 incrementa
962 3097 1083 3149 tribuum
1102 3113 1237 3149 novarum
1251 3096 1314 3148 adii·

217 3177 344 3238 ciendamm
362 3185 555 3239 necessitatem
574 3187 724 3248 attulerint,
744 3192 842 3253 praeter
861 3186 927 3248 haec,
952 3185 1073 3252 inquam,
1097 3201 1153 3238 uon
1172 3186 1315 3252 diligenter

217 3267 265 3321 saus
279 3271 393 3327 distinxit
411 3272 528 3327 civitatis
548 3274 618 3327 datae
638 3291 749 3341 gencra;
770 3277 845 3328 velut
865 3276 890 3326 in
911 3274 1088 3342 Arpinatibus
1108 3280 1135 3327 et
1152 3275 1314 3327 Trebulanis

218 3353 248 3415 (ll.
263 3359 338 3415 leoll.
351 3363 495 3420 XXXVlll,
514 3360 560 3427 36)
581 3379 635 3415 non
650 3363 754 3415 addidit
766 3367 823 3415 aine
836 3366 977 3430 suffrapio,
996 3362 1068 3430 quod
1083 3364 1110 3415 in
1130 3364 1190 3416 aliis
1208 3364 1313 3416 adiecit.

219 3440 273 3499 ldeuu
291 3451 385 3504 addere
404 3453 463 3504 sine
482 3452 565 3504 dubio
585 3452 703 3504 debebat
722 3453 750 3504 in
769 3452 974 3505 Privernatibus
996 3451 1078 3516 (lTll,
1098 3453 1130 3503 21
1157 3453 1216 3505 coll.
1236 3470 1258 3504 c.
1280 3450 1313 3516 1).

219 3529 408 3605 luTuaculauis,
436 3541 482 3608 qui
507 3557 531 3593 a.
551 3539 604 3592 380
627 3558 656 3593 se
680 3541 851 3604 dediderunt,
879 3543 994 3594 Camillo
1017 3542 1115 3594 urbem
1141 3546 1259 3602 tenente,
1288 3546 1315 3593 et

218 3617 285 3679 livius
299 3628 351 3694 (Vl,
373 3628 420 3695 26)
443 3635 471 3683 et
490 3629 635 3697 Dionysius
660 3628 793 3697 (Excerpt.
814 3631 901 3684 Valeas.
921 3649 947 3699 p.
967 3630 1037 3682 2310
1056 3632 1097 3698 R,
1121 3629 1172 3682 231
1193 3631 1313 3683 Tauclm.

219 3703 277 3775 llll,
292 3716 435 3784 GKiesle)
454 3723 482 3771 et
499 3719 550 3772 Dio
570 3719 678 3772 Cassius
692 3718 746 3782 (Fr.
759 3718 828 3771 Peir.
842 3717 887 3784 32)
907 3720 957 3772 boc
976 3724 1108 3772 annotare
1127 3720 1314 3787 neglexerunt,

219 3798 352 3861 adulantes
376 3808 566 3861 Romanorum
592 3807 855 3875 magnanimitatem,
885 3826 945 3876 quae
970 3809 1060 3876 potius
1084 3809 1201 3861 stultitia
1224 3809 1314 3876 appel·

219 3883 278 3945 landa
292 3902 365 3959 esset,
385 3897 426 3959 iis,
446 3914 462 3949 a
481 3897 580 3964 quibus
599 3897 720 3965 proditos
740 3914 768 3950 se
787 3902 923 3964 putarent.
943 3898 1107 3951 beneficium
1127 3897 1314 3955 tribuentium.

220 3980 271 4040 l¹10d
286 3983 404 4039 fidelibus
423 4003 473 4039 nec
493 3986 535 4038 his
553 4003 603 4038 nec
628 3987 687 4039 aliis
707 3987 865 4039 tribuerent.
904 3987 958 4039 Res
981 4004 1037 4039 nnn
1061 3987 1144 4039 dubia
1169 3987 1314 4039 manifesta

220 4060 241 4116 fil
253 4083 279 4121 tt
293 4072 357 4128 bello
370 4076 476 4138 Latino,
497 4075 524 4128 in
543 4093 598 4144 quo
616 4075 763 4128 Tusculani
784 4080 904 4129 veterem
918 4076 1072 4129 libertatem
1086 4092 1247 4143 recuperare
1260 4079 1314 4128 stu·

220 4150 316 4215 luerunt
346 4161 427 4230 [Quae
445 4163 549 4217 Plinius
568 4165 600 4217 H.
620 4165 651 4217 Ν.
671 4165 726 4228 Vll,
752 4164 803 4216 136
823 4166 856 4218 de
875 4166 903 4217 L.
923 4166 1018 4218 Fulvio
1037 4164 1137 4226 scribit,
1158 4181 1242 4231 quum
1262 4165 1314 4217 Tu·

220 4244 360 4306 scalmorum
384 4253 575 4306 rebellantium
601 4254 696 4307 consul
716 4253 818 4312 suisset,
848 4255 945 4308 eodem
964 4271 1036 4307 auno
1055 4251 1090 4319 (a.
1110 4253 1171 4305 Chr.
1191 4251 1255 4317 322)
1280 4253 1314 4305 ad

221 4337 358 4394 c‘Jttssulatum
377 4342 535 4395 Romanum
555 4349 657 4405 evecto,
687 4359 817 4410 magnum
842 4343 901 4395 sine
924 4344 1007 4396 dubio
1032 4358 1151 4394 errorem
1176 4347 1203 4394 et
1222 4359 1313 4395 rerum

221 4421 374 4484 ammonem
393 4431 505 4484 babent.
544 4432 572 4484 L.
594 4431 705 4484 Fulvius
726 4437 803 4484 vetus
823 4432 964 4484 llornanus
987 4435 1097 4483 senator
1117 4432 1188 4484 bona
1208 4433 1314 4484 videtur

222 4504 317 4569 habuisse
333 4520 443 4575 Tusculi
462 4526 489 4574 et
508 4521 553 4585 ibi,
578 4527 608 4574 ut
632 4521 714 4573 fiebat
739 4538 792 4573 non
818 4537 886 4583 raro,
911 4519 1104 4586 municipalem
1124 4520 1313 4588 magistratum

222 4604 358 4675 wamma]
