2956 5190
626 285 689 350 321

53 480 146 565 quod
160 480 281 546 Orellio
305 482 338 545 in
362 483 506 545 mentem
522 480 621 556 venit,
645 479 726 542 milri
752 479 821 543 licet
845 477 971 562 (quidni
988 481 1074 545 enim
1091 481 1201 546 liceret
1218 502 1259 547 ex

52 588 218 655 maiorum
235 587 418 671 praesertim
432 590 465 652 et
476 589 608 670 patrum
621 585 779 651 memoria
791 584 941 650 homines
952 587 1167 670 nominaret),
1184 589 1258 654 sed:

52 694 136 759 milri
147 695 230 759 libet.
265 695 313 759 Er
333 693 496 759 scribendi
508 712 617 758 errore
630 692 754 757 factum
772 695 822 756 est
834 692 919 781 limet,
936 692 1012 758 inde
1028 698 1136 759 ortum
1152 696 1257 780 liquet.

146 802 182 868 C.
203 801 254 879 19,
277 800 322 865 45
344 801 466 865 editur:
493 798 582 864 lieri
605 800 688 863 enim
712 818 776 861 non
793 806 903 882 potest,
927 807 961 864 ol
982 801 1109 865 animm
1132 800 1260 865 libidini

51 907 184 975 mous
206 943 249 955 —
272 907 339 991 icoc,
362 905 511 993 quicquid
534 913 587 988 ist,
616 906 699 992 quod
726 926 783 969 nos
804 905 945 987 facimus
967 908 1002 971 in
1025 907 1168 990 dicendo,
1197 928 1261 972 nom

52 1015 150 1081 nodo
173 1015 304 1100 apmdo,
328 1034 437 1078 oerum
460 1014 555 1077 ctiam
578 1011 743 1098 copitando
760 1013 862 1096 possit
884 1014 1047 1078 amtinerc.
1082 1015 1147 1079 Sed
1171 1014 1260 1080 codi-

52 1140 111 1189 ces
136 1142 249 1188 omnes
273 1120 365 1204 (casu
388 1119 515 1198 accidit,
539 1122 576 1184 ut
598 1120 651 1183 hic
672 1118 771 1183 etiarn
790 1118 996 1184 Gulielrniani
1019 1124 1052 1185 et
1076 1121 1260 1186 Gruten'ani

53 1224 384 1308 commemorentur),
420 1225 519 1302 etiam
554 1225 778 1301 recentissimi,
814 1228 847 1289 et
881 1226 953 1308 ipsa
987 1225 1086 1292 editio
1118 1246 1148 1291 a.
1175 1227 1260 1292 1472

56 1333 153 1419 (nam
176 1336 210 1400 in
233 1335 311 1400 edit.
339 1334 425 1398 1480
452 1336 616 1397 mutatum
645 1333 712 1397 iam
741 1327 803 1411 est)
839 1351 898 1413 pro
926 1353 990 1396 non
1017 1333 1108 1397 modo
1135 1333 1261 1398 habent

54 1462 182 1529 quoquo
204 1442 304 1519 modo,
337 1441 484 1524 profecto
512 1459 578 1505 non
607 1458 716 1503 errore
744 1437 917 1503 scribendi.
963 1438 1181 1505 Vehementer
1205 1459 1261 1504 su·

54 1549 179 1631 epicos
208 1549 331 1613 lactum
355 1547 407 1612 hic
431 1565 513 1623 esse,
543 1545 631 1626 quod
655 1543 732 1608 alibi
756 1563 885 1626 quoque
908 1547 942 1609 in
965 1545 1168 1611 orationibus
1192 1546 1261 1610 fac·

55 1658 132 1720 tum
155 1673 228 1719 esse
251 1654 395 1732 memini,
429 1657 465 1717 ut
487 1653 520 1716 in
544 1650 692 1715 codicum
715 1659 901 1716 nostrorum
926 1653 1104 1735 archetypo
1127 1655 1262 1735 propter

54 1760 208 1827 eiusdem
242 1760 391 1826 vocabuli
422 1759 647 1841 repetitionem
684 1757 807 1838 aliquid
830 1759 1002 1836 excideret,
1039 1758 1261 1841 scriptumque

54 1867 137 1933 olim
166 1867 281 1932 fuisse:
316 1886 436 1952 quoquo
465 1863 571 1947 [modo
592 1864 742 1946 facimus,
770 1863 848 1947 non]
876 1866 976 1929 modo.
1023 1866 1262 1932 Modestissime

55 1973 174 2040 Cicero
197 1974 283 2057 loqui
308 1975 392 2050 vult;
426 1974 537 2054 itaque
561 1973 637 2052 apte
660 1971 722 2036 hoc
746 1971 978 2054 superadditur
1001 1972 1077 2037 illis:
1113 1972 1263 2059 quicquid

55 2089 113 2160 eet,
149 2080 232 2166 quod
261 2101 318 2145 nos
345 2079 496 2162 facimus.
542 2077 591 2141 Ne
615 2077 801 2158 exemplum
830 2078 1047 2161 elonginquo
1070 2083 1192 2161 petam,
1228 2079 1261 2143 iu

56 2189 142 2251 orat.
167 2186 209 2251 de
231 2187 405 2269 provinciis
429 2184 553 2250 consul.
577 2203 604 2247 c.
628 2183 660 2261 4,
685 2184 705 2247 9
729 2183 852 2249 editur:
882 2184 989 2269 lqitur
1012 2188 1047 2249 in
1070 2185 1179 2271 Syria,
1203 2186 1261 2250 im·

51 2301 206 2379 peratore
233 2296 298 2376 illo,
333 2293 415 2357 nihil
446 2291 538 2356 aliud
566 2297 670 2354 ocium
698 2297 752 2370 ert,
786 2293 852 2355 nisi
868 2293 1032 2375 pactiones
1052 2294 1262 2376 pecuniarum

57 2422 131 2465 oum
155 2403 303 2487 tyrannis
325 2404 388 2464 cet.
434 2398 500 2463 Sed
517 2416 632 2461 omnes
650 2396 755 2475 codd,
780 2399 879 2463 etiam
896 2399 1009 2476 Paris,
1034 2399 1115 2481 ipsae
1133 2418 1262 2481 quoque

61 2508 222 2573 editiones
247 2511 374 2572 veteres
397 2506 536 2570 habent:
568 2503 650 2567 nihil
673 2503 765 2567 aliud
787 2525 884 2589 neque
907 2513 1022 2569 actum.
1069 2505 1143 2570 Fuit
1166 2505 1264 2588 igitur

58 2614 138 2679 olim
162 2613 349 2679 huiusmodi
373 2612 529 2678 orationis
559 2610 679 2676 torma:
714 2610 796 2674 nilril
828 2612 919 2675 aliod
949 2633 1047 2697 neque
1080 2610 1264 2697 [capitatum

58 2719 173 2807 neque]
197 2727 300 2785 actum
323 2727 377 2784 est.
424 2717 544 2783 Similis
568 2738 658 2782 error
680 2719 844 2783 nonnullis
867 2720 946 2784 locis
968 2720 1002 2783 in
1026 2719 1136 2783 codice
1161 2719 1264 2783 Medi-

60 2847 118 2892 ceo
142 2828 355 2910 epistolarum
378 2826 422 2891 ad
439 2824 552 2890 Famil.
577 2825 770 2890 commissus
790 2829 850 2902 est,
874 2825 1014 2889 necdum
1038 2825 1161 2907 ubique
1185 2825 1265 2889 sub-

60 2935 158 3012 latus,
183 2935 272 2999 velut
294 2935 332 3011 ss,
356 2935 387 3011 4,
412 2934 470 2997 ubi
487 2931 697 2996 scribendum
721 2935 784 2995 est:
809 2939 843 2995 ut
866 2953 963 3016 neque
981 2953 1028 3012 ea,
1053 2914 1139 3016 [φάε
1156 2932 1265 3012 scirtio,

12 3037 23 3048 “
61 3041 212 3123 audeam,
237 3062 335 3126 neque
358 3038 422 3122 em]
446 3060 515 3124 quoe
538 3041 731 3117 monsontio,
756 3039 848 3102 velim
871 3037 1017 3101 scribere.
1053 3039 1123 3103 lbd.
1147 3039 1185 3114 ll,
1212 3039 1263 3116 19,
1279 3053 1320 3096 rer

59 3147 117 3213 uhi
141 3152 206 3213 est:
244 3146 452 3227 Quamobrem
479 3167 669 3231 quocunque
697 3168 719 3210 o
746 3168 794 3210 me
822 3152 1009 3210 ornamento
1033 3147 1067 3207 in
1090 3151 1118 3208 te
1136 3144 1266 3228 profici·

58 3261 196 3333 recidor,
220 3253 430 3319 scribendum
448 3257 513 3317 est:
538 3254 572 3316 in
594 3261 623 3317 tc
641 3251 816 3337 [proficisci
826 3250 1002 3336 poterunt]
1015 3250 1265 3335 proficiscentur.

60 3362 261 3428 Gravissime
284 3366 395 3426 autem
421 3363 592 3441 corruptus
617 3363 666 3424 est
690 3360 779 3424 locus
803 3361 836 3424 in
860 3359 915 3424 lib.
933 3359 975 3423 Vl
998 3377 1049 3441 ep.
1068 3358 1089 3421 5
1112 3355 1131 3438 ἓ
1155 3358 1185 3435 3,
1210 3357 1266 3421 ubi

59 3469 92 3534 in
129 3470 202 3552 ipso
236 3468 347 3534 codice
381 3467 527 3532 Mediceo
562 3466 812 3549 interpolatione
852 3466 970 3530 lacuna
1008 3465 1171 3530 occultata
1206 3468 1266 3529 est.

59 3576 226 3659 Scriptum
250 3577 337 3644 enirn
361 3579 433 3640 erat
455 3595 476 3640 a
499 3573 654 3639 Cicerone
677 3574 710 3638 in
734 3575 820 3639 hunc
837 3572 987 3637 modum:
1014 3573 1120 3652 Quare
1136 3570 1180 3636 ad
1196 3591 1266 3634 eam

60 3703 159 3768 apem
189 3681 300 3769 [priam
323 3683 363 3746 de
384 3681 528 3746 munibus
550 3680 710 3762 habemus,
740 3679 859 3744 accedit
882 3677 946 3760 em]
977 3700 1073 3763 quom
1102 3686 1193 3741 extro
1216 3698 1266 3741 or-

59 3788 169 3853 dinem
192 3789 231 3853 de
253 3796 281 3854 te
303 3792 372 3874 ipso
390 3788 555 3870 -lrobcmm,
582 3808 645 3851 non
667 3788 767 3851 solu-m
784 3794 918 3872 propter
941 3786 1127 3870 dipnitatem
1151 3793 1179 3848 et
1201 3786 1266 3848 oir-

60 3903 158 3960 tutcm
188 3903 277 3960 tuam
305 3931 347 3942 —
376 3895 443 3959 lr-oec
470 3896 553 3958 cm'm
581 3902 769 3959 ornamento
798 3901 871 3959 sum
899 3892 957 3957 tibi
980 3894 1076 3956 ctiam
1098 3913 1168 3955 cum
1192 3892 1268 3955 aliis

60 4004 242 4066 communio
266 4037 319 4085 -,
343 4001 398 4067 sed
428 4001 472 4085 (v.
503 4000 653 4064 ocemont
676 4008 732 4064 tua
754 3999 937 4085 precipua)
965 4007 1094 4083 propter
1118 3999 1265 4061 eximium

61 4110 225 4194 inperium
248 4129 464 4193 summamque
486 4108 508 4188 †
532 4109 688 4172 virtutem.
724 4107 803 4191 (cfr.
828 4107 948 4189 disput.
974 4106 1014 4171 de
1039 4105 1203 4171 emendat.
1221 4105 1268 4170 lo·

61 4236 127 4282 cor.
153 4215 251 4298 aliqu.
275 4219 372 4280 oratt.
397 4235 430 4297 p.
446 4214 510 4279 155
533 4219 566 4278 et
589 4215 717 4297 praefat.
735 4215 812 4279 edit.
829 4214 965 4279 duodec.
983 4217 1080 4278 oratt.
1096 4233 1129 4295 p.
1146 4206 1268 4292 125.)¹)

88 4460 112 4530 ¹)
133 4463 262 4518 Ceterum
285 4462 330 4517 hic
354 4462 432 4517 locus
454 4467 554 4532 prater
577 4461 645 4517 alios
667 4461 733 4527 (vid.
752 4463 843 4517 Hand.
862 4461 977 4516 Turseli.
997 4461 1020 4514 ll
1040 4477 1066 4529 p.
1087 4458 1149 4523 556)
1173 4475 1270 4513 eorum

135 4552 301 4623 seutentiam
320 4551 428 4626 pvertit,
456 4551 504 4620 qui
527 4551 556 4604 in
579 4551 712 4606 descensu
736 4551 771 4605 ad
795 4550 887 4605 rninus
905 4554 967 4620 post
986 4566 1040 4603 non
1058 4551 1144 4612 morio,
1173 4548 1200 4602 id
1219 4552 1269 4613 est,

1021 4635 1056 4688 21
