<?xml version="1.0" encoding="UTF-8"?>
<!DOCTYPE html PUBLIC "-//W3C//DTD XHTML 1.0 Transitional//EN"
    "http://www.w3.org/TR/xhtml1/DTD/xhtml1-transitional.dtd">
<html xmlns="http://www.w3.org/1999/xhtml" xml:lang="en" lang="en">
 <head>
  <title>
</title>
<meta http-equiv="Content-Type" content="text/html;charset=utf-8" />
  <meta name='ocr-system' content='tesseract 3.04.00' />
  <meta name='ocr-capabilities' content='ocr_page ocr_carea ocr_par ocr_line ocrx_word'/>
</head>
<body>
  <div class='ocr_page' id='page_1' title='image "./ionicolaimadvig02madvgoog_0395.png"; bbox 0 0 2956 5190; ppageno 0'>
   <div class='ocr_carea' id='block_1_1' title="bbox 626 291 692 356">
    <p class='ocr_par' dir='ltr' id='par_1_1' title="bbox 626 291 692 356">
     <span class='ocr_line' id='line_1_1' title="bbox 626 291 692 356; baseline 0 -1"><span class='ocrx_word' id='word_1_1' title='bbox 626 291 692 356; x_wconf 73' lang='lat'><em>372</em></span> 
     </span>
    </p>
   </div>
   <div class='ocr_carea' id='block_1_2' title="bbox 6 481 1277 4204">
    <p class='ocr_par' dir='ltr' id='par_1_2' title="bbox 6 481 1277 4204">
     <span class='ocr_line' id='line_1_2' title="bbox 59 481 1256 565; baseline -0.001 -20"><span class='ocrx_word' id='word_1_2' title='bbox 59 501 185 560; x_wconf 86' lang='lat' dir='ltr'><em>versus,</em></span> <span class='ocrx_word' id='word_1_3' title='bbox 210 485 265 565; x_wconf 88' lang='lat' dir='ltr'><em>qui</em></span> <span class='ocrx_word' id='word_1_4' title='bbox 288 486 335 548; x_wconf 89' lang='lat' dir='ltr'><em>sic</em></span> <span class='ocrx_word' id='word_1_5' title='bbox 358 485 481 550; x_wconf 78' lang='lat' dir='ltr'>editur:</span> <span class='ocrx_word' id='word_1_6' title='bbox 515 485 596 549; x_wconf 81' lang='lat' dir='ltr'><em>Turn</em></span> <span class='ocrx_word' id='word_1_7' title='bbox 620 507 670 549; x_wconf 85' lang='lat' dir='ltr'><em>res</em></span> <span class='ocrx_word' id='word_1_8' title='bbox 693 485 737 549; x_wconf 89' lang='lat' dir='ltr'><em>od</em></span> <span class='ocrx_word' id='word_1_9' title='bbox 759 504 952 548; x_wconf 82' lang='lat' dir='ltr'><em>communem</em></span> <span class='ocrx_word' id='word_1_10' title='bbox 974 481 1160 562; x_wconf 76' lang='lat' dir='ltr'><em>sdilitotem,</em></span> <span class='ocrx_word' id='word_1_11' title='bbox 1186 502 1256 564; x_wconf 79' lang='lat' dir='ltr'><em>qnos</em></span> 
     </span>
     <span class='ocr_line' id='line_1_3' title="bbox 6 588 1256 675; baseline -0.003 -23"><span class='ocrx_word' id='word_1_12' title='bbox 6 605 48 646; x_wconf 67' lang='grc' dir='ltr'><em>ιω</em></span> <span class='ocrx_word' id='word_1_13' title='bbox 55 589 203 673; x_wconf 83' lang='lat' dir='ltr'><em>publicos</em></span> <span class='ocrx_word' id='word_1_14' title='bbox 226 591 431 675; x_wconf 82' lang='lat' dir='ltr'><em>appellamus,</em></span> <span class='ocrx_word' id='word_1_15' title='bbox 455 599 521 655; x_wconf 80' lang='lat' dir='ltr'><em>trem</em></span> <span class='ocrx_word' id='word_1_16' title='bbox 545 593 757 656; x_wconf 79' lang='lat' dir='ltr'><em>corronrticnlo</em></span> <span class='ocrx_word' id='word_1_17' title='bbox 778 591 950 671; x_wconf 79' lang='lat' dir='ltr'><em>hominnm,</em></span> <span class='ocrx_word' id='word_1_18' title='bbox 974 609 1048 674; x_wconf 81' lang='lat' dir='ltr'><em>qnae</em></span> <span class='ocrx_word' id='word_1_19' title='bbox 1058 593 1174 672; x_wconf 76' lang='lat' dir='ltr'><em>posteo</em></span> <span class='ocrx_word' id='word_1_20' title='bbox 1188 588 1256 649; x_wconf 84' lang='lat' dir='ltr'><em>ciri·</em></span> 
     </span>
     <span class='ocr_line' id='line_1_4' title="bbox 61 692 1257 782; baseline -0.002 -23"><span class='ocrx_word' id='word_1_21' title='bbox 61 703 140 760; x_wconf 82' lang='lat' dir='ltr'><em>tates</em></span> <span class='ocrx_word' id='word_1_22' title='bbox 158 699 328 761; x_wconf 79' lang='lat' dir='ltr'><em>nominatae</em></span> <span class='ocrx_word' id='word_1_23' title='bbox 344 705 427 780; x_wconf 77' lang='lat' dir='ltr'><em>aurel,</em></span> <span class='ocrx_word' id='word_1_24' title='bbox 451 705 516 762; x_wconf 76' lang='lat' dir='ltr'><em>tnnc</em></span> <span class='ocrx_word' id='word_1_25' title='bbox 533 699 695 762; x_wconf 82' lang='lat' dir='ltr'><em>domicilio</em></span> <span class='ocrx_word' id='word_1_26' title='bbox 712 699 886 778; x_wconf 82' lang='lat' dir='ltr'><em>coniuncto,</em></span> <span class='ocrx_word' id='word_1_27' title='bbox 910 716 992 782; x_wconf 83' lang='lat' dir='ltr'><em>qnos</em></span> <span class='ocrx_word' id='word_1_28' title='bbox 1009 694 1106 759; x_wconf 78' lang='lat' dir='ltr'><em>nrbes</em></span> <span class='ocrx_word' id='word_1_29' title='bbox 1120 692 1257 771; x_wconf 72' lang='lat' dir='ltr'><em>dicimus,</em></span> 
     </span>
     <span class='ocr_line' id='line_1_5' title="bbox 61 800 1258 886; baseline 0.001 -22"><span class='ocrx_word' id='word_1_30' title='bbox 61 804 184 867; x_wconf 85' lang='lat' dir='ltr'><em>incentu</em></span> <span class='ocrx_word' id='word_1_31' title='bbox 207 812 235 867; x_wconf 90' lang='lat' dir='ltr'><em>et</em></span> <span class='ocrx_word' id='word_1_32' title='bbox 258 803 365 868; x_wconf 73' lang='lat' dir='ltr'><em>divitie</em></span> <span class='ocrx_word' id='word_1_33' title='bbox 389 806 458 868; x_wconf 82' lang='lat' dir='ltr'><em>ture</em></span> <span class='ocrx_word' id='word_1_34' title='bbox 481 814 509 869; x_wconf 90' lang='lat' dir='ltr'><em>et</em></span> <span class='ocrx_word' id='word_1_35' title='bbox 536 806 685 886; x_wconf 81' lang='lat' dir='ltr'><em>linmono,</em></span> <span class='ocrx_word' id='word_1_36' title='bbox 713 803 866 867; x_wconf 81' lang='lat' dir='ltr'><em>moenilns</em></span> <span class='ocrx_word' id='word_1_37' title='bbox 893 808 1081 886; x_wconf 71' lang='lat' dir='ltr'><em>sapuerunt.</em></span> <span class='ocrx_word' id='word_1_38' title='bbox 1126 800 1182 864; x_wconf 78' lang='lat' dir='ltr'><em>Ab</em></span> <span class='ocrx_word' id='word_1_39' title='bbox 1203 801 1258 865; x_wconf 83' lang='lat' dir='ltr'><em>trac</em></span> 
     </span>
     <span class='ocr_line' id='line_1_6' title="bbox 62 907 1258 992; baseline -0.003 -18"><span class='ocrx_word' id='word_1_40' title='bbox 62 910 223 992; x_wconf 88' lang='lat' dir='ltr'><em>scriptura</em></span> <span class='ocrx_word' id='word_1_41' title='bbox 246 911 342 975; x_wconf 91' lang='lat' dir='ltr'><em>Bern.</em></span> <span class='ocrx_word' id='word_1_42' title='bbox 367 915 400 975; x_wconf 91' lang='lat' dir='ltr'><em>et</em></span> <span class='ocrx_word' id='word_1_43' title='bbox 422 911 469 976; x_wconf 91' lang='lat' dir='ltr'><em>St.</em></span> <span class='ocrx_word' id='word_1_44' title='bbox 493 912 576 977; x_wconf 91' lang='lat' dir='ltr'><em>Vict.</em></span> <span class='ocrx_word' id='word_1_45' title='bbox 600 931 665 976; x_wconf 92' lang='lat' dir='ltr'><em>non</em></span> <span class='ocrx_word' id='word_1_46' title='bbox 689 911 885 992; x_wconf 88' lang='lat' dir='ltr'><em>discrepant,</em></span> <span class='ocrx_word' id='word_1_47' title='bbox 917 910 978 974; x_wconf 87' lang='lat' dir='ltr'><em>sed</em></span> <span class='ocrx_word' id='word_1_48' title='bbox 1004 910 1040 973; x_wconf 90' lang='lat' dir='ltr'><em>in</em></span> <span class='ocrx_word' id='word_1_49' title='bbox 1064 907 1138 972; x_wconf 87' lang='lat' dir='ltr'><em>cod.</em></span> <span class='ocrx_word' id='word_1_50' title='bbox 1162 907 1258 972; x_wconf 86' lang='lat' dir='ltr'><em>Paris</em></span> 
     </span>
     <span class='ocr_line' id='line_1_7' title="bbox 62 1014 1259 1099; baseline -0.001 -19"><span class='ocrx_word' id='word_1_51' title='bbox 62 1014 187 1098; x_wconf 78' lang='lat' dir='ltr'><em>(Heru,</em></span> <span class='ocrx_word' id='word_1_52' title='bbox 211 1015 330 1099; x_wconf 87' lang='lat' dir='ltr'><em>Naug.)</em></span> <span class='ocrx_word' id='word_1_53' title='bbox 353 1023 418 1082; x_wconf 88' lang='lat' dir='ltr'><em>est:</em></span> <span class='ocrx_word' id='word_1_54' title='bbox 444 1040 493 1082; x_wconf 79' lang='lat' dir='ltr'><em>rea</em></span> <span class='ocrx_word' id='word_1_55' title='bbox 516 1018 560 1081; x_wconf 84' lang='lat' dir='ltr'><em>od</em></span> <span class='ocrx_word' id='word_1_56' title='bbox 575 1038 767 1082; x_wconf 82' lang='lat' dir='ltr'><em>comnmnem</em></span> <span class='ocrx_word' id='word_1_57' title='bbox 783 1017 950 1080; x_wconf 80' lang='lat' dir='ltr'><em>utilitatem</em></span> <span class='ocrx_word' id='word_1_58' title='bbox 965 1017 1169 1089; x_wconf 75' lang='lat' dir='ltr'><em>corstinetrtea,</em></span> <span class='ocrx_word' id='word_1_59' title='bbox 1193 1035 1259 1097; x_wconf 76' lang='lat' dir='ltr'><em>qua</em></span> 
     </span>
     <span class='ocr_line' id='line_1_8' title="bbox 63 1121 1260 1206; baseline -0.002 -20"><span class='ocrx_word' id='word_1_60' title='bbox 63 1124 224 1205; x_wconf 90' lang='lat' dir='ltr'><em>scriptura</em></span> <span class='ocrx_word' id='word_1_61' title='bbox 248 1144 287 1188; x_wconf 92' lang='lat' dir='ltr'><em>eo</em></span> <span class='ocrx_word' id='word_1_62' title='bbox 310 1126 414 1206; x_wconf 89' lang='lat' dir='ltr'><em>magis</em></span> <span class='ocrx_word' id='word_1_63' title='bbox 437 1145 496 1190; x_wconf 91' lang='lat' dir='ltr'><em>nos</em></span> <span class='ocrx_word' id='word_1_64' title='bbox 514 1125 684 1190; x_wconf 83' lang='lat' dir='ltr'><em>advertere</em></span> <span class='ocrx_word' id='word_1_65' title='bbox 702 1124 810 1200; x_wconf 88' lang='lat' dir='ltr'><em>debet,</em></span> <span class='ocrx_word' id='word_1_66' title='bbox 835 1123 924 1205; x_wconf 89' lang='lat' dir='ltr'><em>quod</em></span> <span class='ocrx_word' id='word_1_67' title='bbox 941 1142 994 1186; x_wconf 85' lang='lat' dir='ltr'><em>res</em></span> <span class='ocrx_word' id='word_1_68' title='bbox 1010 1121 1056 1185; x_wconf 83' lang='lat' dir='ltr'><em>od</em></span> <span class='ocrx_word' id='word_1_69' title='bbox 1073 1142 1260 1185; x_wconf 82' lang='lat' dir='ltr'><em>communen</em></span> 
     </span>
     <span class='ocr_line' id='line_1_9' title="bbox 65 1224 1260 1314; baseline 0.001 -22"><span class='ocrx_word' id='word_1_70' title='bbox 65 1229 231 1293; x_wconf 76' lang='lat' dir='ltr'><em>utilitatem</em></span> <span class='ocrx_word' id='word_1_71' title='bbox 254 1250 361 1313; x_wconf 86' lang='lat' dir='ltr'><em>neque</em></span> <span class='ocrx_word' id='word_1_72' title='bbox 384 1232 499 1296; x_wconf 83' lang='lat' dir='ltr'>Latine</span> <span class='ocrx_word' id='word_1_73' title='bbox 522 1236 555 1296; x_wconf 88' lang='lat' dir='ltr'><em>et</em></span> <span class='ocrx_word' id='word_1_74' title='bbox 578 1231 792 1314; x_wconf 86' lang='lat' dir='ltr'><em>grammatice</em></span> <span class='ocrx_word' id='word_1_75' title='bbox 819 1224 972 1309; x_wconf 47' lang='lat' dir='ltr'><em>dicituri)</em></span> <span class='ocrx_word' id='word_1_76' title='bbox 1001 1248 1112 1312; x_wconf 90' lang='lat' dir='ltr'><em>neque</em></span> <span class='ocrx_word' id='word_1_77' title='bbox 1134 1233 1260 1293; x_wconf 89' lang='lat' dir='ltr'><em>senteu-</em></span> 
     </span>
     <span class='ocr_line' id='line_1_10' title="bbox 64 1335 1261 1414; baseline 0 -15"><span class='ocrx_word' id='word_1_78' title='bbox 64 1335 144 1400; x_wconf 89' lang='lat' dir='ltr'><em>tiam</em></span> <span class='ocrx_word' id='word_1_79' title='bbox 167 1337 247 1400; x_wconf 89' lang='lat' dir='ltr'><em>satis</em></span> <span class='ocrx_word' id='word_1_80' title='bbox 271 1337 439 1402; x_wconf 89' lang='lat' dir='ltr'><em>definitam</em></span> <span class='ocrx_word' id='word_1_81' title='bbox 462 1338 578 1414; x_wconf 81' lang='lat' dir='ltr'><em>hahet3</em></span> <span class='ocrx_word' id='word_1_82' title='bbox 607 1356 813 1403; x_wconf 91' lang='lat' dir='ltr'><em>communem</em></span> <span class='ocrx_word' id='word_1_83' title='bbox 843 1336 929 1400; x_wconf 92' lang='lat' dir='ltr'><em>enim</em></span> <span class='ocrx_word' id='word_1_84' title='bbox 954 1335 1132 1401; x_wconf 78' lang='lat' dir='ltr'><em>utilitatem</em></span> <span class='ocrx_word' id='word_1_85' title='bbox 1155 1336 1261 1400; x_wconf 75' lang='lat' dir='ltr'><em>multa</em></span> 
     </span>
     <span class='ocr_line' id='line_1_11' title="bbox 64 1442 1262 1527; baseline 0.002 -21"><span class='ocrx_word' id='word_1_86' title='bbox 64 1442 198 1525; x_wconf 83' lang='lat' dir='ltr'><em>singulae</em></span> <span class='ocrx_word' id='word_1_87' title='bbox 227 1462 279 1508; x_wconf 91' lang='lat' dir='ltr'><em>res</em></span> <span class='ocrx_word' id='word_1_88' title='bbox 309 1445 421 1508; x_wconf 84' lang='lat' dir='ltr'><em>iuvare</em></span> <span class='ocrx_word' id='word_1_89' title='bbox 449 1449 596 1526; x_wconf 81' lang='lat' dir='ltr'><em>possunt.</em></span> <span class='ocrx_word' id='word_1_90' title='bbox 646 1444 761 1527; x_wconf 89' lang='lat' dir='ltr'><em>ltaque</em></span> <span class='ocrx_word' id='word_1_91' title='bbox 794 1443 949 1519; x_wconf 91' lang='lat' dir='ltr'><em>adducor,</em></span> <span class='ocrx_word' id='word_1_92' title='bbox 984 1447 1023 1507; x_wconf 89' lang='lat' dir='ltr'><em>ut</em></span> <span class='ocrx_word' id='word_1_93' title='bbox 1056 1443 1262 1508; x_wconf 89' lang='lat' dir='ltr'><em>scribendum</em></span> 
     </span>
     <span class='ocr_line' id='line_1_12' title="bbox 64 1549 1262 1632; baseline 0.002 -20"><span class='ocrx_word' id='word_1_94' title='bbox 64 1553 194 1631; x_wconf 90' lang='lat' dir='ltr'><em>putem:</em></span> <span class='ocrx_word' id='word_1_95' title='bbox 241 1549 321 1614; x_wconf 81' lang='lat' dir='ltr'><em>Tum</em></span> <span class='ocrx_word' id='word_1_96' title='bbox 357 1571 407 1615; x_wconf 85' lang='lat' dir='ltr'><em>res</em></span> <span class='ocrx_word' id='word_1_97' title='bbox 440 1571 631 1615; x_wconf 81' lang='lat' dir='ltr'><em>communen</em></span> <span class='ocrx_word' id='word_1_98' title='bbox 665 1552 833 1615; x_wconf 80' lang='lat' dir='ltr'><em>utilitatem</em></span> <span class='ocrx_word' id='word_1_99' title='bbox 867 1552 1072 1624; x_wconf 75' lang='lat' dir='ltr'><em>continentes,</em></span> <span class='ocrx_word' id='word_1_100' title='bbox 1109 1550 1262 1632; x_wconf 88' lang='lat' dir='ltr'><em>quemad·</em></span> 
     </span>
     <span class='ocr_line' id='line_1_13' title="bbox 67 1654 1263 1738; baseline 0.001 -19"><span class='ocrx_word' id='word_1_101' title='bbox 67 1654 201 1719; x_wconf 92' lang='lat' dir='ltr'><em>modum</em></span> <span class='ocrx_word' id='word_1_102' title='bbox 225 1656 339 1733; x_wconf 85' lang='lat' dir='ltr'><em>Aldus,</em></span> <span class='ocrx_word' id='word_1_103' title='bbox 363 1658 552 1734; x_wconf 82' lang='lat' dir='ltr'>Lambinus,</span> <span class='ocrx_word' id='word_1_104' title='bbox 577 1658 631 1723; x_wconf 90' lang='lat' dir='ltr'><em>alii</em></span> <span class='ocrx_word' id='word_1_105' title='bbox 654 1657 836 1733; x_wconf 87' lang='lat' dir='ltr'><em>ediderunt,</em></span> <span class='ocrx_word' id='word_1_106' title='bbox 860 1661 1004 1721; x_wconf 85' lang='lat' dir='ltr'><em>veterem</em></span> <span class='ocrx_word' id='word_1_107' title='bbox 1030 1656 1176 1738; x_wconf 83' lang='lat' dir='ltr'><em>aliquam</em></span> <span class='ocrx_word' id='word_1_108' title='bbox 1200 1657 1263 1720; x_wconf 90' lang='lat' dir='ltr'><em>edi·</em></span> 
     </span>
     <span class='ocr_line' id='line_1_14' title="bbox 65 1762 1264 1847; baseline 0 -20"><span class='ocrx_word' id='word_1_109' title='bbox 65 1762 188 1827; x_wconf 92' lang='lat' dir='ltr'><em>tionem</em></span> <span class='ocrx_word' id='word_1_110' title='bbox 212 1764 324 1839; x_wconf 88' lang='lat' dir='ltr'><em>secuti,</em></span> <span class='ocrx_word' id='word_1_111' title='bbox 348 1765 381 1828; x_wconf 93' lang='lat' dir='ltr'><em>in</em></span> <span class='ocrx_word' id='word_1_112' title='bbox 405 1784 505 1846; x_wconf 90' lang='lat' dir='ltr'><em>quam</em></span> <span class='ocrx_word' id='word_1_113' title='bbox 529 1765 600 1829; x_wconf 83' lang='lat' dir='ltr'><em>haec</em></span> <span class='ocrx_word' id='word_1_114' title='bbox 622 1765 784 1847; x_wconf 89' lang='lat' dir='ltr'><em>scriptura</em></span> <span class='ocrx_word' id='word_1_115' title='bbox 808 1784 848 1828; x_wconf 87' lang='lat' dir='ltr'><em>ex</em></span> <span class='ocrx_word' id='word_1_116' title='bbox 872 1764 981 1845; x_wconf 89' lang='lat' dir='ltr'><em>aliquo</em></span> <span class='ocrx_word' id='word_1_117' title='bbox 1000 1765 1120 1845; x_wconf 86' lang='lat' dir='ltr'><em>primae</em></span> <span class='ocrx_word' id='word_1_118' title='bbox 1139 1763 1264 1828; x_wconf 85' lang='lat' dir='ltr'><em>iamiiiae</em></span> 
     </span>
     <span class='ocr_line' id='line_1_15' title="bbox 68 1868 1265 1954; baseline 0.003 -22"><span class='ocrx_word' id='word_1_119' title='bbox 68 1868 189 1947; x_wconf 87' lang='lat' dir='ltr'><em>codice,</em></span> <span class='ocrx_word' id='word_1_120' title='bbox 223 1873 258 1934; x_wconf 92' lang='lat' dir='ltr'><em>ut</em></span> <span class='ocrx_word' id='word_1_121' title='bbox 280 1870 360 1935; x_wconf 90' lang='lat' dir='ltr'><em>alias</em></span> <span class='ocrx_word' id='word_1_122' title='bbox 384 1872 544 1953; x_wconf 89' lang='lat' dir='ltr'><em>quasdam</em></span> <span class='ocrx_word' id='word_1_123' title='bbox 568 1873 717 1948; x_wconf 83' lang='lat' dir='ltr'><em>vidimus,</em></span> <span class='ocrx_word' id='word_1_124' title='bbox 753 1871 901 1954; x_wconf 89' lang='lat' dir='ltr'><em>pervenit</em></span> <span class='ocrx_word' id='word_1_125' title='bbox 924 1874 958 1935; x_wconf 91' lang='lat' dir='ltr'><em>et</em></span> <span class='ocrx_word' id='word_1_126' title='bbox 981 1870 1101 1934; x_wconf 83' lang='lat' dir='ltr'><em>deinde</em></span> <span class='ocrx_word' id='word_1_127' title='bbox 1125 1875 1265 1935; x_wconf 87' lang='lat' dir='ltr'><em>correcta</em></span> 
     </span>
     <span class='ocr_line' id='line_1_16' title="bbox 67 1969 1266 2061; baseline 0.003 -23"><span class='ocrx_word' id='word_1_128' title='bbox 67 1978 126 2039; x_wconf 86' lang='lat' dir='ltr'><em>est.</em></span> <span class='ocrx_word' id='word_1_129' title='bbox 136 1969 163 2055; x_wconf 83' lang='lat'><em>²)</em></span> <span class='ocrx_word' id='word_1_130' title='bbox 209 1975 276 2040; x_wconf 91' lang='lat' dir='ltr'><em>Nec</em></span> <span class='ocrx_word' id='word_1_131' title='bbox 299 1982 447 2060; x_wconf 79' lang='lat' dir='ltr'><em>apparet</em></span> <span class='ocrx_word' id='word_1_132' title='bbox 476 1979 532 2061; x_wconf 91' lang='lat' dir='ltr'><em>qui</em></span> <span class='ocrx_word' id='word_1_133' title='bbox 555 1979 632 2043; x_wconf 90' lang='lat' dir='ltr'><em>addi</em></span> <span class='ocrx_word' id='word_1_134' title='bbox 655 1980 844 2042; x_wconf 73' lang='lat' dir='ltr'><em>continentes</em></span> <span class='ocrx_word' id='word_1_135' title='bbox 865 1978 1019 2061; x_wconf 89' lang='lat' dir='ltr'><em>potuerit,</em></span> <span class='ocrx_word' id='word_1_136' title='bbox 1055 1977 1113 2041; x_wconf 86' lang='lat' dir='ltr'><em>ubi</em></span> <span class='ocrx_word' id='word_1_137' title='bbox 1138 1977 1266 2042; x_wconf 87' lang='lat' dir='ltr'><em>odiam</em></span> 
     </span>
     <span class='ocr_line' id='line_1_17' title="bbox 67 2081 1266 2167; baseline 0.003 -22"><span class='ocrx_word' id='word_1_138' title='bbox 67 2081 200 2147; x_wconf 85' lang='lat' dir='ltr'><em>adesset</em></span> <span class='ocrx_word' id='word_1_139' title='bbox 223 2081 272 2164; x_wconf 91' lang='lat' dir='ltr'><em>(ut</em></span> <span class='ocrx_word' id='word_1_140' title='bbox 296 2089 346 2149; x_wconf 91' lang='lat' dir='ltr'><em>est</em></span> <span class='ocrx_word' id='word_1_141' title='bbox 368 2084 401 2149; x_wconf 93' lang='lat' dir='ltr'><em>in</em></span> <span class='ocrx_word' id='word_1_142' title='bbox 424 2084 552 2167; x_wconf 82' lang='lat' dir='ltr'><em>Paris).</em></span> <span class='ocrx_word' id='word_1_143' title='bbox 599 2085 719 2150; x_wconf 86' lang='lat' dir='ltr'><em>Contra</em></span> <span class='ocrx_word' id='word_1_144' title='bbox 743 2104 844 2167; x_wconf 90' lang='lat' dir='ltr'><em>quum</em></span> <span class='ocrx_word' id='word_1_145' title='bbox 869 2085 913 2149; x_wconf 86' lang='lat' dir='ltr'><em>ccl</em></span> <span class='ocrx_word' id='word_1_146' title='bbox 936 2084 1054 2167; x_wconf 85' lang='lat' dir='ltr'><em>aliquis</em></span> <span class='ocrx_word' id='word_1_147' title='bbox 1078 2083 1266 2159; x_wconf 88' lang='lat' dir='ltr'><em>addidisset,</em></span> 
     </span>
     <span class='ocr_line' id='line_1_18' title="bbox 67 2188 1268 2276; baseline 0.002 -26"><span class='ocrx_word' id='word_1_148' title='bbox 67 2188 123 2269; x_wconf 89' lang='lat' dir='ltr'><em>qui</em></span> <span class='ocrx_word' id='word_1_149' title='bbox 146 2190 335 2255; x_wconf 80' lang='lat' dir='ltr'><em>continentes</em></span> <span class='ocrx_word' id='word_1_150' title='bbox 356 2211 416 2273; x_wconf 94' lang='lat' dir='ltr'><em>pro</em></span> <span class='ocrx_word' id='word_1_151' title='bbox 440 2194 488 2268; x_wconf 74' lang='lat' dir='ltr'><em>eo‚2</em></span> <span class='ocrx_word' id='word_1_152' title='bbox 505 2192 601 2274; x_wconf 65' lang='lat' dir='ltr'><em>&#39;quod</em></span> <span class='ocrx_word' id='word_1_153' title='bbox 625 2196 674 2257; x_wconf 90' lang='lat' dir='ltr'><em>est</em></span> <span class='ocrx_word' id='word_1_154' title='bbox 691 2195 894 2276; x_wconf 66' lang='lat' dir='ltr'><em>pertinentes,</em></span> <span class='ocrx_word' id='word_1_155' title='bbox 925 2192 1130 2273; x_wconf 80' lang='lat' dir='ltr'><em>intelligeret,</em></span> <span class='ocrx_word' id='word_1_156' title='bbox 1167 2189 1268 2256; x_wconf 87' lang='lat' dir='ltr'><em>omitti</em></span> 
     </span>
     <span class='ocr_line' id='line_1_19' title="bbox 67 2295 1266 2381; baseline 0.003 -24"><span class='ocrx_word' id='word_1_157' title='bbox 67 2295 275 2377; x_wconf 84' lang='lat' dir='ltr'><em>participium</em></span> <span class='ocrx_word' id='word_1_158' title='bbox 298 2299 415 2380; x_wconf 90' lang='lat' dir='ltr'><em>potuit.</em></span> <span class='ocrx_word' id='word_1_159' title='bbox 450 2299 574 2363; x_wconf 88' lang='lat' dir='ltr'><em>Deinde</em></span> <span class='ocrx_word' id='word_1_160' title='bbox 597 2303 707 2364; x_wconf 88' lang='lat' dir='ltr'><em>autem</em></span> <span class='ocrx_word' id='word_1_161' title='bbox 731 2301 802 2364; x_wconf 87' lang='lat' dir='ltr'><em>haec</em></span> <span class='ocrx_word' id='word_1_162' title='bbox 825 2299 935 2364; x_wconf 90' lang='lat' dir='ltr'><em>omnia</em></span> <span class='ocrx_word' id='word_1_163' title='bbox 958 2298 1105 2381; x_wconf 88' lang='lat' dir='ltr'><em>pendent</em></span> <span class='ocrx_word' id='word_1_164' title='bbox 1128 2298 1174 2362; x_wconf 86' lang='lat' dir='ltr'><em>ab</em></span> <span class='ocrx_word' id='word_1_165' title='bbox 1198 2297 1266 2371; x_wconf 92' lang='lat' dir='ltr'><em>illis,</em></span> 
     </span>
     <span class='ocr_line' id='line_1_20' title="bbox 68 2405 1268 2490; baseline 0.005 -26"><span class='ocrx_word' id='word_1_166' title='bbox 68 2421 143 2483; x_wconf 87' lang='lat' dir='ltr'><em>quae</em></span> <span class='ocrx_word' id='word_1_167' title='bbox 168 2406 315 2468; x_wconf 84' lang='lat' dir='ltr'><em>extrema</em></span> <span class='ocrx_word' id='word_1_168' title='bbox 338 2407 500 2470; x_wconf 85' lang='lat' dir='ltr'><em>sententia</em></span> <span class='ocrx_word' id='word_1_169' title='bbox 523 2407 630 2488; x_wconf 88' lang='lat' dir='ltr'><em>posita</em></span> <span class='ocrx_word' id='word_1_170' title='bbox 653 2409 739 2483; x_wconf 91' lang='lat' dir='ltr'><em>sunt,</em></span> <span class='ocrx_word' id='word_1_171' title='bbox 773 2406 925 2471; x_wconf 76' lang='lat' dir='ltr'><em>manibus</em></span> <span class='ocrx_word' id='word_1_172' title='bbox 946 2413 1132 2490; x_wconf 66' lang='lat' dir='ltr'><em>sepserant,</em></span> <span class='ocrx_word' id='word_1_173' title='bbox 1166 2405 1268 2470; x_wconf 87' lang='lat' dir='ltr'><em>duris-</em></span> 
     </span>
     <span class='ocr_line' id='line_1_21' title="bbox 69 2509 1267 2594; baseline 0.003 -22"><span class='ocrx_word' id='word_1_174' title='bbox 69 2509 154 2573; x_wconf 91' lang='lat' dir='ltr'><em>simo</em></span> <span class='ocrx_word' id='word_1_175' title='bbox 177 2515 356 2593; x_wconf 81' lang='lat' dir='ltr'><em>zeugmate,</em></span> <span class='ocrx_word' id='word_1_176' title='bbox 381 2531 446 2594; x_wconf 89' lang='lat' dir='ltr'><em>qua</em></span> <span class='ocrx_word' id='word_1_177' title='bbox 468 2512 573 2594; x_wconf 87' lang='lat' dir='ltr'><em>figura</em></span> <span class='ocrx_word' id='word_1_178' title='bbox 595 2512 641 2593; x_wconf 91' lang='lat' dir='ltr'><em>(id</em></span> <span class='ocrx_word' id='word_1_179' title='bbox 658 2517 717 2590; x_wconf 88' lang='lat' dir='ltr'><em>est,</em></span> <span class='ocrx_word' id='word_1_180' title='bbox 741 2533 806 2594; x_wconf 88' lang='lat' dir='ltr'><em>quo</em></span> <span class='ocrx_word' id='word_1_181' title='bbox 821 2514 929 2578; x_wconf 92' lang='lat' dir='ltr'><em>minus</em></span> <span class='ocrx_word' id='word_1_182' title='bbox 946 2517 1100 2577; x_wconf 85' lang='lat' dir='ltr'><em>accurate</em></span> <span class='ocrx_word' id='word_1_183' title='bbox 1115 2512 1267 2594; x_wconf 89' lang='lat' dir='ltr'><em>loquendi</em></span> 
     </span>
     <span class='ocr_line' id='line_1_22' title="bbox 70 2614 1267 2701; baseline 0.003 -22"><span class='ocrx_word' id='word_1_184' title='bbox 70 2614 200 2697; x_wconf 81' lang='lat' dir='ltr'><em>genere)</em></span> <span class='ocrx_word' id='word_1_185' title='bbox 225 2617 337 2683; x_wconf 87' lang='lat' dir='ltr'><em>Cicero</em></span> <span class='ocrx_word' id='word_1_186' title='bbox 359 2619 549 2700; x_wconf 85' lang='lat' dir='ltr'><em>parcissime</em></span> <span class='ocrx_word' id='word_1_187' title='bbox 573 2619 683 2696; x_wconf 91' lang='lat' dir='ltr'><em>utitur,</em></span> <span class='ocrx_word' id='word_1_188' title='bbox 707 2639 768 2683; x_wconf 90' lang='lat' dir='ltr'><em>nec</em></span> <span class='ocrx_word' id='word_1_189' title='bbox 792 2621 964 2701; x_wconf 86' lang='lat' dir='ltr'><em>quisquam</em></span> <span class='ocrx_word' id='word_1_190' title='bbox 981 2618 1115 2684; x_wconf 91' lang='lat' dir='ltr'><em>omnino</em></span> <span class='ocrx_word' id='word_1_191' title='bbox 1136 2618 1200 2682; x_wconf 90' lang='lat' dir='ltr'><em>nisi</em></span> <span class='ocrx_word' id='word_1_192' title='bbox 1216 2618 1267 2694; x_wconf 87' lang='lat' dir='ltr'><em>ita,</em></span> 
     </span>
     <span class='ocr_line' id='line_1_23' title="bbox 71 2723 1270 2808; baseline 0.004 -25"><span class='ocrx_word' id='word_1_193' title='bbox 71 2723 107 2784; x_wconf 93' lang='lat' dir='ltr'><em>ut</em></span> <span class='ocrx_word' id='word_1_194' title='bbox 130 2741 190 2803; x_wconf 93' lang='lat' dir='ltr'><em>pro</em></span> <span class='ocrx_word' id='word_1_195' title='bbox 214 2725 378 2789; x_wconf 88' lang='lat' dir='ltr'><em>communi</em></span> <span class='ocrx_word' id='word_1_196' title='bbox 401 2726 502 2790; x_wconf 85' lang='lat' dir='ltr'><em>verbo</em></span> <span class='ocrx_word' id='word_1_197' title='bbox 524 2730 659 2807; x_wconf 88' lang='lat' dir='ltr'><em>propter</em></span> <span class='ocrx_word' id='word_1_198' title='bbox 680 2731 884 2808; x_wconf 88' lang='lat' dir='ltr'><em>postremum</em></span> <span class='ocrx_word' id='word_1_199' title='bbox 908 2726 1151 2791; x_wconf 83' lang='lat' dir='ltr'><em>substantivum</em></span> <span class='ocrx_word' id='word_1_200' title='bbox 1172 2731 1270 2807; x_wconf 85' lang='lat' dir='ltr'><em>ponat</em></span> 
     </span>
     <span class='ocr_line' id='line_1_24' title="bbox 71 2828 1269 2914; baseline 0.004 -24"><span class='ocrx_word' id='word_1_201' title='bbox 71 2828 212 2909; x_wconf 89' lang='lat' dir='ltr'><em>speciale</em></span> <span class='ocrx_word' id='word_1_202' title='bbox 237 2837 383 2913; x_wconf 69' lang='lat' dir='ltr'><em>cognatae</em></span> <span class='ocrx_word' id='word_1_203' title='bbox 410 2832 662 2914; x_wconf 86' lang='lat' dir='ltr'><em>significationis,</em></span> <span class='ocrx_word' id='word_1_204' title='bbox 698 2852 738 2897; x_wconf 85' lang='lat' dir='ltr'><em>ex</em></span> <span class='ocrx_word' id='word_1_205' title='bbox 773 2852 837 2914; x_wconf 92' lang='lat' dir='ltr'><em>quo</em></span> <span class='ocrx_word' id='word_1_206' title='bbox 872 2833 950 2897; x_wconf 91' lang='lat' dir='ltr'><em>illud</em></span> <span class='ocrx_word' id='word_1_207' title='bbox 986 2833 1079 2896; x_wconf 85' lang='lat' dir='ltr'><em>facile</em></span> <span class='ocrx_word' id='word_1_208' title='bbox 1109 2832 1269 2907; x_wconf 89' lang='lat' dir='ltr'><em>eliciatur;</em></span> 
     </span>
     <span class='ocr_line' id='line_1_25' title="bbox 72 2934 1270 3022; baseline 0.003 -24"><span class='ocrx_word' id='word_1_209' title='bbox 72 2934 160 3017; x_wconf 89' lang='lat' dir='ltr'><em>quod</em></span> <span class='ocrx_word' id='word_1_210' title='bbox 183 2936 338 3004; x_wconf 90' lang='lat' dir='ltr'><em>hocloco</em></span> <span class='ocrx_word' id='word_1_211' title='bbox 362 2940 415 3004; x_wconf 86' lang='lat' dir='ltr'><em>vix</em></span> <span class='ocrx_word' id='word_1_212' title='bbox 443 2939 511 3004; x_wconf 91' lang='lat' dir='ltr'><em>fieri</em></span> <span class='ocrx_word' id='word_1_213' title='bbox 535 2943 653 3022; x_wconf 85' lang='lat' dir='ltr'><em>potest.</em></span> <span class='ocrx_word' id='word_1_214' title='bbox 700 2939 873 3017; x_wconf 88' lang='lat' dir='ltr'><em>Quodnam</em></span> <span class='ocrx_word' id='word_1_215' title='bbox 905 2941 992 3003; x_wconf 89' lang='lat' dir='ltr'><em>enim</em></span> <span class='ocrx_word' id='word_1_216' title='bbox 1024 2958 1064 3002; x_wconf 85' lang='lat' dir='ltr'><em>ex</em></span> <span class='ocrx_word' id='word_1_217' title='bbox 1095 2938 1150 3002; x_wconf 93' lang='lat' dir='ltr'><em>illo</em></span> <span class='ocrx_word' id='word_1_218' title='bbox 1184 2959 1270 3003; x_wconf 86' lang='lat' dir='ltr'><em>com·</em></span> 
     </span>
     <span class='ocr_line' id='line_1_26' title="bbox 72 3045 1271 3130; baseline 0.003 -25"><span class='ocrx_word' id='word_1_219' title='bbox 72 3062 172 3106; x_wconf 90' lang='lat' dir='ltr'><em>mune</em></span> <span class='ocrx_word' id='word_1_220' title='bbox 196 3045 333 3111; x_wconf 89' lang='lat' dir='ltr'><em>verbum</em></span> <span class='ocrx_word' id='word_1_221' title='bbox 358 3052 531 3130; x_wconf 91' lang='lat' dir='ltr'><em>cognatum</em></span> <span class='ocrx_word' id='word_1_222' title='bbox 556 3046 626 3110; x_wconf 91' lang='lat' dir='ltr'><em>elici</em></span> <span class='ocrx_word' id='word_1_223' title='bbox 650 3049 767 3128; x_wconf 91' lang='lat' dir='ltr'><em>potest,</em></span> <span class='ocrx_word' id='word_1_224' title='bbox 792 3050 905 3127; x_wconf 87' lang='lat' dir='ltr'><em>aptum</em></span> <span class='ocrx_word' id='word_1_225' title='bbox 931 3046 973 3109; x_wconf 90' lang='lat' dir='ltr'><em>ad</em></span> <span class='ocrx_word' id='word_1_226' title='bbox 1001 3045 1218 3129; x_wconf 76' lang='lat' dir='ltr'><em>respublicas</em></span> <span class='ocrx_word' id='word_1_227' title='bbox 1240 3049 1271 3109; x_wconf 91' lang='lat' dir='ltr'><em>et</em></span> 
     </span>
     <span class='ocr_line' id='line_1_27' title="bbox 72 3149 1272 3238; baseline 0.004 -28"><span class='ocrx_word' id='word_1_228' title='bbox 72 3149 222 3226; x_wconf 83' lang='lat' dir='ltr'><em>civitates,</em></span> <span class='ocrx_word' id='word_1_229' title='bbox 258 3174 359 3235; x_wconf 86' lang='lat' dir='ltr'><em>quum</em></span> <span class='ocrx_word' id='word_1_230' title='bbox 393 3156 575 3238; x_wconf 75' lang='lat' dir='ltr'><em>prasertim</em></span> <span class='ocrx_word' id='word_1_231' title='bbox 611 3172 667 3217; x_wconf 90' lang='lat' dir='ltr'><em>eas</em></span> <span class='ocrx_word' id='word_1_232' title='bbox 702 3152 771 3234; x_wconf 88' lang='lat' dir='ltr'><em>ipse</em></span> <span class='ocrx_word' id='word_1_233' title='bbox 796 3152 907 3217; x_wconf 87' lang='lat' dir='ltr'><em>Cicero</em></span> <span class='ocrx_word' id='word_1_234' title='bbox 943 3153 985 3215; x_wconf 92' lang='lat' dir='ltr'><em>ab</em></span> <span class='ocrx_word' id='word_1_235' title='bbox 1021 3152 1113 3216; x_wconf 88' lang='lat' dir='ltr'><em>urbis</em></span> <span class='ocrx_word' id='word_1_236' title='bbox 1141 3153 1272 3216; x_wconf 86' lang='lat' dir='ltr'><em>notione</em></span> 
     </span>
     <span class='ocr_line' id='line_1_28' title="bbox 72 3255 1272 3345; baseline 0.003 -27"><span class='ocrx_word' id='word_1_237' title='bbox 72 3255 242 3339; x_wconf 77' lang='lat' dir='ltr'><em>seiungat?</em></span> <span class='ocrx_word' id='word_1_238' title='bbox 276 3260 389 3344; x_wconf 86' lang='lat' dir='ltr'><em>Itaque</em></span> <span class='ocrx_word' id='word_1_239' title='bbox 424 3283 509 3345; x_wconf 84' lang='lat' dir='ltr'><em>aegre</em></span> <span class='ocrx_word' id='word_1_240' title='bbox 544 3262 623 3335; x_wconf 86' lang='lat' dir='ltr'><em>fero,</em></span> <span class='ocrx_word' id='word_1_241' title='bbox 659 3259 808 3342; x_wconf 90' lang='lat' dir='ltr'><em>ignorare</em></span> <span class='ocrx_word' id='word_1_242' title='bbox 843 3279 913 3337; x_wconf 72' lang='lat' dir='ltr'><em>nos</em></span> <span class='ocrx_word' id='word_1_243' title='bbox 949 3259 1026 3340; x_wconf 88' lang='lat' dir='ltr'><em>quid</em></span> <span class='ocrx_word' id='word_1_244' title='bbox 1054 3261 1117 3323; x_wconf 93' lang='lat' dir='ltr'><em>hoc</em></span> <span class='ocrx_word' id='word_1_245' title='bbox 1146 3259 1218 3324; x_wconf 92' lang='lat' dir='ltr'><em>loco</em></span> <span class='ocrx_word' id='word_1_246' title='bbox 1241 3260 1272 3322; x_wconf 91' lang='lat' dir='ltr'><em>in</em></span> 
     </span>
     <span class='ocr_line' id='line_1_29' title="bbox 74 3361 1271 3441; baseline 0.003 -15"><span class='ocrx_word' id='word_1_247' title='bbox 74 3361 296 3432; x_wconf 86' lang='lat' dir='ltr'><em>Gulielmianis</em></span> <span class='ocrx_word' id='word_1_248' title='bbox 320 3374 353 3435; x_wconf 91' lang='lat' dir='ltr'><em>et</em></span> <span class='ocrx_word' id='word_1_249' title='bbox 376 3369 576 3435; x_wconf 85' lang='lat' dir='ltr'><em>Gruterianis</em></span> <span class='ocrx_word' id='word_1_250' title='bbox 601 3366 765 3432; x_wconf 83' lang='lat' dir='ltr'><em>codicibus</em></span> <span class='ocrx_word' id='word_1_251' title='bbox 790 3366 902 3441; x_wconf 87' lang='lat' dir='ltr'><em>fuerit;</em></span> <span class='ocrx_word' id='word_1_252' title='bbox 937 3386 1014 3430; x_wconf 92' lang='lat' dir='ltr'><em>nam</em></span> <span class='ocrx_word' id='word_1_253' title='bbox 1044 3367 1072 3430; x_wconf 92' lang='lat' dir='ltr'><em>si</em></span> <span class='ocrx_word' id='word_1_254' title='bbox 1096 3369 1271 3439; x_wconf 88' lang='lat' dir='ltr'><em>constaret,</em></span> 
     </span>
     <span class='ocr_line' id='line_1_30' title="bbox 20 3470 1273 3560; baseline 0.002 -28"><span class='ocrx_word' id='word_1_255' title='bbox 20 3492 59 3532; x_wconf 79' lang='lat' dir='ltr'><em>ar</em></span> <span class='ocrx_word' id='word_1_256' title='bbox 74 3470 219 3536; x_wconf 89' lang='lat' dir='ltr'><em>codicem</em></span> <span class='ocrx_word' id='word_1_257' title='bbox 248 3474 281 3539; x_wconf 94' lang='lat' dir='ltr'><em>S.</em></span> <span class='ocrx_word' id='word_1_258' title='bbox 309 3478 390 3543; x_wconf 90' lang='lat' dir='ltr'><em>Vict.</em></span> <span class='ocrx_word' id='word_1_259' title='bbox 419 3498 478 3560; x_wconf 92' lang='lat' dir='ltr'><em>pro</em></span> <span class='ocrx_word' id='word_1_260' title='bbox 508 3477 677 3541; x_wconf 76' lang='lat' dir='ltr'><em>rinninotoe</em></span> <span class='ocrx_word' id='word_1_261' title='bbox 710 3481 792 3548; x_wconf 88' lang='lat' dir='ltr'><em>sunt,</em></span> <span class='ocrx_word' id='word_1_262' title='bbox 828 3472 915 3553; x_wconf 91' lang='lat' dir='ltr'><em>quod</em></span> <span class='ocrx_word' id='word_1_263' title='bbox 950 3477 1000 3536; x_wconf 92' lang='lat' dir='ltr'><em>est</em></span> <span class='ocrx_word' id='word_1_264' title='bbox 1034 3474 1067 3537; x_wconf 94' lang='lat' dir='ltr'><em>in</em></span> <span class='ocrx_word' id='word_1_265' title='bbox 1102 3472 1206 3536; x_wconf 85' lang='lat' dir='ltr'><em>Paris.</em></span> <span class='ocrx_word' id='word_1_266' title='bbox 1242 3477 1273 3536; x_wconf 90' lang='lat' dir='ltr'><em>et</em></span> 
     </span>
     <span class='ocr_line' id='line_1_31' title="bbox 74 3574 1273 3668; baseline 0.002 -28"><span class='ocrx_word' id='word_1_267' title='bbox 74 3574 193 3642; x_wconf 90' lang='lat' dir='ltr'><em>Bernn.</em></span> <span class='ocrx_word' id='word_1_268' title='bbox 218 3579 264 3663; x_wconf 89' lang='lat' dir='ltr'><em>(et</em></span> <span class='ocrx_word' id='word_1_269' title='bbox 287 3584 330 3649; x_wconf 90' lang='lat' dir='ltr'><em>ab</em></span> <span class='ocrx_word' id='word_1_270' title='bbox 354 3586 517 3668; x_wconf 88' lang='lat' dir='ltr'><em>Hervagio</em></span> <span class='ocrx_word' id='word_1_271' title='bbox 542 3587 574 3648; x_wconf 87' lang='lat' dir='ltr'><em>et</em></span> <span class='ocrx_word' id='word_1_272' title='bbox 596 3583 699 3664; x_wconf 89' lang='lat' dir='ltr'><em>Naug.</em></span> <span class='ocrx_word' id='word_1_273' title='bbox 724 3581 756 3644; x_wconf 93' lang='lat' dir='ltr'><em>in</em></span> <span class='ocrx_word' id='word_1_274' title='bbox 780 3578 999 3661; x_wconf 90' lang='lat' dir='ltr'><em>editionibus),</em></span> <span class='ocrx_word' id='word_1_275' title='bbox 1035 3580 1192 3644; x_wconf 88' lang='lat' dir='ltr'><em>habuisse</em></span> <span class='ocrx_word' id='word_1_276' title='bbox 1222 3600 1273 3642; x_wconf 77' lang='lat' dir='ltr'><em>no</em></span> 
     </span>
     <span class='ocr_line' id='line_1_32' title="bbox 75 3685 1274 3774; baseline 0.007 -31"><span class='ocrx_word' id='word_1_277' title='bbox 75 3685 284 3768; x_wconf 86' lang='lat' dir='ltr'><em>minaverunt,</em></span> <span class='ocrx_word' id='word_1_278' title='bbox 320 3694 409 3774; x_wconf 92' lang='lat' dir='ltr'><em>quod</em></span> <span class='ocrx_word' id='word_1_279' title='bbox 442 3695 475 3758; x_wconf 92' lang='lat' dir='ltr'><em>in</em></span> <span class='ocrx_word' id='word_1_280' title='bbox 510 3691 661 3757; x_wconf 88' lang='lat' dir='ltr'><em>omnibus</em></span> <span class='ocrx_word' id='word_1_281' title='bbox 693 3686 819 3752; x_wconf 84' lang='lat' dir='ltr'><em>Oxonn.</em></span> <span class='ocrx_word' id='word_1_282' title='bbox 851 3685 1080 3767; x_wconf 88' lang='lat' dir='ltr'><em>veteribusque</em></span> <span class='ocrx_word' id='word_1_283' title='bbox 1108 3687 1184 3750; x_wconf 89' lang='lat' dir='ltr'><em>edd.</em></span> <span class='ocrx_word' id='word_1_284' title='bbox 1216 3690 1274 3763; x_wconf 88' lang='lat' dir='ltr'><em>est,</em></span> 
     </span>
     <span class='ocr_line' id='line_1_33' title="bbox 75 3787 1275 3884; baseline 0.005 -33"><span class='ocrx_word' id='word_1_285' title='bbox 75 3787 160 3854; x_wconf 87' lang='lat' dir='ltr'><em>hanc</em></span> <span class='ocrx_word' id='word_1_286' title='bbox 194 3795 299 3876; x_wconf 89' lang='lat' dir='ltr'><em>ipsam</em></span> <span class='ocrx_word' id='word_1_287' title='bbox 336 3800 587 3884; x_wconf 85' lang='lat' dir='ltr'><em>discrepantiam</em></span> <span class='ocrx_word' id='word_1_288' title='bbox 624 3816 664 3860; x_wconf 79' lang='lat' dir='ltr'><em>en</em></span> <span class='ocrx_word' id='word_1_289' title='bbox 698 3814 737 3858; x_wconf 90' lang='lat' dir='ltr'><em>eo</em></span> <span class='ocrx_word' id='word_1_290' title='bbox 766 3797 871 3858; x_wconf 90' lang='lat' dir='ltr'><em>ortam</em></span> <span class='ocrx_word' id='word_1_291' title='bbox 895 3792 1083 3869; x_wconf 90' lang='lat' dir='ltr'><em>iudicarem,</em></span> <span class='ocrx_word' id='word_1_292' title='bbox 1119 3793 1208 3874; x_wconf 82' lang='lat' dir='ltr'><em>quod</em></span> <span class='ocrx_word' id='word_1_293' title='bbox 1243 3794 1275 3857; x_wconf 91' lang='lat' dir='ltr'><em>in</em></span> 
     </span>
     <span class='ocr_line' id='line_1_34' title="bbox 77 3897 1277 3990; baseline 0.004 -32"><span class='ocrx_word' id='word_1_294' title='bbox 77 3897 187 3964; x_wconf 90' lang='lat' dir='ltr'><em>codice</em></span> <span class='ocrx_word' id='word_1_295' title='bbox 222 3906 400 3990; x_wconf 87' lang='lat' dir='ltr'><em>archetypo</em></span> <span class='ocrx_word' id='word_1_296' title='bbox 434 3908 644 3990; x_wconf 86' lang='lat' dir='ltr'><em>superessent</em></span> <span class='ocrx_word' id='word_1_297' title='bbox 685 3901 819 3983; x_wconf 87' lang='lat' dir='ltr'><em>vestigia</em></span> <span class='ocrx_word' id='word_1_298' title='bbox 854 3900 961 3964; x_wconf 84' lang='lat' dir='ltr'><em>extriti</em></span> <span class='ocrx_word' id='word_1_299' title='bbox 996 3903 1070 3981; x_wconf 90' lang='lat' dir='ltr'><em>post</em></span> <span class='ocrx_word' id='word_1_300' title='bbox 1106 3901 1277 3963; x_wconf 78' lang='lat' dir='ltr'><em>nominata</em></span> 
     </span>
     <span class='ocr_line' id='line_1_35' title="bbox 76 4005 1277 4096; baseline 0.003 -31"><span class='ocrx_word' id='word_1_301' title='bbox 76 4014 148 4069; x_wconf 75' lang='lat' dir='ltr'><em>sarit</em></span> <span class='ocrx_word' id='word_1_302' title='bbox 172 4011 262 4076; x_wconf 75' lang='lat' dir='ltr'><em>verbi</em></span> <span class='ocrx_word' id='word_1_303' title='bbox 285 4016 451 4095; x_wconf 87' lang='lat' dir='ltr'><em>praeterito</em></span> <span class='ocrx_word' id='word_1_304' title='bbox 475 4020 622 4096; x_wconf 88' lang='lat' dir='ltr'><em>tempore</em></span> <span class='ocrx_word' id='word_1_305' title='bbox 646 4011 761 4075; x_wconf 74' lang='lat' dir='ltr'><em>activae</em></span> <span class='ocrx_word' id='word_1_306' title='bbox 786 4007 900 4071; x_wconf 84' lang='lat' dir='ltr'><em>tormae</em></span> <span class='ocrx_word' id='word_1_307' title='bbox 923 4006 1030 4088; x_wconf 91' lang='lat' dir='ltr'><em>positi,</em></span> <span class='ocrx_word' id='word_1_308' title='bbox 1063 4005 1151 4086; x_wconf 89' lang='lat' dir='ltr'><em>quod</em></span> <span class='ocrx_word' id='word_1_309' title='bbox 1176 4026 1277 4087; x_wconf 88' lang='lat' dir='ltr'><em>quam</em></span> 
     </span>
     <span class='ocr_line' id='line_1_36' title="bbox 78 4113 1276 4204; baseline -0.005 -23"><span class='ocrx_word' id='word_1_310' title='bbox 78 4116 170 4182; x_wconf 84' lang='lat' dir='ltr'><em>facile</em></span> <span class='ocrx_word' id='word_1_311' title='bbox 195 4119 240 4184; x_wconf 92' lang='lat' dir='ltr'><em>ibi</em></span> <span class='ocrx_word' id='word_1_312' title='bbox 263 4121 305 4184; x_wconf 90' lang='lat' dir='ltr'><em>ob</em></span> <span class='ocrx_word' id='word_1_313' title='bbox 330 4140 405 4186; x_wconf 90' lang='lat' dir='ltr'><em>eum</em></span> <span class='ocrx_word' id='word_1_314' title='bbox 430 4124 536 4204; x_wconf 90' lang='lat' dir='ltr'><em>ipsum</em></span> <span class='ocrx_word' id='word_1_315' title='bbox 561 4136 752 4184; x_wconf 88' lang='lat' dir='ltr'><em>concursum</em></span> <span class='ocrx_word' id='word_1_316' title='bbox 783 4114 931 4178; x_wconf 84' lang='lat' dir='ltr'><em>excidere</em></span> <span class='ocrx_word' id='word_1_317' title='bbox 959 4113 1112 4195; x_wconf 88' lang='lat' dir='ltr'><em>potuerit,</em></span> <span class='ocrx_word' id='word_1_318' title='bbox 1148 4114 1276 4194; x_wconf 91' lang='lat' dir='ltr'><em>perspi-</em></span> 
     </span>
    </p>
   </div>
   <div class='ocr_carea' id='block_1_3' title="bbox 107 4378 1277 4616">
    <p class='ocr_par' dir='ltr' id='par_1_3' title="bbox 107 4378 1277 4616">
     <span class='ocr_line' id='line_1_37' title="bbox 107 4378 1132 4451; baseline -0.003 -15"><span class='ocrx_word' id='word_1_319' title='bbox 107 4379 128 4447; x_wconf 85' lang='lat'><em>¹)</em></span> <span class='ocrx_word' id='word_1_320' title='bbox 147 4383 229 4437; x_wconf 86' lang='lat' dir='ltr'><em>Aliud</em></span> <span class='ocrx_word' id='word_1_321' title='bbox 248 4391 290 4438; x_wconf 84' lang='lat' dir='ltr'><em>est</em></span> <span class='ocrx_word' id='word_1_322' title='bbox 307 4403 362 4439; x_wconf 80' lang='lat' dir='ltr'><em>cece</em></span> <span class='ocrx_word' id='word_1_323' title='bbox 381 4389 425 4451; x_wconf 84' lang='lat' dir='ltr'><em>od,</em></span> <span class='ocrx_word' id='word_1_324' title='bbox 445 4386 522 4441; x_wconf 89' lang='lat' dir='ltr'><em>cuius</em></span> <span class='ocrx_word' id='word_1_325' title='bbox 540 4383 684 4439; x_wconf 86' lang='lat' dir='ltr'><em>locutionis</em></span> <span class='ocrx_word' id='word_1_326' title='bbox 703 4380 835 4450; x_wconf 83' lang='lat' dir='ltr'><em>exemplis</em></span> <span class='ocrx_word' id='word_1_327' title='bbox 855 4378 1019 4433; x_wconf 86' lang='lat' dir='ltr'><em>Garatonius</em></span> <span class='ocrx_word' id='word_1_328' title='bbox 1038 4379 1132 4433; x_wconf 87' lang='lat' dir='ltr'><em>utitur.</em></span> 
     </span>
     <span class='ocr_line' id='line_1_38' title="bbox 108 4467 1277 4545; baseline -0.003 -19"><span class='ocrx_word' id='word_1_329' title='bbox 108 4468 130 4536; x_wconf 89' lang='lat'><em>&#39;)</em></span> <span class='ocrx_word' id='word_1_330' title='bbox 148 4472 260 4527; x_wconf 85' lang='lat' dir='ltr'><em>Codices</em></span> <span class='ocrx_word' id='word_1_331' title='bbox 279 4474 401 4529; x_wconf 87' lang='lat' dir='ltr'><em>lacunosi</em></span> <span class='ocrx_word' id='word_1_332' title='bbox 420 4476 515 4545; x_wconf 88' lang='lat' dir='ltr'><em>corrigi</em></span> <span class='ocrx_word' id='word_1_333' title='bbox 534 4473 614 4543; x_wconf 86' lang='lat' dir='ltr'><em>coepti</em></span> <span class='ocrx_word' id='word_1_334' title='bbox 633 4477 706 4535; x_wconf 90' lang='lat' dir='ltr'><em>suut,</em></span> <span class='ocrx_word' id='word_1_335' title='bbox 725 4471 814 4524; x_wconf 87' lang='lat' dir='ltr'><em>deleto</em></span> <span class='ocrx_word' id='word_1_336' title='bbox 834 4471 878 4533; x_wconf 86' lang='lat' dir='ltr'><em>od,</em></span> <span class='ocrx_word' id='word_1_337' title='bbox 903 4467 950 4522; x_wconf 88' lang='lat' dir='ltr'><em>sed</em></span> <span class='ocrx_word' id='word_1_338' title='bbox 969 4471 1132 4522; x_wconf 80' lang='lat' dir='ltr'><em>continentes</em></span> <span class='ocrx_word' id='word_1_339' title='bbox 1150 4469 1277 4522; x_wconf 87' lang='lat' dir='ltr'><em>additum</em></span> 
     </span>
     <span class='ocr_line' id='line_1_39' title="bbox 151 4568 274 4616; baseline 0 -1"><span class='ocrx_word' id='word_1_340' title='bbox 151 4577 205 4615; x_wconf 92' lang='lat' dir='ltr'><em>uon</em></span> <span class='ocrx_word' id='word_1_341' title='bbox 224 4568 274 4616; x_wconf 85' lang='lat' dir='ltr'><em>est.</em></span> 
     </span>
    </p>
   </div>
   <div class='ocr_carea' id='block_1_4' title="bbox 0 0 1509 5190">
    <p class='ocr_par' dir='ltr' id='par_1_4' title="bbox 0 0 1509 5190">
     <span class='ocr_line' id='line_1_40' title="bbox 0 0 1509 5190; baseline 0 0"><span class='ocrx_word' id='word_1_342' title='bbox 0 0 1509 5190; x_wconf 95' lang='lat' dir='ltr'><em> </em></span> 
     </span>
    </p>
   </div>
  </div>
 </body>
</html>
