2956 5190
750 263 817 328 480

272 463 521 529 Coniunctivum
545 459 645 524 futuri
669 458 774 523 exacti
798 458 839 522 de
862 461 982 523 eventu
1005 458 1123 523 futuro
1147 459 1197 523 rei
1218 462 1353 542 praeurtu

183 571 279 655 positi
302 571 368 634 iam
392 587 493 650 supra
517 565 674 648 exemplis
705 564 867 630 declaravi
896 563 941 647 (p.
967 562 1035 646 87).
1086 565 1159 630 Nec
1188 566 1299 633 desunt
1318 588 1357 633 er·

184 677 293 760 empla
317 674 511 741 coniunctivi
536 673 565 737 ei
589 673 698 737 futuro
723 676 837 737 exacto
865 672 1111 754 respondentis,
1142 672 1236 754 quod
1259 673 1362 739 libentis

184 783 325 866 ponitur,
349 782 439 846 velut
462 781 503 845 de
526 799 561 844 re
585 779 733 843 celeriter
756 781 969 845 consecutura
993 778 1135 843 Terent
1156 778 1365 861 Heautoutll

185 891 205 955 3
229 887 287 971 (2),
313 888 371 952 75:
394 887 449 951 ubi
472 886 518 968 (id
542 890 601 964 est,
626 906 672 957 eo,
688 885 796 962 modu,
820 884 880 967 ut),
903 886 932 949 oi
948 885 1126 969 paullulum
1151 885 1247 949 modo
1268 886 1369 971 quido

182 995 314 1080 fuperit,
339 1015 392 1079 eqo
410 995 580 1079 perierim
603 995 694 1058 recta
717 994 862 1058 oratione
885 995 987 1057 esset:
1013 990 1050 1055 Si
1065 992 1245 1076 paullulum
1261 1000 1289 1057 tc
1301 992 1369 1077 supe

184 1103 237 1180 mi,
255 1102 394 1185 periero.
429 1101 569 1183 Reliqua
592 1101 658 1164 iam
682 1100 715 1164 in
738 1098 912 1163 indicativo
935 1102 1004 1163 tam
1027 1099 1125 1163 tenui
1148 1098 1219 1163 fine
1243 1099 1371 1165 aluum

184 1208 321 1290 simplici
346 1208 597 1292 distinguuntur,
632 1211 669 1272 ut
701 1205 834 1271 eosdem
865 1205 985 1289 gradus
1016 1206 1050 1269 in
1080 1205 1304 1282 coniunctim,
1332 1207 1373 1289 qui

185 1313 288 1379 multo
311 1315 415 1396 magis
439 1335 478 1379 eo
508 1316 635 1392 transit,
670 1314 821 1396 persequi
849 1312 961 1377 inutile
989 1312 1043 1376 sit.
1090 1312 1131 1377 In
1154 1312 1319 1379 Pseudolo
1336 1318 1374 1377 ta·

100 1446 103 1452 ·
185 1440 261 1485 men
284 1421 307 1499 l,
337 1421 368 1498 3,
400 1422 463 1486 142
492 1420 534 1504 (si
560 1429 596 1485 tu
619 1426 784 1505 arpentum
807 1419 960 1495 attuleris,
995 1439 1068 1482 cum
1105 1419 1164 1483 illo
1193 1420 1373 1504 perdideris

183 1525 292 1610 fidem)
328 1528 551 1592 coniunctims
580 1526 768 1591 dubitanter
796 1525 989 1608 promittens
1025 1524 1067 1607 (is
1104 1530 1159 1591 est
1195 1527 1296 1603 enim,
1326 1546 1375 1591 nou

186 1633 430 1717 condicionalis)
454 1635 571 1717 polius,
603 1634 645 1698 oh
670 1634 859 1698 adiunctum
883 1633 1030 1697 futurum
1054 1637 1227 1709 exactum,
1260 1652 1375 1715 respon

186 1741 242 1805 det
264 1741 439 1807 indicativo
457 1741 631 1826 perdidero
654 1760 754 1822 quam
772 1740 920 1823 perdam.
967 1736 1066 1821 [Cod.
1095 1738 1262 1823 Palimps.
1284 1739 1376 1824 perdi·

186 1844 324 1930 dero.]¹)

133 1974 170 2013 101
275 1956 324 2019 Ne
348 1955 381 2019 in
404 1953 563 2019 interioris
595 1954 726 2035 quidem
754 1955 863 2033 ,aetatis
895 1958 928 2017 et
958 1973 1066 2035 prosae
1097 1954 1263 2018 orationis
1294 1952 1378 2033 scrip

186 2061 311 2127 toribus
335 2062 399 2127 alio
421 2063 552 2125 nomine
576 2052 732 2125 utendum
758 2064 808 2125 est
830 2060 864 2124 in
887 2061 1048 2142 frequenti
1073 2059 1177 2125 huius
1195 2060 1312 2125 iormae
1331 2078 1379 2123 usu

186 2171 261 2250 post
283 2169 322 2250 ei,
346 2189 452 2254 quum,
480 2168 534 2231 uli
557 2167 703 2249 aliasque
726 2167 903 2249 particulas
926 2171 984 2232 aut
1006 2186 1196 2248 pronomen
1220 2166 1378 2231 relativum

186 2275 220 2337 iu
242 2275 410 2339 sententiis
444 2274 487 2339 ad
518 2274 662 2338 futurum
694 2278 824 2355 tempus
848 2274 969 2351 relatis,
994 2273 1096 2351 ¹velut
1125 2273 1222 2356 apud
1255 2273 1319 2339 Cic.
1345 2272 1379 2337 ad

187 2379 300 2444 Famil.
325 2380 348 2458 l,
374 2381 404 2457 7,
434 2381 469 2444 9:
506 2380 585 2444 Hccc
610 2378 752 2464 profecto
785 2381 881 2463 vides,
916 2386 1032 2465 quanto
1062 2379 1249 2444 illustriora
1279 2379 1379 2461 fudero

186 2487 259 2568 mut,
284 2508 378 2571 quum
403 2488 601 2572 aliquantum
625 2507 662 2549 ex
679 2489 847 2570 prouincia
871 2495 962 2572 atque
986 2507 1023 2550 ec
1045 2487 1184 2568 imperio
1208 2486 1317 2550 lundis
1337 2506 1377 2549 oc

187 2594 325 2669 cesserit,
350 2596 407 2657 aut
430 2614 490 2675 pro
513 2593 604 2657 Sulla
627 2594 657 2670 9,
683 2593 741 2656 27:
772 2594 850 2656 satis
874 2593 1022 2676 adeptum·
1044 2591 1127 2674 fore,
1154 2595 1186 2658 sl
1210 2594 1331 2658 nultum
1352 2594 1377 2655 ir

187 2719 235 2762 mc
256 2701 431 2782 periculum
453 2699 654 2763 relluudcrit.
689 2700 801 2781 Neque
825 2701 910 2764 enim
935 2700 1022 2781 quod
1045 2703 1078 2765 in
1096 2701 1246 2782 passivo,
1271 2703 1378 2766 omissa

188 2806 287 2869 futuri
311 2807 556 2888 significutione,
580 2826 653 2887 quae
677 2807 854 2871 assumitur
874 2827 912 2869 ex
931 2808 1092 2872 sententia
1111 2809 1283 2890 primaria.
1307 2827 1378 2889 prce

188 2913 283 2977 terito
307 2916 442 2976 utuntur
465 2913 581 2975 saltem
606 2913 648 2975 ad
678 2914 839 2978 actionem
863 2915 1040 2994 perlectam
1065 2915 1262 2993 notandam,
1292 2912 1379 2979 idad

122 3028 124 3033 ’
189 3019 329 3082 activum
366 3019 628 3083 transferendum
665 3022 816 3086 continuo
852 3026 917 3096 est;
956 3040 1017 3084 nec
1058 3023 1239 3104 quicquam
1278 3042 1317 3087 ex
1348 3040 1380 3084 eo

190 3124 337 3200 eflicitur,
362 3126 449 3205 quod
472 3126 504 3188 in
529 3127 675 3190 oratione
699 3145 740 3190 ex
763 3130 928 3209 praeterito
951 3147 1112 3209 suspensa
1136 3130 1380 3212 plusquamper-

217 3369 239 3439 ¹)
258 3372 420 3426 Persecutus
439 3389 500 3425 sum
521 3373 577 3425 fere
596 3389 642 3425 eos
662 3373 742 3433 locos,
762 3374 809 3442 qui
828 3374 917 3428 virum
937 3376 1083 3444 egregium,
1104 3377 1142 3429 lo.
1162 3375 1193 3430 G.
1218 3377 1342 3431 t‘ossium
1359 3374 1381 3426 in

260 3478 324 3515 eum
344 3478 464 3515 errorem
477 3462 650 3525 induxerunt,
671 3467 701 3515 ut
715 3460 760 3528 (de
774 3463 853 3517 Aual.
874 3465 917 3528 lll,
938 3464 982 3529 15)
997 3465 1208 3519 terminationes
1222 3483 1270 3520 ero
1286 3472 1313 3520 et
1324 3468 1382 3517 erin

262 3551 413 3619 antiquitus
431 3551 600 3620 promiscuas
619 3550 702 3605 luisse
721 3558 841 3620 putaret;
866 3553 949 3607 ceteri
967 3553 1049 3617 enim,
1074 3570 1145 3621 quos
1164 3571 1179 3607 e
1199 3554 1300 3608 Plauto
1318 3552 1383 3606 addi·

261 3640 308 3704 dit,
328 3646 421 3709 aperte
440 3640 580 3708 depravati
604 3645 675 3705 sunt,
704 3640 813 3695 Trucul.
833 3642 865 3703 ll,
896 3642 919 3705 7,
948 3642 982 3694 68
1006 3642 1062 3710 (qui
1089 3659 1194 3707 versus,
1228 3660 1246 3696 a
1269 3642 1383 3711 pluribus

261 3735 390 3793 tentatus,
419 3728 456 3781 sic
480 3729 668 3782 emendandus
691 3730 806 3794 videtur,
836 3736 865 3785 ut
889 3735 1002 3798 ceperim
1026 3749 1042 3784 u
1065 3730 1207 3799 superiore
1228 3749 1310 3786 versu
1328 3748 1383 3801 pen·

261 3816 344 3881 dent),
368 3817 480 3870 llostell.
501 3817 531 3881 V,
559 3817 581 3877 1,
606 3817 639 3869 ul
664 3816 720 3879 tubi
745 3819 892 3886 probabilis
911 3825 952 3872 est
971 3819 1085 3872 Acidalii
1105 3820 1281 3875 coniectura:
1308 3823 1383 3887 deiq-

261 3909 377 3959 uaceris.
400 3908 459 3959 Tibi
477 3904 546 3972 cet),
572 3907 667 3960 Pseud.
687 3908 707 3969 1,
728 3907 751 3968 1,
772 3906 805 3958 94
826 3906 890 3972 (vid.
910 3909 988 3961 ltotlr.
1015 3909 1146 3976 Equidem
1168 3914 1263 3963 totum
1283 3926 1383 3963 versum

261 3995 437 4048 subditicium
456 4000 531 4063 puto,
555 3995 632 4049 cuius
655 3996 792 4049 sententia
810 3996 880 4049 inest
899 3997 927 4050 in
946 3998 1053 4050 duobus
1072 3997 1213 4066 proximis,
1240 4015 1275 4052 ex
1294 3998 1384 4067 quibus

262 4083 376 4136 effectus
399 4083 456 4151 ipse
480 4089 529 4139 est.
558 4084 658 4153 partim
682 4085 778 4138 iisdem
801 4084 909 4151 verbis).
946 4085 1041 4139 Restat
1066 4084 1178 4139 Pacuvii
1203 4102 1302 4141 versus
1319 4084 1383 4155 apud

262 4171 380 4226 Nonium
399 4170 435 4240 (p.
455 4172 507 4224 505
525 4171 628 4235 lieret:
663 4175 702 4240 tr,
727 4191 787 4242 quoe
805 4177 854 4241 epi,
878 4193 937 4241 apo,
962 4179 1044 4241 arsin,
1068 4183 1230 4227 verruncent
1251 4177 1322 4237 bene,
1345 4173 1384 4227 ulu

263 4264 337 4312 ‹rrim
357 4260 513 4315 dubitanter
531 4263 643 4331 ponitur
667 4262 700 4315 de
720 4262 829 4315 incertis
848 4262 933 4316 futuri
953 4263 1083 4332 temporis
1102 4264 1194 4317 rebus.
1232 4264 1262 4317 Si
1283 4265 1309 4318 id
1328 4264 1385 4316 l'os·

263 4347 319 4401 sius
338 4348 457 4414 dixisset,
482 4352 626 4404 modorum
646 4351 777 4405 terminos
796 4369 851 4405 non
871 4357 927 4405 taur
947 4357 1072 4406 accurate
1092 4352 1220 4406 definitos
1239 4370 1302 4407 esse
1320 4352 1385 4421 opud

263 4436 391 4489 Plautum
411 4454 494 4505 quam
513 4444 616 4508 postea,
637 4456 700 4493 vera
719 4440 838 4501 dixisset,
858 4442 906 4495 sed
926 4458 986 4509 quae
1006 4458 1060 4495 non
1080 4442 1114 4495 ad
1135 4442 1184 4494 has
1200 4442 1275 4495 solas
1292 4443 1385 4496 formas

264 4526 439 4593 pertinerent.
