2948 5206
705 273 772 340 '129

228 470 298 535 lod.
324 471 376 549 11,
405 470 450 535 96
479 469 580 553 paulo
605 469 740 553 propius
763 470 808 536 ud
826 469 973 536 coffinum
997 468 1143 552 vestigia,
1172 487 1273 551 quiem
1301 473 1337 534 tu

134 576 315 655 uocess‘mti,
336 575 583 655 accesserimus,
612 577 639 641 si
660 576 709 642 sic
732 577 972 658 scripserimus:
1004 575 1212 640 Decorum
1228 576 1337 659 ploos,

136 684 220 748 need
239 683 343 747 medlo
363 684 400 747 in
427 701 514 765 coss,
538 683 646 747 oltcr
670 682 841 765 umbone,
869 685 906 748 ni
930 716 981 746 -.
1027 681 1254 747 Nominativus
1284 698 1337 746 eo·

134 788 368 855 commodatur
390 787 499 867 adid,
523 788 612 871 quod
633 789 804 871 precedite
826 797 884 854 ont
907 789 954 854 Μ.
978 788 1102 853 Boeotus
1122 795 1180 852 ost
1202 786 1239 852 C.
1259 784 1338 852 an-

131 897 208 961 eius
239 901 298 960 ocal
329 902 494 981 aarum
529 893 648 977 (Paulo
681 897 758 977 post
794 912 873 960 vera
905 896 987 961 mihi
1021 912 1152 976 semper
1184 892 1255 959 visu
1288 897 1339 960 en

135 1000 504 1067 Fenuriiooniectura:
536 1003 1140 1086 nonstwsoeooicrespoolumcet.
1186 998 1337 1080 maon,

133 1126 215 1191 quoe
245 1107 279 1172 in
310 1107 404 1173 ltalia
431 1111 548 1174 contra
577 1106 757 1172 Antonium
786 1109 967 1173 instruatur
997 1111 1031 1172 et
1059 1092 1193 1190 pugnet
1226 1106 1272 1172 ed
1292 1107 1337 1172 u.

135 1213 278 1280 Brutum
306 1214 406 1279 etin
436 1214 596 1279 Greciam
625 1214 744 1297 respici
770 1233 837 1280 non
863 1214 944 1293 vult,
977 1231 1021 1278 ne
1051 1214 1085 1278 in
1117 1232 1156 1278 co
1187 1216 1339 1295 respectu

135 1320 227 1404 ingoe
250 1319 401 1403 cogitatio
424 1319 535 1399 lateat,
565 1320 625 1385 sed
652 1322 761 1404 ipsam
783 1321 873 1386 illum
895 1320 1041 1385 Italicum
1064 1319 1169 1385 aciem
1192 1316 1338 1385 subsidio

136 1426 233 1492 Bruti
254 1430 289 1492 et
310 1426 446 1492 Groeciae
467 1423 617 1507 θωπί.)

228 1532 299 1599 Ibd.
317 1532 369 1611 13,
392 1532 452 1598 32:
475 1531 614 1597 Animus
635 1531 684 1615 (C.
701 1531 819 1616 (lossii)
838 1534 868 1598 to
889 1541 944 1615 est,
967 1553 1058 1618 quom
1077 1532 1209 1613 videtin
1230 1533 1337 1616 copta,

130 1660 219 1726 quas
240 1639 387 1722 codidie,
413 1638 509 1721 foetis
531 1646 560 1703 cl
581 1641 752 1704 montaneis
774 1641 849 1721 oiri,
878 1642 933 1725 qui
954 1660 994 1704 nc
1014 1641 1085 1704 otoo
1107 1637 1233 1723 quidem
1262 1637 1338 1703 lire

134 1746 230 1812 tono
253 1745 428 1810 Dolodeltoe
449 1746 652 1809 latrocinium
673 1747 710 1810 in
732 1745 863 1831 Syriam
879 1754 1051 1831 periurare
1073 1748 1204 1812 eloim
1238 1745 1338 1809 Allie-

135 1873 209 1936 me,
231 1852 412 1935 familiaris
434 1860 462 1916 et
484 1854 680 1917 messoriae
701 1873 788 1917 muco
810 1857 872 1917 cet.
907 1852 1096 1918 Admodum
1119 1870 1281 1935 perverse,
1310 1852 1338 1916 si

136 1963 211 2026 haec
237 1960 284 2025 sic
312 1959 424 2025 Cicero
452 1958 590 2040 scripsit,
626 1978 738 2042 quum,
772 1958 907 2024 laudato
941 1958 1046 2024 Cassii
1078 1958 1181 2041 ipsius
1216 1958 1336 2035 animo.

136 2067 249 2148 copias
273 2065 342 2130 eius
366 2066 590 2131 demonstrare
613 2065 710 2129 vellet
732 2069 766 2130 et
789 2065 954 2142 extollere,
977 2065 1096 2130 iterum
1115 2065 1217 2148 ipsius
1232 2062 1338 2129 cassu

132 2172 240 2238 animi
268 2171 399 2236 leudem
427 2172 546 2254 posuit,
581 2171 699 2236 sonem
727 2174 762 2235 et
790 2175 993 2236 constantem
1022 2171 1128 2236 virum
1156 2171 1336 2254 appellans.

136 2278 224 2343 Huic
239 2282 351 2344 autem
365 2277 455 2343 laudi
478 2278 559 2342 mue
581 2281 616 2342 et
637 2279 707 2342 sine
728 2277 795 2342 ullo
818 2279 987 2342 sententiee
1010 2278 1206 2343 orationisve
1228 2281 1337 2341 truns-

136 2386 186 2450 itu
216 2384 334 2449 Allieni
364 2384 487 2449 mentio
518 2383 703 2460 subiicitur3
737 2402 798 2448 nec
827 2384 889 2466 his,
921 2387 958 2449 ut
984 2402 1071 2448 nunc
1101 2383 1192 2448 locus
1223 2382 1337 2446 scribi·

134 2496 201 2571 tur,
225 2490 412 2556 ullomodo
435 2490 587 2555 convenit
609 2508 659 2568 eu,
691 2508 765 2572 quae
788 2490 945 2573 sequitur,
974 2488 1130 2556 orationis
1152 2489 1269 2566 forma,
1304 2488 1338 2552 in

134 2617 204 2680 qua
227 2601 365 2680 apparet
389 2596 569 2662 continuari
593 2599 736 2678 coeptum
759 2597 826 2661 iam
849 2600 926 2662 ann
947 2595 1053 2663 Cassii
1069 2596 1237 2678 copiarum
1255 2612 1336 2658 enu-

134 2704 368 2769 merationem:
393 2702 451 2767 Eut
473 2700 597 2785 (porro)
623 2704 659 2783 Q.
685 2703 806 2768 Ooecilii
828 2703 926 2769 Bassi
949 2737 990 2748 -
1014 2703 1177 2767 cucrdtue.
1218 2700 1255 2764 In
1274 2699 1337 2764 lucc

132 2814 250 2876 nutem
273 2810 520 2875 enumeratione
541 2809 631 2875 nullo
653 2809 752 2875 modo
774 2811 902 2875 initium
925 2810 969 2875 ab
991 2808 1119 2874 Allieno
1142 2809 1249 2890 legato
1266 2805 1337 2870 ueri

136 2920 278 3000 poterat,
302 2915 440 2994 omissis,
476 2917 531 2998 qui
560 2919 637 2980 ante
659 2935 774 2981 omnes
796 2915 989 2982 nominandi
1010 2919 1116 2993 erant,
1150 2912 1191 2993 Q.
1215 2912 1336 2978 Marcio

132 3023 253 3105 Crispo
284 3025 317 3087 et
344 3023 380 3087 L.
404 3023 508 3087 Statio
532 3023 652 3086 Murco.
698 3022 785 3086 Nihil
817 3024 935 3087 certius
966 3025 1018 3086 est
1047 3040 1147 3103 quum
1178 3020 1335 3085 excidisse

136 3131 192 3194 hic
212 3129 380 3205 nonnulla,
403 3148 477 3210 quae
502 3127 615 3192 dehis
638 3129 717 3210 ipsis
739 3128 927 3193 hominibus
951 3127 1082 3192 dictae
1105 3127 1260 3192 Cicerone
1283 3143 1335 3189 es-

137 3239 221 3313 sent,
257 3239 290 3300 et
319 3240 377 3300 aut
407 3236 450 3299 ed
481 3235 618 3299 alterum
648 3253 689 3297 ex
716 3233 755 3298 iis
783 3233 947 3316 pertinere
969 3230 1059 3297 illum
1081 3231 1284 3297 fortitudinis
1303 3238 1336 3295 et

138 3342 330 3408 constantiae
353 3341 495 3418 laudem,
518 3344 556 3405 ut
577 3341 648 3405 hoec
671 3338 769 3404 luen’t
791 3339 859 3426 sere
882 3338 1052 3404 sententiae
1075 3338 1196 3403 forma:
1227 3339 1334 3420 copto,

138 3469 219 3534 quos
242 3447 393 3512 audistis:
425 3446 582 3530 [primurn
604 3446 746 3529 legiones
770 3447 907 3528 egregiae
930 3445 969 3524 Q.
993 3444 1114 3522 Marcii,
1140 3479 1192 3523 -‚
1215 3442 1334 3507 deinde

138 3556 175 3620 L.
197 3553 320 3636 sucin]
341 3553 437 3636 fortis
459 3561 489 3618 et
511 3554 680 3618 constantis
708 3553 781 3630 oiri,
817 3553 872 3638 qui
893 3554 966 3634 cet,
1001 3553 1059 3616 aut
1082 3550 1332 3631 coenumque,

136 3662 166 3726 si
200 3664 382 3726 ceterorum
409 3657 564 3725 'codicum
598 3658 791 3724 testimoniis
821 3658 1050 3723 confirmatum
1080 3657 1141 3722 erit
1168 3654 1336 3734 indicium

138 3767 227 3851 quod
249 3769 284 3831 in
306 3765 482 3832 Oxoniensi
505 3766 608 3831 altero
630 3764 668 3829 fit
689 3765 752 3829 hac
774 3763 949 3846 scriptura:
982 3764 1082 3847 fortes
1110 3772 1138 3828 et
1160 3769 1334 3827 constantes

137 3873 203 3936 oili
226 3905 266 3914 —
288 3873 378 3955 posci
399 3871 544 3953 fencem,
568 3874 605 3936 ut
627 3872 670 3936 ad
693 3871 778 3935 hanc
802 3870 942 3936 formem
960 3871 1121 3936 sententie
1139 3870 1333 3935 decucurre-

137 3977 194 4042 rit:
218 3977 325 4060 σφέα,
349 3997 428 4062 quoe
442 3977 593 4041 audisis:
618 3975 774 4059 [primum
791 3995 838 4041 eee
854 3976 1005 4060 legiones,
1025 3996 1108 4059 quas
1123 3976 1162 4055 Q.
1183 3974 1332 4054 nunu,

139 4085 175 4150 L.
197 4084 322 4149 Statius
345 4082 495 4165 hubent]
516 4083 616 4166 fortes
638 4091 666 4148 et
688 4089 862 4147 constontcs
883 4084 957 4147 otri.
991 4082 1058 4147 Sed
1073 4082 1127 4146 vix
1142 4082 1239 4147 credo
1255 4099 1333 4146 con·

138 4190 305 4255 firmatum
327 4189 377 4254 iri.
422 4189 533 4272 (Quod
548 4192 692 4274 primum
720 4189 824 4272 posui,
859 4188 1088 4254 tantummodo
1116 4186 1332 4253 enumeratio

138 4314 216 4360 nem
238 4295 397 4377 signidem
433 4299 501 4362 eius
532 4297 596 4362 alia
627 4297 734 4380 potuit
762 4314 835 4361 esse
862 4294 978 4373 lomna,
1011 4294 1102 4358 velut
1128 4294 1214 4358 hrec:
1249 4293 1332 4357 Sunt

138 4403 282 4486 legiones
304 4403 441 4485 egregiae
464 4401 503 4480 Q.
528 4399 648 4480 Marcii,
674 4436 716 4447 —
738 4405 815 4467 sunt
838 4402 872 4466 L.
896 4400 1001 4480 Statii,
1023 4401 1120 4483 fortir
1142 4398 1217 4481 oet.)
