2948 5206
711 1635 757 1729 ll.

201 1798 243 1893 llo
263 1803 365 1897 locis
393 1805 571 1923 aliquot
598 1803 821 1898 Ciceronis
850 1807 1114 1900 orationum
1142 1807 1293 1902 Verri-

371 1974 546 2040 narum
574 1948 838 2040 dissertatio
868 1947 1037 2040 critica.
1049 1947 1074 2050 ¹)

234 2229 357 2354 Mende
380 2289 585 2355 librariorum
615 2309 655 2353 ex
683 2293 829 2353 veterum
858 2288 984 2370 scriptis
1014 2289 1125 2353 tollere
1155 2306 1214 2370 per
1244 2306 1321 2352 aca-
1337 2305 1376 2347 aaa

172 2389 268 2458 terniue
288 2396 469 2478 scriptionis
492 2394 767 2478 opportunitatem
792 2397 826 2458 et
843 2399 940 2460 antea
957 2395 1067 2460 studui
1084 2399 1117 2459 ct
1132 2414 1219 2459 nunc
1236 2394 1323 2459 idem

115 2544 118 2577 ,
172 2494 247 2562 lacere
264 2502 421 2584 ingredior
444 2506 478 2566 et
500 2502 629 2584 saepius,
654 2501 778 2584 opinor,
803 2502 940 2584 posthac
962 2501 1024 2567 hoc
1047 2499 1210 2566 scribendi
1226 2520 1322 2582 argu·

115 2592 117 2601 '
171 2608 282 2670 mentum
298 2628 436 2672 sumam.
472 2608 529 2672 Est
552 2608 636 2673 enim
656 2609 824 2687 eiusmodi,
849 2609 935 2691 quod
953 2607 1172 2691 particulatim
1189 2609 1322 2671 tractari

171 2710 242 2786 possit
260 2713 405 2794 iactaque
428 2715 667 2779 intermissione
691 2717 785 2780 statis
809 2715 1010 2798 temporibus
1029 2715 1147 2797 repeti;
1171 2718 1204 2778 et
1221 2733 1322 2796 quum

171 2815 243 2882 nulla
261 2821 333 2884 mihi
356 2821 453 2885 huius
476 2821 603 2902 generis
626 2823 764 2887 materia
789 2842 828 2886 ex
853 2823 1015 2905 frequenti
1039 2824 1187 2885 veterum
1206 2840 1322 2885 monu-

116 3010 119 3023 .
170 2927 315 2990 mentorum
338 2929 533 2992 tractatione
557 2928 692 2993 collecta
716 2930 757 2993 sit
780 2933 813 2993 et
835 2929 973 2993 subinde
997 2931 1132 3004 crescat,
1161 2927 1250 2991 nulla
1274 2929 1324 2990 est

116 3038 119 3099 ἓ
168 3032 329 3098 commodior
351 3034 405 3099 via
428 3054 501 3099 eam
531 3034 601 3099 sine
630 3036 696 3099 nlla
723 3036 902 3101 alienorum
930 3035 1128 3100 admixtione
1157 3033 1200 3097 ad
1227 3052 1322 3096 usum

116 3104 121 3193 l
165 3141 331 3219 commoni
355 3140 525 3205 iniisdem
551 3145 771 3207 monumentis
795 3147 1004 3225 occupantur,
1030 3139 1200 3223 promendi
1224 3158 1322 3220 quarn

116 3238 119 3313 J
163 3236 214 3304 haec
233 3246 402 3311 secundum
427 3248 601 3329 scriptores
627 3255 659 3314 et
681 3250 790 3328 libros,
815 3250 858 3313 ad
881 3269 961 3331 quos
985 3248 1134 3330 pertinet,
1166 3245 1323 3328 disposita

116 3346 120 3433 ᾗ
159 3365 204 3426 por
220 3353 377 3431 quandam
401 3355 518 3418 seriem
548 3358 728 3439 explicatio,
764 3357 841 3420 mihi
872 3355 1063 3437 praesertim,
1099 3353 1153 3433 qui
1182 3353 1225 3416 ab
1254 3351 1322 3415 edi·

157 3454 272 3524 tionibus
288 3467 433 3526 veterum
446 3465 641 3545 scriptorum
654 3464 804 3528 curandis
818 3462 984 3527 voluntate
1002 3460 1181 3540 studiisque
1198 3459 1322 3522 alienus

151 3564 199 3627 sim
219 3569 250 3630 et
270 3567 312 3631 ab
335 3572 470 3634 externo
494 3571 562 3634 eius
586 3570 631 3634 rei
660 3571 874 3633 instrumento
898 3570 1041 3630 remotus
1065 3567 1321 3647 necquicquam

148 3671 240 3736 minus
261 3664 466 3755 probandum
490 3677 523 3741 in
542 3676 655 3739 litteris
672 3675 869 3757 philologieis
887 3677 1000 3754 putem
1017 3692 1116 3753 quarn
1133 3672 1321 3747 editionum,

142 3796 207 3857 que
228 3780 359 3861 singulae
383 3783 534 3863 exiguum
559 3782 681 3862 aliquid
704 3770 824 3863 proprii
853 3779 976 3844 habere
1000 3779 1181 3852 videantur,
1210 3779 1321 3842 incon·

137 3883 304 3950 sideratam
327 3887 641 3970 multiplicationem.

218 3990 290 4056 Hoc
311 3996 460 4076 tempore
483 3996 576 4076 quasi
600 3993 706 4076 spicas
730 3993 878 4074 colligere
902 3993 1029 4056 decrevi
1053 3995 1087 4055 et
1109 3991 1152 4055 ad
1171 4010 1263 4073 opus,
1288 3990 1320 4053 in
1335 4005 1375 4045 au

130 4099 219 4162 cuius
244 4099 471 4165 emendatione
493 4119 597 4182 nuper
620 4119 739 4182 magna
763 4099 848 4163 facta
872 4103 921 4162 est
944 4099 1136 4179 progressio,
1166 4096 1320 4160 emenda·

152 4361 175 4429 ¹)
194 4363 276 4417 Edita
303 4363 433 4432 bipartito
460 4361 528 4416 1832
551 4368 578 4417 et
602 4363 678 4429 1833,
707 4365 780 4433 prior
807 4380 869 4433 pars
897 4363 932 4416 ad
960 4360 1132 4416 indicendam
1160 4359 1321 4414 sollemnem

195 4454 318 4507 duorum
346 4452 488 4506 medicine
511 4453 654 4508 doctorum
682 4453 930 4521 inaugurationem,
958 4451 1052 4514 altera,
1080 4465 1165 4517 quum
1194 4447 1322 4502 natalicia

194 4542 270 4611 regis
290 4540 396 4610 agenda
414 4547 512 4595 essent
