2948 5206
693 305 759 369 493

154 504 226 560 αιΐαε
248 505 294 573 est,
316 501 353 562 ut
377 499 465 580 apud
489 499 614 563 Livium
634 499 670 575 Il,
698 501 754 563 11:
778 507 807 563 et
829 501 925 564 sciere
943 497 1092 582 persepe
1114 496 1244 559 indicio.
1280 495 1327 559 De

155 606 270 685 utroque
290 604 360 669 loco
384 624 424 670 eo
448 608 566 670 certius
590 604 725 670 iudicari
748 609 867 687 potest,
898 605 986 686 quod
1016 604 1068 667 hic
1092 622 1169 667 usus
1193 608 1327 684 propter

158 711 282 774 naturam
314 729 419 787 suam,
454 713 590 776 mixtam
627 731 667 776 ex
700 713 887 777 narratione
922 715 954 775 et
983 710 1145 775 sententIa
1174 708 1326 791 generali.

159 829 210 875 non
229 818 378 898 reperitur
408 817 470 882 nisi
500 818 533 881 tn
564 817 733 900 prIncipali
765 822 798 883 et
827 817 1083 882 demonstrativa
1107 816 1328 898 propositione

161 921 205 980 aut
222 941 373 988 summum
399 925 632 1005 comparativa.
644 922 669 1007 ι)
716 924 884 989 Walchius
912 923 1044 1005 quidem
1068 922 1167 987 etlam
1191 923 1224 985 ln
1249 940 1328 985 cau·
1344 940 1381 978 ur

161 1023 206 1087 sali
224 1031 373 1094 sententia
396 1032 471 1111 post
494 1030 576 1115 qued
599 1029 833 1109 Quintilianum
857 1030 903 1095 sic
927 1031 1071 1094 locutum
1094 1028 1222 1111 putavit
1245 1027 1325 1104 VIII,

161 1125 184 1201 3,
202 1131 251 1198 30:
281 1136 362 1222 quod
384 1138 433 1199 rei
455 1135 614 1200 studiosus
635 1159 697 1202 reon
720 1137 815 1201 verbe
838 1137 930 1201 rebus
954 1137 1084 1220 aptarit,
1119 1135 1188 1199 sed·
1202 1155 1254 1198 res
1277 1155 1327 1197 ec-

159 1236 283 1307 trinsecae
304 1244 444 1323 arcessit,
468 1243 580 1328 picibus
602 1243 667 1307 dccc
689 1244 785 1307 verba
808 1245 1001 1319 conveniant,
1025 1260 1086 1305 nec
1104 1241 1329 1306 coniunctione
1363 1286 1370 1300 .

157 1339 276 1412 offensus
297 1350 474 1414 verborum
498 1351 620 1433 aptarit
649 1385 689 1394 —
719 1352 857 1428 arcessit,
894 1353 926 1413 et
960 1348 1090 1423 oblitus
1126 1349 1160 1412 in
1194 1346 1326 1429 optimis

153 1446 297 1520 odoinus
320 1475 393 1521 esse
417 1463 560 1520 arcessat.
607 1456 739 1542 Aptecit
770 1477 846 1539 ergo
877 1456 957 1520 nihil
989 1458 1039 1519 est
1068 1453 1157 1519 aliud
1179 1455 1240 1519 nIsi
1265 1454 1330 1518 fre·

150 1562 335 1628 inertissimi
359 1563 500 1644 exempli
523 1563 703 1628 scribarum
733 1583 833 1641 error,
869 1581 966 1644 quem
1003 1564 1035 1624 et
1070 1560 1147 1626 alibi
1181 1560 1330 1626 homines

143 1669 249 1731 parum
271 1669 464 1750 tempestive
488 1669 574 1734 docti
597 1667 772 1750 (interdum
797 1670 928 1751 quidem
953 1689 992 1734 eo
1015 1669 1130 1750 magis,
1154 1667 1243 1750 quod
1265 1687 1331 1732 non

141 1760 231 1836 Valde
257 1773 342 1839 docti
372 1774 478 1856 erant)
507 1777 569 1841 hac
598 1776 825 1842 observatione
850 1776 1077 1841 defenderunt.
1122 1775 1219 1838 Velut
1241 1772 1329 1855 apud

135 1861 319 1945 Iuvenalem
343 1881 395 1960 III,
429 1883 490 1948 168
514 1883 616 1947 edunt
638 1902 740 1947 nunc:
770 1883 852 1968 qued
874 1890 966 1966 turpe
988 1882 1113 1966 depavit
1141 1880 1331 1943 Translatus

132 1973 234 2050 aas,
255 1987 298 2051 ed
323 1987 450 2053 Marses
472 2010 672 2074 mensumque
695 1989 870 2065 Sabellam
905 2008 1019 2053 rerum
1048 2007 1124 2064 non,
1160 1986 1238 2068 quid
1261 1986 1330 2050 fieri

131 2079 245 2171 soleat,
279 2098 379 2176 poeta
410 2095 569 2178 significat
600 2094 673 2177 (nec
703 2094 853 2160 solebant
883 2096 930 2160 sie
958 2093 1127 2159 transferri
1156 2088 1331 2174 homines),

131 2188 184 2255 ted
228 2200 486 2282 experimentum
521 2202 590 2267 fieri
625 2202 730 2266 iubet:
771 2202 946 2284 Transfer:
980 2199 1115 2285 repetit.
1172 2198 1331 2263 Futurum

131 2292 236 2370 habet
256 2308 356 2371 etiam
380 2308 570 2373 scholiastes
594 2307 814 2390 sangallensis
838 2306 883 2391 (p.
907 2309 949 2371 97
974 2304 1107 2388 Crem),
1138 2305 1199 2370 etsi
1227 2305 1254 2369 is
1283 2304 1333 2368 vi·

133 2397 202 2470 leri
227 2417 334 2494 potest
365 2414 481 2496 legisse
507 2414 646 2499 nepotis.
655 2410 681 2495 ²)
728 2414 833 2479 Taciti
869 2414 1009 2495 denique
1044 2413 1146 2477 verba
1180 2413 1213 2476 in
1242 2411 1360 2476 initio.

135 2504 291 2588 AKl'lcolae
326 2519 410 2586 adeo
443 2525 521 2585 sunt
554 2525 669 2603 aperta
703 2524 736 2585 et
770 2521 941 2603 perspicua
973 2519 1158 2603 (Clarorum
1191 2519 1333 2581 eir-orum

139 2610 226 2692 lecta
247 2646 408 2711 moresque
424 2630 561 2710 pesteris
584 2627 712 2691 tradere
736 2663 775 2672 —
800 2649 839 2690 rte
861 2629 977 2691 nostris
1000 2626 1125 2711 quidem
1145 2623 1335 2708 temporibus

168 2857 190 2928 1)
207 2871 272 2926 llale
295 2873 378 2942 igitur
401 2873 540 2927 Walchius
565 2875 694 2943 primum,
722 2875 795 2942 quod
819 2875 918 2944 posuit,
948 2874 1105 2942 exemplum
1130 2872 1256 2927 Graecum
1280 2873 1335 2926 huc

208 2960 296 3025 traxit,
324 2962 393 3015 Plat.
411 2961 544 3016 Alcibiad.
565 2963 575 3015 I
595 2980 621 3031 p.
641 2962 693 3016 103
712 2964 747 3017 B:
775 2959 965 3031 κατανενόηκα,
995 2959 1031 3020 ὥς
1055 2958 1120 3030 πρὸς
1142 2957 1203 3019 τούς
1221 2957 1335 3028 ἐραστάς

209 3047 288 3116 ἔσχες,
308 3066 340 3104 eo
359 3051 539 3116 manilestIus,
568 3052 641 3120 quod
661 3053 751 3105 nullos
770 3052 834 3114 iam,
862 3057 962 3121 praeter
980 3068 1068 3106 unum
1087 3051 1236 3112 Socratem,
1264 3050 1335 3103 Alci·

208 3136 300 3191 lendes
319 3144 457 3193 amatores
476 3141 577 3193 habere
596 3141 702 3205 dicitur,
722 3146 753 3194 ut
772 3157 836 3205 non,
855 3141 944 3209 qualis
963 3157 1027 3210 erga
1040 3157 1087 3194 eos
1099 3140 1186 3193 soleat
1199 3156 1266 3202 esse,
1287 3139 1335 3192 sed

210 3227 296 3294 qualis
314 3227 405 3291 fuerit,
429 3234 533 3298 agatur.
571 3230 652 3298 Apud
671 3230 795 3284 Curtium
816 3230 861 3293 Ill,
882 3229 915 3281 19
934 3230 1042 3298 Zumpt.
1061 3228 1119 3293 (III,
1143 3228 1169 3292 8,
1195 3226 1240 3289 10)
1264 3226 1336 3295 (quoe

209 3331 235 3367 re
247 3342 280 3352 -
292 3317 469 3383 occiduerint)
487 3318 644 3371 Alexander
662 3319 716 3372 iarn
735 3318 824 3372 latens
843 3316 988 3384 (delituisse
1007 3318 1082 3380 dlxit,
1102 3333 1157 3371 nou
1176 3314 1336 3381 delitescere)

209 3410 383 3472 comparatur
400 3422 464 3460 cum
483 3407 555 3471 teris,
583 3424 645 3475 quae
669 3406 724 3461 iam
748 3409 776 3461 in
800 3407 919 3461 latebras
939 3407 1114 3475 irrepserunt.
1152 3406 1223 3472 Quid
1243 3406 1278 3459 ad
1297 3405 1336 3458 ln·

210 3491 358 3547 dIcatirum
376 3500 472 3549 contra
490 3496 577 3549 bonos
596 3498 672 3550 codd.
692 3502 720 3550 et
742 3497 877 3550 sermonis
901 3496 990 3564 legem
1015 3495 1150 3548 tuendum
1175 3494 1220 3547 illa
1245 3494 1335 3547 obser·

210 3581 282 3634 ratio
301 3581 391 3646 faciat,
410 3585 509 3638 nescio.
543 3582 713 3653 [Propertius
731 3590 834 3648 tamen,
854 3586 939 3638 durus
957 3583 1088 3638 orationis
1107 3582 1213 3643 artifex,
1233 3583 1270 3635 lll
1289 3579 1336 3647 (lv

208 3670 340 3736 boehm),
366 3671 396 3735 5,
414 3671 449 3724 33
473 3679 500 3727 et
522 3672 556 3725 34
580 3674 608 3727 ln
633 3674 844 3742 interrogatione
867 3674 998 3742 pendenti
1022 3674 1050 3726 ln
1074 3669 1336 3725 commemoratione

208 3775 312 3822 eorum,
332 3776 393 3828 quae
411 3760 470 3814 fieri
489 3762 602 3825 soleant,
622 3763 692 3816 Inter
710 3762 856 3831 praesentia
868 3763 926 3815 haec
940 3762 1043 3831 posuit:
1064 3764 1120 3813 Aut
1133 3777 1183 3812 cur
1197 3760 1338 3812 Perrhoebr'

209 3856 340 3901 tremuere
357 3853 500 3903 cacumina
520 3853 604 3904 Pindi
623 3853 694 3905 Solis
712 3860 736 3903 et
755 3853 855 3904 atratis
872 3853 973 3904 luxerat
991 3852 1064 3904 oilie
1082 3852 1165 3917 equr's,
1190 3847 1271 3901 unius
1290 3846 1336 3900 ali·

210 3937 288 3990 cuius
307 3942 386 3990 terrae
404 3943 496 3992 motus
514 3944 562 3992 aut
586 3939 746 3994 delectionis
769 3939 834 3991 solis
858 3939 936 3993 iactae
960 3939 1106 4007 imaginem
1131 3937 1224 3991 animo
1249 3935 1336 3989 conci·

208 4025 294 4094 piens.
339 4025 416 4080 1842.
453 4028 484 4081 ln
513 4028 626 4081 relatIva
653 4027 789 4081 sententia
817 4028 968 4095 perlectum
998 4028 1048 4080 hoe
1076 4026 1167 4096 posuit
1195 4025 1258 4078 Seu.
1287 4025 1335 4093 Ep.

210 4113 253 4177 75,
273 4111 327 4180 12]

157 4203 188 4272 ²)
207 4204 322 4257 Duobus
349 4204 409 4257 aliis
437 4205 559 4259 eiusdem
587 4213 675 4274 poetae
702 4207 777 4269 locis,
805 4206 832 4258 in
862 4205 961 4273 qulbus
990 4204 1110 4257 narratio
1134 4208 1175 4256 est
1200 4203 1238 4256 rei
1258 4202 1338 4255 sactae

209 4292 265 4358 (IX,
288 4293 324 4345 80
343 4298 369 4347 el
389 4293 420 4355 X,
446 4293 473 4356 7)
497 4294 599 4347 abusus
623 4299 664 4347 est
687 4295 787 4349 Weber
810 4295 845 4347 ad
868 4295 941 4347 Pers.
961 4294 993 4355 II,
1019 4294 1044 4355 5,
1073 4292 1119 4345 ubi
1144 4292 1237 4345 itidem
1263 4290 1338 4344 resti-

210 4382 345 4436 luendum
364 4386 414 4446 est,
438 4382 511 4450 quod
531 4383 623 4451 plures
642 4383 748 4435 codices
767 4383 883 4435 habent:
913 4385 949 4435 At
968 4383 1036 4434 bona
1050 4397 1122 4448 pers
1140 4382 1279 4433 hordeum
1297 4387 1338 4432 te·

209 4474 264 4524 etta
281 4472 376 4524 latete
395 4488 499 4524 ccmo.
536 4472 624 4540 Prope
643 4472 748 4525 accedit
767 4471 801 4525 ad
820 4470 1035 4525 condicionalem
1055 4470 1185 4523 sormam:
1211 4470 1280 4533 libet,
1300 4471 1338 4521 ei-

209 4562 275 4614 dem
292 4561 427 4614 letantem.
