2956 5190
749 287 815 352 322

273 484 347 548 Mor
371 483 403 546 in
427 482 542 548 eodem
567 481 707 565 capiteg
727 483 770 548 46
790 482 1012 568 (relinquendo
1027 481 1142 547 madio
1165 480 1357 563 domem

183 590 313 673 eradices,
337 589 442 671 leodos,
465 592 552 653 iocus
572 587 647 670 cet.)
670 591 767 654 nimis
791 590 953 672 patienter
965 591 1192 672 propagatum
1216 591 1360 655 estonum

185 698 331 763 codicum
364 704 397 761 et
427 700 574 761 veterum
607 696 682 761 edd.
712 695 813 760 fidem
844 695 1042 761 vocabulum
1073 695 1212 760 iudices.
1259 693 1294 758 ln
1316 694 1361 759 tue

184 805 369 869 vehementi
393 803 637 868 enumeratione
662 801 850 884 (obterendo
872 809 945 866 sunt
967 837 1011 848 -
1033 800 1252 889 relinquendo
1271 836 1310 849 -
1325 800 1362 866 de·

183 908 347 992 serendos)
378 910 675 975 incommodissime
706 908 923 990 interponitur
953 909 1100 974 iudicum
1131 908 1363 992 appellatio‘n

51 1018 54 1023 '
184 1018 293 1082 medio
316 1019 498 1099 praesertim
527 1017 607 1081 colo.
653 1016 813 1080 Auctores
841 1015 1009 1093 Gruterus,
1044 1016 1103 1097 qui
1136 1016 1275 1094 addidit,
1305 1016 1364 1081 citat

185 1126 255 1190 cod.
288 1124 474 1189 Palatinum
502 1142 625 1188 nonum
657 1125 690 1186 et
721 1121 955 1187 Erturtensem.
1004 1121 1132 1187 Verum
1162 1122 1201 1187 in
1232 1124 1292 1187 hoc
1316 1126 1366 1187 est:

184 1231 292 1296 modio
315 1231 532 1295 delectationes
554 1229 674 1292 iudices
696 1229 790 1305 locus,
817 1228 1012 1304 vocabulum
1035 1227 1136 1293 ludus
1158 1230 1367 1305 omittitur,ut

184 1341 354 1421 appareat,
379 1335 518 1401 evanida
541 1354 641 1398 curva
664 1335 791 1413 lineola,
822 1355 888 1417 qua
910 1356 948 1399 us
970 1334 1101 1418 syllaba
1125 1338 1308 1413 notaretur,
1330 1335 1369 1399 tit·

184 1450 272 1510 teras
295 1443 352 1508 lod
374 1442 531 1508 transisse
554 1443 587 1505 in
610 1441 683 1518 ium
707 1443 754 1506 sic
777 1443 864 1506 enim
888 1441 1040 1506 scribitur
1062 1443 1097 1506 in
1122 1441 1223 1508 codd.
1253 1441 1369 1507 &dhet

184 1552 265 1616 leve.
301 1550 455 1631 Sequitur
477 1549 567 1613 locus
590 1548 780 1631 gravissime
806 1552 986 1630 corruptus,
1011 1548 1067 1631 qui
1089 1548 1140 1613 sic
1163 1549 1291 1614 edium
1314 1548 1372 1629 θη

131 1689 171 1729 39⁸
184 1679 235 1721 res
258 1659 293 1720 in
315 1658 372 1719 loc
400 1676 512 1740 pecore
539 1655 678 1720 hmines
706 1676 728 1719 o
756 1654 862 1719 labore
889 1654 1052 1740 medioque
1083 1654 1219 1720 discredi
1248 1654 1371 1733 deterre,

184 1785 246 1829 eron
270 1785 329 1849 qao
353 1771 409 1827 out
431 1763 560 1846 inperio
577 1760 724 1844 deficiant
743 1769 800 1825 out
817 1761 964 1825 doctrim
975 1761 1126 1844 puellis,
1152 1764 1187 1826 et
1202 1761 1374 1844 longissime

185 1891 205 1936 a
229 1871 376 1936 codicum
400 1870 542 1950 vestigiis
566 1871 599 1932 et
622 1868 705 1933 adeo
728 1887 884 1950 perversa
907 1868 1080 1946 sententia,
1103 1871 1146 1932 ut
1169 1868 1269 1933 labor
1290 1866 1374 1932 mole·

184 1979 313 2060 stiaque
337 1975 420 2062 (quoe
442 1974 506 2055 res)
529 1995 550 2039 a
573 1973 685 2040 labore
713 1975 878 2040 deterrere
910 1975 1037 2039 dicatur
1067 1972 1144 2057 (etsi
1177 1976 1291 2058 ipsum
1312 1971 1374 2038 illud

185 2107 254 2170 quoe
276 2106 327 2148 res
350 2083 504 2166 singulari
527 2102 665 2147 numero
693 2084 862 2164 superiora
890 2081 946 2146 ilia
975 2082 1086 2147 omnia
1116 2081 1298 2163 complecti
1324 2097 1376 2145 om

183 2188 305 2275 potest)
315 2187 341 2271 ¹)
366 2194 398 2254 et
421 2192 456 2254 io
479 2189 610 2253 dicendo
633 2187 682 2272 (in
704 2189 760 2252 troc
782 2186 907 2274 penore)
938 2208 959 2254 a
987 2188 1096 2254 studio
1123 2187 1260 2252 dicendi
1282 2186 1374 2251 deter—
1414 2204 1416 2221 ¹

153 2348 156 2352 -
184 2318 266 2364 rere.
312 2297 398 2375 Quid
421 2297 538 2361 dixerit
566 2296 687 2372 Cicer0,
723 2297 804 2360 satis
834 2299 885 2360 est
914 2299 1075 2377 apertum.
1125 2294 1214 2361 Nam
1246 2311 1376 2359 comme·

99 2407 103 2413 ’
184 2409 312 2470 morato
335 2404 482 2487 proxime
505 2407 672 2466 oratorum
691 2402 945 2468 laboriosissimo
963 2403 1038 2466 vitae
1055 2420 1189 2484 genere,
1214 2398 1375 2475 concludit,

184 2516 318 2594 propter
340 2511 436 2575 huius
459 2510 580 2574 laboris
605 2509 726 2591 lugam,
750 2529 817 2573 non
840 2513 973 2591 propter
995 2509 1114 2592 ingenii
1136 2510 1299 2591 inopiam,
1319 2510 1375 2572 am

184 2637 307 2700 paucos
331 2619 481 2681 oratoriae
516 2617 578 2681 arti
607 2635 741 2698 operam
772 2616 851 2680 dare
886 2614 1025 2697 (itaque,
1060 2616 1093 2680 id
1122 2615 1181 2697 qui
1209 2614 1320 2691 faciat,
1348 2616 1376 2675 ut

185 2724 302 2790 Caelius
327 2724 435 2800 faciat,
460 2742 525 2786 non
549 2742 645 2804 posse
669 2722 870 2787 luxuriosum
895 2722 989 2803 esse).
1030 2722 1096 2787 Sed
1119 2722 1274 2787 codicum
1297 2722 1374 2784 retu·

185 2830 347 2895 stissimus
371 2849 443 2894 cum
468 2828 687 2893 Bernensibus
710 2829 827 2893 habet:
864 2829 969 2909 Quare
991 2831 1026 2892 in
1049 2828 1106 2892 loc
1126 2849 1243 2913 ponere
1267 2827 1374 2891 latore

183 2937 282 3020 fiendi
304 2938 444 3000 tornines
467 2958 487 2999 o
515 2936 678 3022 studioque
701 2935 851 3011 deterret3
885 2937 961 3001 hinc
989 2939 1173 3000 ceterorum
1203 2935 1374 3018 produxere

185 3045 364 3126 scripturae,
401 3064 442 3108 ex
469 3045 588 3126 quibus
611 3043 644 3107 in
668 3043 734 3107 Eri.
760 3047 806 3108 est
832 3043 922 3107 labor
944 3042 1120 3125 confitendi,
1156 3062 1220 3125 pro
1243 3042 1373 3107 monstro

185 3150 239 3214 illo
263 3149 377 3232 efieodi
399 3150 500 3215 verbo
524 3150 587 3215 alio
611 3151 746 3214 licenter
768 3149 957 3215 substituto.
1004 3148 1085 3227 Quae
1109 3168 1150 3213 ex
1172 3149 1226 3214 his
1251 3146 1373 3213 Orellim

186 3256 302 3333 effecit,
327 3257 514 3321 admonitus
537 3258 607 3339 ipse
631 3257 725 3321 facile
748 3258 965 3339 improbabit;
994 3275 1071 3320 nam
1095 3258 1128 3319 et
1153 3255 1371 3320 alienissimam

185 3364 469 3445 interrogationem
495 3365 536 3428 de
560 3384 659 3428 causa
682 3364 813 3441 laboris,
844 3365 1010 3445 adquam
1034 3362 1114 3426 nihil
1138 3360 1372 3444 respondeatis

184 3470 302 3546 intulit,
328 3475 369 3547 et,
398 3490 418 3534 a
441 3472 677 3535 sententiarum
701 3490 874 3553 progressu
899 3472 1066 3545 aberrans
1095 3487 1157 3550 pro
1180 3466 1372 3533 conclusione

184 3576 412 3659 repetitionem
435 3579 640 3659 superiorum
664 3578 772 3642 verbis
796 3579 957 3642 variatam
983 3576 1089 3641 effecit
1119 3573 1168 3656 (io
1197 3574 1257 3638 lroe
1277 3589 1373 3659 uenere

185 3683 307 3747 labores
333 3684 536 3747 consumendi
563 3704 681 3760 ornnem
717 3684 795 3765 quid
824 3687 874 3747 est
902 3686 1013 3748 autem
1048 3681 1171 3745 labores
1210 3696 1373 3746 emaum

185 3786 334 3870 onrrrest),
360 3794 393 3854 et
415 3788 551 3871 vestigia
576 3788 723 3854 codicum
748 3791 832 3854 adeo
855 3809 921 3853 non
944 3788 1072 3871 pressit,
1097 3792 1143 3866 ut,
1162 3787 1252 3869 quod
1276 3783 1373 3851 certis·

185 3897 304 3961 simum
329 3900 380 3961 est
402 3896 556 3960 indicium
581 3897 818 3962 emendationis
842 3896 1012 3961 infeliciter
1036 3897 1068 3958 et
1083 3895 1209 3958 incerta
1226 3894 1373 3958 fluctuan-

185 4005 275 4085 tique
309 4003 434 4067 ratione
468 4005 613 4079 tentatae,
650 4005 815 4084 optionem
852 4003 907 4067 det
935 4003 1019 4066 inter
1042 4002 1124 4066 duas
1148 4000 1374 4065 diversissimas

258 4304 311 4340 non
334 4288 431 4349 dicam,
459 4287 617 4341 Ciceronem
641 4304 750 4356 semper
774 4287 890 4356 simplex
914 4288 969 4350 sed,
996 4298 1139 4352 nunquam
1162 4287 1210 4339 sed
1233 4287 1315 4338 aiom
1334 4294 1376 4336 net

258 4393 348 4427 oerum
367 4378 448 4429 etiam
467 4393 568 4444 ponere
587 4381 693 4445 putant.
721 4377 789 4430 Nam
809 4377 901 4430 minus
920 4380 961 4429 est
976 4374 1095 4443 cogitare
1108 4390 1192 4442 quam
1207 4389 1296 4442 agere,
1314 4367 1376 4441 quod

258 4463 420 4530 cogitatione
439 4464 535 4518 nititur
553 4464 618 4531 (rid.
638 4465 713 4518 Brut.
735 4461 791 4529 70);
811 4463 873 4517 add.
893 4463 921 4516 in
941 4463 1031 4517 Vatin.
1051 4462 1076 4527 9,
1094 4461 1137 4515 21.

214 4547 236 4616 ¹)
255 4551 350 4605 Melius
369 4552 450 4621 igitur
469 4555 602 4608 hactenus
622 4555 664 4607 ed.
684 4570 708 4606 a.
729 4551 799 4605 1472
817 4555 959 4606 deterrent.
