<?xml version="1.0" encoding="UTF-8"?>
<!DOCTYPE html PUBLIC "-//W3C//DTD XHTML 1.0 Transitional//EN"
    "http://www.w3.org/TR/xhtml1/DTD/xhtml1-transitional.dtd">
<html xmlns="http://www.w3.org/1999/xhtml" xml:lang="en" lang="en">
 <head>
  <title>
</title>
<meta http-equiv="Content-Type" content="text/html;charset=utf-8" />
  <meta name='ocr-system' content='tesseract 3.04.00' />
  <meta name='ocr-capabilities' content='ocr_page ocr_carea ocr_par ocr_line ocrx_word'/>
</head>
<body>
  <div class='ocr_page' id='page_1' title='image "./ionicolaimadvig02madvgoog/ionicolaimadvig02madvgoog_0350.png"; bbox 0 0 2956 5190; ppageno 0'>
   <div class='ocr_carea' id='block_1_1' title="bbox 626 277 689 342">
    <p class='ocr_par' dir='ltr' id='par_1_1' title="bbox 626 277 689 342">
     <span class='ocr_line' id='line_1_1' title="bbox 626 277 689 342; baseline -0.016 0"><span class='ocrx_word' id='word_1_1' title='bbox 626 277 689 342; x_wconf 80' lang='grc'>327</span> 
     </span>
    </p>
   </div>
   <div class='ocr_carea' id='block_1_2' title="bbox 10 469 1406 4183">
    <p class='ocr_par' dir='ltr' id='par_1_2' title="bbox 10 469 1357 1946">
     <span class='ocr_line' id='line_1_2' title="bbox 147 469 1256 561; baseline -0.008 -20"><span class='ocrx_word' id='word_1_2' title='bbox 147 475 184 543; x_wconf 89' lang='lat' dir='ltr'>C.</span> <span class='ocrx_word' id='word_1_3' title='bbox 209 475 262 555; x_wconf 80' lang='lat'>25,</span> <span class='ocrx_word' id='word_1_4' title='bbox 286 475 326 539; x_wconf 88' lang='grc'>61</span> <span class='ocrx_word' id='word_1_5' title='bbox 352 474 512 539; x_wconf 74' lang='lat' dir='ltr'>edebatur</span> <span class='ocrx_word' id='word_1_6' title='bbox 535 473 629 537; x_wconf 91' lang='lat' dir='ltr'>olim:</span> <span class='ocrx_word' id='word_1_7' title='bbox 659 472 722 537; x_wconf 82' lang='lat' dir='ltr'>Sed</span> <span class='ocrx_word' id='word_1_8' title='bbox 744 479 849 561; x_wconf 75' lang='lat' dir='ltr'>temeri</span> <span class='ocrx_word' id='word_1_9' title='bbox 868 492 1018 535; x_wconf 75' lang='lat' dir='ltr'>rencourt</span> <span class='ocrx_word' id='word_1_10' title='bbox 1040 470 1124 534; x_wconf 77' lang='lat' dir='ltr'>uode</span> <span class='ocrx_word' id='word_1_11' title='bbox 1145 469 1256 552; x_wconf 77' lang='lat' dir='ltr'>fuerit,</span> 
     </span>
     <span class='ocr_line' id='line_1_3' title="bbox 61 577 1257 671; baseline -0.006 -24"><span class='ocrx_word' id='word_1_12' title='bbox 61 582 324 671; x_wconf 58' lang='lat' dir='ltr'>quenadmodum</span> <span class='ocrx_word' id='word_1_13' title='bbox 341 588 498 665; x_wconf 79' lang='lat' dir='ltr'>paratum</span> <span class='ocrx_word' id='word_1_14' title='bbox 520 581 571 662; x_wconf 85' lang='lat' dir='ltr'>sit,</span> <span class='ocrx_word' id='word_1_15' title='bbox 594 601 657 643; x_wconf 81' lang='lat' dir='ltr'>noo</span> <span class='ocrx_word' id='word_1_16' title='bbox 681 579 810 642; x_wconf 78' lang='lat' dir='ltr'>dicitur.</span> <span class='ocrx_word' id='word_1_17' title='bbox 857 579 979 642; x_wconf 85' lang='lat' dir='ltr'>Datum</span> <span class='ocrx_word' id='word_1_18' title='bbox 1002 577 1143 641; x_wconf 75' lang='lat' dir='ltr'>essehoc</span> <span class='ocrx_word' id='word_1_19' title='bbox 1166 578 1257 640; x_wconf 78' lang='lat' dir='ltr'>ciant</span> 
     </span>
     <span class='ocr_line' id='line_1_4' title="bbox 38 677 1257 772; baseline -0.008 -16"><span class='ocrx_word' id='word_1_20' title='bbox 38 690 96 757; x_wconf 91' lang='lat' dir='ltr'>-P.</span> <span class='ocrx_word' id='word_1_21' title='bbox 120 689 258 771; x_wconf 64' lang='lat' dir='ltr'>Marto,</span> <span class='ocrx_word' id='word_1_22' title='bbox 276 688 412 772; x_wconf 60' lang='lat' dir='ltr'>pardem</span> <span class='ocrx_word' id='word_1_23' title='bbox 434 677 622 751; x_wconf 77' lang='lat' dir='ltr'>adolescenti</span> <span class='ocrx_word' id='word_1_24' title='bbox 645 693 673 749; x_wconf 88' lang='lat' dir='ltr'>et</span> <span class='ocrx_word' id='word_1_25' title='bbox 697 685 773 749; x_wconf 76' lang='lat' dir='ltr'>borco</span> <span class='ocrx_word' id='word_1_26' title='bbox 796 687 857 749; x_wconf 90' lang='lat' dir='ltr'>cet.</span> <span class='ocrx_word' id='word_1_27' title='bbox 904 684 1041 748; x_wconf 91' lang='lat' dir='ltr'>Orellius</span> <span class='ocrx_word' id='word_1_28' title='bbox 1065 703 1105 747; x_wconf 84' lang='lat' dir='ltr'>ex</span> <span class='ocrx_word' id='word_1_29' title='bbox 1126 683 1257 765; x_wconf 91' lang='lat' dir='ltr'>optimis</span> 
     </span>
     <span class='ocr_line' id='line_1_5' title="bbox 46 790 1258 869; baseline -0.008 -6"><span class='ocrx_word' id='word_1_30' title='bbox 46 796 154 863; x_wconf 74' lang='lat' dir='ltr'>codd.</span> <span class='ocrx_word' id='word_1_31' title='bbox 187 795 326 860; x_wconf 90' lang='lat' dir='ltr'>duorum</span> <span class='ocrx_word' id='word_1_32' title='bbox 357 794 591 859; x_wconf 89' lang='lat' dir='ltr'>vocabulorum</span> <span class='ocrx_word' id='word_1_33' title='bbox 623 793 771 857; x_wconf 89' lang='lat' dir='ltr'><strong>ordinem</strong></span> <span class='ocrx_word' id='word_1_34' title='bbox 800 792 945 869; x_wconf 74' lang='lat' dir='ltr'>invertit,</span> <span class='ocrx_word' id='word_1_35' title='bbox 982 793 1072 854; x_wconf 78' lang='lat' dir='ltr'>aiunt</span> <span class='ocrx_word' id='word_1_36' title='bbox 1102 790 1167 855; x_wconf 78' lang='lat' dir='ltr'>hoc.</span> <span class='ocrx_word' id='word_1_37' title='bbox 1222 791 1258 853; x_wconf 93' lang='lat' dir='ltr'>ln</span> 
     </span>
     <span class='ocr_line' id='line_1_6' title="bbox 10 897 1313 985; baseline -0.008 -17"><span class='ocrx_word' id='word_1_38' title='bbox 10 934 15 945; x_wconf 93' lang='lat'>·</span> <span class='ocrx_word' id='word_1_39' title='bbox 58 907 200 985; x_wconf 83' lang='lat' dir='ltr'>utraque</span> <span class='ocrx_word' id='word_1_40' title='bbox 223 903 383 984; x_wconf 86' lang='lat' dir='ltr'>scriptura</span> <span class='ocrx_word' id='word_1_41' title='bbox 406 902 559 965; x_wconf 87' lang='lat' dir='ltr'>vitiosum</span> <span class='ocrx_word' id='word_1_42' title='bbox 583 902 634 964; x_wconf 90' lang='lat' dir='ltr'>est</span> <span class='ocrx_word' id='word_1_43' title='bbox 661 918 857 981; x_wconf 72' lang='lat' dir='ltr'>pronomem</span> <span class='ocrx_word' id='word_1_44' title='bbox 892 899 981 963; x_wconf 88' lang='lat' dir='ltr'>nulla</span> <span class='ocrx_word' id='word_1_45' title='bbox 1010 902 1060 963; x_wconf 91' lang='lat' dir='ltr'>est</span> <span class='ocrx_word' id='word_1_46' title='bbox 1089 899 1176 961; x_wconf 93' lang='lat' dir='ltr'>enim</span> <span class='ocrx_word' id='word_1_47' title='bbox 1200 897 1257 961; x_wconf 90' lang='lat' dir='ltr'>dc·</span> <span class='ocrx_word' id='word_1_48' title='bbox 1272 917 1313 957; x_wconf 71' lang='lat' dir='ltr'>eor</span> 
     </span>
     <span class='ocr_line' id='line_1_7' title="bbox 57 1003 1257 1089; baseline -0.006 -14"><span class='ocrx_word' id='word_1_49' title='bbox 57 1008 263 1088; x_wconf 86' lang='lat' dir='ltr'>monstratio,</span> <span class='ocrx_word' id='word_1_50' title='bbox 299 1008 358 1073; x_wconf 90' lang='lat' dir='ltr'>sed</span> <span class='ocrx_word' id='word_1_51' title='bbox 387 1007 526 1089; x_wconf 84' lang='lat' dir='ltr'>simplex</span> <span class='ocrx_word' id='word_1_52' title='bbox 560 1008 607 1070; x_wconf 91' lang='lat' dir='ltr'>rei</span> <span class='ocrx_word' id='word_1_53' title='bbox 641 1026 746 1088; x_wconf 87' lang='lat' dir='ltr'>nuper</span> <span class='ocrx_word' id='word_1_54' title='bbox 774 1005 952 1071; x_wconf 85' lang='lat' dir='ltr'>nominatae</span> <span class='ocrx_word' id='word_1_55' title='bbox 975 1003 1257 1080; x_wconf 82' lang='lat' dir='ltr'>commemorati03</span> 
     </span>
     <span class='ocr_line' id='line_1_8' title="bbox 58 1110 1259 1199; baseline -0.005 -17"><span class='ocrx_word' id='word_1_56' title='bbox 58 1117 172 1199; x_wconf 86' lang='lat' dir='ltr'>itaque</span> <span class='ocrx_word' id='word_1_57' title='bbox 195 1119 253 1181; x_wconf 90' lang='lat' dir='ltr'>aut</span> <span class='ocrx_word' id='word_1_58' title='bbox 275 1114 311 1178; x_wconf 78' lang='lat' dir='ltr'>id</span> <span class='ocrx_word' id='word_1_59' title='bbox 333 1115 410 1196; x_wconf 91' lang='lat' dir='ltr'>poni</span> <span class='ocrx_word' id='word_1_60' title='bbox 434 1113 578 1178; x_wconf 87' lang='lat' dir='ltr'>debebat</span> <span class='ocrx_word' id='word_1_61' title='bbox 601 1117 659 1177; x_wconf 87' lang='lat' dir='ltr'>aut</span> <span class='ocrx_word' id='word_1_62' title='bbox 682 1132 864 1195; x_wconf 88' lang='lat' dir='ltr'>pronomen</span> <span class='ocrx_word' id='word_1_63' title='bbox 887 1111 1007 1186; x_wconf 89' lang='lat' dir='ltr'>omitti;</span> <span class='ocrx_word' id='word_1_64' title='bbox 1038 1111 1155 1175; x_wconf 89' lang='lat' dir='ltr'>deinde</span> <span class='ocrx_word' id='word_1_65' title='bbox 1178 1110 1259 1176; x_wconf 90' lang='lat' dir='ltr'>ordo</span> 
     </span>
     <span class='ocr_line' id='line_1_9' title="bbox 57 1217 1289 1303; baseline -0.004 -18"><span class='ocrx_word' id='word_1_66' title='bbox 57 1223 236 1288; x_wconf 80' lang='lat' dir='ltr'>verborum</span> <span class='ocrx_word' id='word_1_67' title='bbox 259 1222 347 1303; x_wconf 93' lang='lat' dir='ltr'>prior</span> <span class='ocrx_word' id='word_1_68' title='bbox 369 1240 436 1285; x_wconf 92' lang='lat' dir='ltr'>non</span> <span class='ocrx_word' id='word_1_69' title='bbox 459 1221 602 1301; x_wconf 89' lang='lat' dir='ltr'>optimus</span> <span class='ocrx_word' id='word_1_70' title='bbox 626 1224 684 1298; x_wconf 89' lang='lat' dir='ltr'>est,</span> <span class='ocrx_word' id='word_1_71' title='bbox 710 1220 803 1297; x_wconf 88' lang='lat' dir='ltr'>alter,</span> <span class='ocrx_word' id='word_1_72' title='bbox 828 1219 883 1301; x_wconf 92' lang='lat' dir='ltr'>qui</span> <span class='ocrx_word' id='word_1_73' title='bbox 900 1219 1128 1282; x_wconf 88' lang='lat' dir='ltr'>auctoritatem</span> <span class='ocrx_word' id='word_1_74' title='bbox 1147 1217 1258 1295; x_wconf 86' lang='lat' dir='ltr'>habet,</span> <span class='ocrx_word' id='word_1_75' title='bbox 1288 1261 1289 1265; x_wconf 47' lang='lat'><em>=</em></span> 
     </span>
     <span class='ocr_line' id='line_1_10' title="bbox 23 1323 1347 1412; baseline -0.003 -18"><span class='ocrx_word' id='word_1_76' title='bbox 23 1402 28 1409; x_wconf 59' lang='grc'>,</span> <span class='ocrx_word' id='word_1_77' title='bbox 57 1349 192 1412; x_wconf 87' lang='lat' dir='ltr'>pravus,</span> <span class='ocrx_word' id='word_1_78' title='bbox 228 1329 419 1412; x_wconf 87' lang='lat' dir='ltr'>pronomine</span> <span class='ocrx_word' id='word_1_79' title='bbox 454 1328 524 1392; x_wconf 89' lang='lat' dir='ltr'>sine</span> <span class='ocrx_word' id='word_1_80' title='bbox 560 1346 660 1391; x_wconf 86' lang='lat' dir='ltr'>causa</span> <span class='ocrx_word' id='word_1_81' title='bbox 694 1329 765 1390; x_wconf 86' lang='lat' dir='ltr'>tam</span> <span class='ocrx_word' id='word_1_82' title='bbox 800 1326 894 1407; x_wconf 81' lang='lat' dir='ltr'>longe</span> <span class='ocrx_word' id='word_1_83' title='bbox 929 1324 971 1388; x_wconf 89' lang='lat' dir='ltr'>ab</span> <span class='ocrx_word' id='word_1_84' title='bbox 1006 1323 1097 1388; x_wconf 92' lang='lat' dir='ltr'>initio</span> <span class='ocrx_word' id='word_1_85' title='bbox 1128 1324 1258 1389; x_wconf 87' lang='lat' dir='ltr'>reiect.</span> <span class='ocrx_word' id='word_1_86' title='bbox 1343 1383 1347 1390; x_wconf 92' lang='lat'>.</span> 
     </span>
     <span class='ocr_line' id='line_1_11' title="bbox 59 1430 1259 1516; baseline -0.006 -15"><span class='ocrx_word' id='word_1_87' title='bbox 59 1435 278 1501; x_wconf 88' lang='lat' dir='ltr'>Scribendum</span> <span class='ocrx_word' id='word_1_88' title='bbox 302 1438 352 1498; x_wconf 90' lang='lat' dir='ltr'>est</span> <span class='ocrx_word' id='word_1_89' title='bbox 374 1434 485 1516; x_wconf 77' lang='lat' dir='ltr'>igitur:</span> <span class='ocrx_word' id='word_1_90' title='bbox 517 1434 639 1498; x_wconf 79' lang='lat' dir='ltr'>Datum</span> <span class='ocrx_word' id='word_1_91' title='bbox 663 1454 726 1497; x_wconf 80' lang='lat' dir='ltr'>esse</span> <span class='ocrx_word' id='word_1_92' title='bbox 750 1434 841 1496; x_wconf 82' lang='lat' dir='ltr'>ciunt</span> <span class='ocrx_word' id='word_1_93' title='bbox 863 1432 936 1495; x_wconf 78' lang='lat' dir='ltr'>heic</span> <span class='ocrx_word' id='word_1_94' title='bbox 959 1431 996 1496; x_wconf 89' lang='lat' dir='ltr'>P.</span> <span class='ocrx_word' id='word_1_95' title='bbox 1021 1430 1155 1508; x_wconf 61' lang='lat' dir='ltr'>licinio,</span> <span class='ocrx_word' id='word_1_96' title='bbox 1186 1449 1259 1513; x_wconf 83' lang='lat' dir='ltr'>eam</span> 
     </span>
     <span class='ocr_line' id='line_1_12' title="bbox 59 1537 1259 1624; baseline -0.006 -17"><span class='ocrx_word' id='word_1_97' title='bbox 59 1561 192 1624; x_wconf 75' lang='lat' dir='ltr'>quomre</span> <span class='ocrx_word' id='word_1_98' title='bbox 215 1542 257 1606; x_wconf 92' lang='lat' dir='ltr'>ob</span> <span class='ocrx_word' id='word_1_99' title='bbox 282 1561 426 1617; x_wconf 87' lang='lat' dir='ltr'>causam,</span> <span class='ocrx_word' id='word_1_100' title='bbox 451 1540 539 1623; x_wconf 92' lang='lat' dir='ltr'>quod</span> <span class='ocrx_word' id='word_1_101' title='bbox 563 1560 639 1605; x_wconf 90' lang='lat' dir='ltr'>eum</span> <span class='ocrx_word' id='word_1_102' title='bbox 663 1541 829 1605; x_wconf 90' lang='lat' dir='ltr'>hominem</span> <span class='ocrx_word' id='word_1_103' title='bbox 852 1538 979 1615; x_wconf 87' lang='lat' dir='ltr'>adesse,</span> <span class='ocrx_word' id='word_1_104' title='bbox 1015 1538 1144 1619; x_wconf 91' lang='lat' dir='ltr'>dequo</span> <span class='ocrx_word' id='word_1_105' title='bbox 1168 1537 1259 1601; x_wconf 90' lang='lat' dir='ltr'>dein·</span> 
     </span>
     <span class='ocr_line' id='line_1_13' title="bbox 58 1643 1261 1732; baseline -0.007 -18"><span class='ocrx_word' id='word_1_106' title='bbox 58 1668 137 1730; x_wconf 89' lang='lat' dir='ltr'>ceps</span> <span class='ocrx_word' id='word_1_107' title='bbox 165 1668 226 1732; x_wconf 86' lang='lat' dir='ltr'>per</span> <span class='ocrx_word' id='word_1_108' title='bbox 255 1652 361 1713; x_wconf 86' lang='lat' dir='ltr'>tolum</span> <span class='ocrx_word' id='word_1_109' title='bbox 391 1650 497 1713; x_wconf 93' lang='lat' dir='ltr'>locum</span> <span class='ocrx_word' id='word_1_110' title='bbox 527 1649 642 1729; x_wconf 81' lang='lat' dir='ltr'>agitur,</span> <span class='ocrx_word' id='word_1_111' title='bbox 678 1648 790 1711; x_wconf 87' lang='lat' dir='ltr'>statim</span> <span class='ocrx_word' id='word_1_112' title='bbox 825 1644 1056 1710; x_wconf 89' lang='lat' dir='ltr'>declarandum</span> <span class='ocrx_word' id='word_1_113' title='bbox 1093 1647 1174 1708; x_wconf 88' lang='lat' dir='ltr'>erat.</span> <span class='ocrx_word' id='word_1_114' title='bbox 1220 1643 1261 1707; x_wconf 84' lang='lat' dir='ltr'>Et</span> 
     </span>
     <span class='ocr_line' id='line_1_14' title="bbox 58 1750 1357 1834; baseline -0.006 -14"><span class='ocrx_word' id='word_1_115' title='bbox 58 1756 193 1820; x_wconf 76' lang='lat' dir='ltr'>affirisse</span> <span class='ocrx_word' id='word_1_116' title='bbox 224 1755 381 1820; x_wconf 90' lang='lat' dir='ltr'>Licinium</span> <span class='ocrx_word' id='word_1_117' title='bbox 410 1756 528 1819; x_wconf 92' lang='lat' dir='ltr'>iudicio</span> <span class='ocrx_word' id='word_1_118' title='bbox 556 1755 589 1818; x_wconf 91' lang='lat' dir='ltr'>in</span> <span class='ocrx_word' id='word_1_119' title='bbox 612 1754 659 1818; x_wconf 91' lang='lat' dir='ltr'>rei</span> <span class='ocrx_word' id='word_1_120' title='bbox 682 1753 853 1830; x_wconf 84' lang='lat' dir='ltr'>subselliis,</span> <span class='ocrx_word' id='word_1_121' title='bbox 889 1755 980 1834; x_wconf 88' lang='lat' dir='ltr'>patet</span> <span class='ocrx_word' id='word_1_122' title='bbox 1013 1771 1053 1815; x_wconf 84' lang='lat' dir='ltr'>ex</span> <span class='ocrx_word' id='word_1_123' title='bbox 1077 1770 1103 1814; x_wconf 91' lang='lat' dir='ltr'>c.</span> <span class='ocrx_word' id='word_1_124' title='bbox 1129 1750 1181 1826; x_wconf 78' lang='lat'>28,</span> <span class='ocrx_word' id='word_1_125' title='bbox 1218 1750 1258 1814; x_wconf 88' lang='grc'>67</span> <span class='ocrx_word' id='word_1_126' title='bbox 1355 1783 1357 1787; x_wconf 93' lang='grc'>-</span> 
     </span>
     <span class='ocr_line' id='line_1_15' title="bbox 60 1860 640 1946; baseline -0.003 -20"><span class='ocrx_word' id='word_1_127' title='bbox 60 1860 140 1944; x_wconf 84' lang='lat' dir='ltr'>(tam</span> <span class='ocrx_word' id='word_1_128' title='bbox 164 1860 363 1944; x_wconf 71' lang='lat' dir='ltr'>imbecillum,</span> <span class='ocrx_word' id='word_1_129' title='bbox 387 1883 481 1946; x_wconf 84' lang='lat' dir='ltr'>quam</span> <span class='ocrx_word' id='word_1_130' title='bbox 505 1860 640 1943; x_wconf 70' lang='lat' dir='ltr'>oiddia).</span> 
     </span>
    </p>

    <p class='ocr_par' dir='ltr' id='par_1_3' title="bbox 57 1965 1375 3115">
     <span class='ocr_line' id='line_1_16' title="bbox 149 1965 1375 2048; baseline -0.005 -16"><span class='ocrx_word' id='word_1_131' title='bbox 149 1967 185 2032; x_wconf 88' lang='lat' dir='ltr'>C.</span> <span class='ocrx_word' id='word_1_132' title='bbox 209 1968 262 2046; x_wconf 80' lang='lat'>28,</span> <span class='ocrx_word' id='word_1_133' title='bbox 295 1969 335 2033; x_wconf 89' lang='grc'>67</span> <span class='ocrx_word' id='word_1_134' title='bbox 366 1969 488 2033; x_wconf 84' lang='lat' dir='ltr'>editur:</span> <span class='ocrx_word' id='word_1_135' title='bbox 523 1968 586 2032; x_wconf 80' lang='lat' dir='ltr'>Sed</span> <span class='ocrx_word' id='word_1_136' title='bbox 614 1969 643 2032; x_wconf 80' lang='lat' dir='ltr'>ci</span> <span class='ocrx_word' id='word_1_137' title='bbox 672 1988 722 2030; x_wconf 86' lang='lat' dir='ltr'>me</span> <span class='ocrx_word' id='word_1_138' title='bbox 746 1966 891 2048; x_wconf 78' lang='lat' dir='ltr'>audiant,</span> <span class='ocrx_word' id='word_1_139' title='bbox 926 1972 1041 2029; x_wconf 79' lang='lat' dir='ltr'>oaoerrt</span> <span class='ocrx_word' id='word_1_140' title='bbox 1069 1965 1169 2044; x_wconf 80' lang='lat' dir='ltr'>ctiam</span> <span class='ocrx_word' id='word_1_141' title='bbox 1192 1985 1261 2047; x_wconf 87' lang='lat' dir='ltr'>ope·</span> <span class='ocrx_word' id='word_1_142' title='bbox 1371 1967 1375 1974; x_wconf 60' lang='lat'><em>⁴</em></span> 
     </span>
     <span class='ocr_line' id='line_1_17' title="bbox 58 2071 1341 2160; baseline -0.004 -21"><span class='ocrx_word' id='word_1_143' title='bbox 58 2095 143 2156; x_wconf 85' lang='lat' dir='ltr'>ram,</span> <span class='ocrx_word' id='word_1_144' title='bbox 169 2076 269 2140; x_wconf 80' lang='lat' dir='ltr'>aliam</span> <span class='ocrx_word' id='word_1_145' title='bbox 291 2077 400 2139; x_wconf 77' lang='lat' dir='ltr'>ineant</span> <span class='ocrx_word' id='word_1_146' title='bbox 420 2077 573 2160; x_wconf 74' lang='lat' dir='ltr'>qratiam,</span> <span class='ocrx_word' id='word_1_147' title='bbox 605 2077 640 2139; x_wconf 83' lang='lat' dir='ltr'>irr</span> <span class='ocrx_word' id='word_1_148' title='bbox 669 2076 744 2138; x_wconf 83' lang='lat' dir='ltr'>aliis</span> <span class='ocrx_word' id='word_1_149' title='bbox 767 2095 799 2137; x_wconf 83' lang='lat' dir='ltr'>ce</span> <span class='ocrx_word' id='word_1_150' title='bbox 821 2072 913 2136; x_wconf 79' lang='lat' dir='ltr'>rebus</span> <span class='ocrx_word' id='word_1_151' title='bbox 935 2078 1093 2135; x_wconf 76' lang='lat' dir='ltr'>ostentent.</span> <span class='ocrx_word' id='word_1_152' title='bbox 1140 2071 1261 2135; x_wconf 90' lang='lat' dir='ltr'>Verum</span> <span class='ocrx_word' id='word_1_153' title='bbox 1338 2122 1341 2127; x_wconf 92' lang='lat'>.</span> 
     </span>
     <span class='ocr_line' id='line_1_18' title="bbox 58 2177 1260 2264; baseline -0.005 -18"><span class='ocrx_word' id='word_1_154' title='bbox 58 2183 122 2246; x_wconf 89' lang='lat' dir='ltr'>hac</span> <span class='ocrx_word' id='word_1_155' title='bbox 145 2183 384 2247; x_wconf 87' lang='lat' dir='ltr'>sententiarum</span> <span class='ocrx_word' id='word_1_156' title='bbox 407 2182 513 2246; x_wconf 87' lang='lat' dir='ltr'>forma</span> <span class='ocrx_word' id='word_1_157' title='bbox 541 2181 771 2264; x_wconf 76' lang='lat' dir='ltr'>significamuS,</span> <span class='ocrx_word' id='word_1_158' title='bbox 802 2179 879 2261; x_wconf 92' lang='lat' dir='ltr'>quid</span> <span class='ocrx_word' id='word_1_159' title='bbox 909 2198 979 2243; x_wconf 90' lang='lat' dir='ltr'>esse</span> <span class='ocrx_word' id='word_1_160' title='bbox 1002 2177 1185 2260; x_wconf 92' lang='lat' dir='ltr'>putandum</span> <span class='ocrx_word' id='word_1_161' title='bbox 1209 2177 1260 2255; x_wconf 87' lang='lat' dir='ltr'>sit,</span> 
     </span>
     <span class='ocr_line' id='line_1_19' title="bbox 59 2284 1262 2370; baseline -0.004 -17"><span class='ocrx_word' id='word_1_162' title='bbox 59 2289 87 2353; x_wconf 93' lang='lat' dir='ltr'>si</span> <span class='ocrx_word' id='word_1_163' title='bbox 110 2288 235 2370; x_wconf 89' lang='lat' dir='ltr'>aliquid</span> <span class='ocrx_word' id='word_1_164' title='bbox 258 2308 344 2352; x_wconf 92' lang='lat' dir='ltr'>nunc</span> <span class='ocrx_word' id='word_1_165' title='bbox 368 2308 439 2353; x_wconf 88' lang='lat' dir='ltr'>esse</span> <span class='ocrx_word' id='word_1_166' title='bbox 468 2288 618 2370; x_wconf 82' lang='lat' dir='ltr'>fingatur,</span> <span class='ocrx_word' id='word_1_167' title='bbox 654 2288 743 2370; x_wconf 95' lang='lat' dir='ltr'>quod</span> <span class='ocrx_word' id='word_1_168' title='bbox 771 2305 836 2350; x_wconf 89' lang='lat' dir='ltr'>non</span> <span class='ocrx_word' id='word_1_169' title='bbox 865 2285 922 2360; x_wconf 78' lang='lat' dir='ltr'>sit3</span> <span class='ocrx_word' id='word_1_170' title='bbox 957 2284 1166 2349; x_wconf 86' lang='lat' dir='ltr'>Cicerocum</span> <span class='ocrx_word' id='word_1_171' title='bbox 1191 2285 1262 2349; x_wconf 90' lang='lat' dir='ltr'>irri-</span> 
     </span>
     <span class='ocr_line' id='line_1_20' title="bbox 59 2390 1263 2477; baseline -0.003 -19"><span class='ocrx_word' id='word_1_172' title='bbox 59 2394 153 2461; x_wconf 88' lang='lat' dir='ltr'>sione</span> <span class='ocrx_word' id='word_1_173' title='bbox 176 2394 346 2459; x_wconf 86' lang='lat' dir='ltr'>consilium</span> <span class='ocrx_word' id='word_1_174' title='bbox 370 2395 442 2471; x_wconf 80' lang='lat' dir='ltr'>dat3</span> <span class='ocrx_word' id='word_1_175' title='bbox 471 2394 504 2458; x_wconf 96' lang='lat' dir='ltr'>id</span> <span class='ocrx_word' id='word_1_176' title='bbox 528 2395 597 2459; x_wconf 86' lang='lat' dir='ltr'>fieri</span> <span class='ocrx_word' id='word_1_177' title='bbox 620 2399 730 2477; x_wconf 86' lang='lat' dir='ltr'>potest</span> <span class='ocrx_word' id='word_1_178' title='bbox 752 2397 811 2458; x_wconf 90' lang='lat' dir='ltr'>aut</span> <span class='ocrx_word' id='word_1_179' title='bbox 833 2392 1045 2456; x_wconf 84' lang='lat' dir='ltr'>condicionali</span> <span class='ocrx_word' id='word_1_180' title='bbox 1070 2392 1177 2468; x_wconf 90' lang='lat' dir='ltr'>modo,</span> <span class='ocrx_word' id='word_1_181' title='bbox 1208 2390 1263 2472; x_wconf 93' lang='lat' dir='ltr'>qui</span> 
     </span>
     <span class='ocr_line' id='line_1_21' title="bbox 59 2498 1263 2583; baseline -0.002 -19"><span class='ocrx_word' id='word_1_182' title='bbox 59 2501 135 2565; x_wconf 88' lang='lat' dir='ltr'>erit:</span> <span class='ocrx_word' id='word_1_183' title='bbox 165 2503 264 2565; x_wconf 82' lang='lat' dir='ltr'>sime</span> <span class='ocrx_word' id='word_1_184' title='bbox 288 2501 418 2565; x_wconf 73' lang='lat' dir='ltr'>audient</span> <span class='ocrx_word' id='word_1_185' title='bbox 441 2499 569 2583; x_wconf 87' lang='lat' dir='ltr'>(audire</span> <span class='ocrx_word' id='word_1_186' title='bbox 593 2499 726 2581; x_wconf 81' lang='lat' dir='ltr'>volent),</span> <span class='ocrx_word' id='word_1_187' title='bbox 761 2498 923 2563; x_wconf 77' lang='lat' dir='ltr'>cacabant</span> <span class='ocrx_word' id='word_1_188' title='bbox 952 2502 1024 2579; x_wconf 79' lang='lat' dir='ltr'>cet,</span> <span class='ocrx_word' id='word_1_189' title='bbox 1060 2502 1117 2563; x_wconf 86' lang='lat' dir='ltr'>aut</span> <span class='ocrx_word' id='word_1_190' title='bbox 1146 2501 1263 2562; x_wconf 79' lang='lat' dir='ltr'>exhor-</span> 
     </span>
     <span class='ocr_line' id='line_1_22' title="bbox 58 2590 1263 2690; baseline -0.003 -18"><span class='ocrx_word' id='word_1_191' title='bbox 58 2606 179 2672; x_wconf 88' lang='lat' dir='ltr'>tando:</span> <span class='ocrx_word' id='word_1_192' title='bbox 215 2607 278 2671; x_wconf 84' lang='lat' dir='ltr'>Sed</span> <span class='ocrx_word' id='word_1_193' title='bbox 307 2629 356 2671; x_wconf 84' lang='lat' dir='ltr'>me</span> <span class='ocrx_word' id='word_1_194' title='bbox 388 2590 546 2686; x_wconf 77' lang='lat' dir='ltr'>audieret,</span> <span class='ocrx_word' id='word_1_195' title='bbox 570 2615 685 2672; x_wconf 79' lang='lat' dir='ltr'>reorent</span> <span class='ocrx_word' id='word_1_196' title='bbox 718 2608 817 2671; x_wconf 83' lang='lat' dir='ltr'>aliam</span> <span class='ocrx_word' id='word_1_197' title='bbox 848 2627 976 2690; x_wconf 83' lang='lat' dir='ltr'>operam</span> <span class='ocrx_word' id='word_1_198' title='bbox 1011 2608 1072 2670; x_wconf 86' lang='lat' dir='ltr'>cet.</span> <span class='ocrx_word' id='word_1_199' title='bbox 1118 2605 1159 2669; x_wconf 84' lang='lat' dir='ltr'>Et</span> <span class='ocrx_word' id='word_1_200' title='bbox 1193 2606 1263 2669; x_wconf 89' lang='lat' dir='ltr'>baec</span> 
     </span>
     <span class='ocr_line' id='line_1_23' title="bbox 58 2710 1262 2793; baseline -0.005 -14"><span class='ocrx_word' id='word_1_201' title='bbox 58 2713 217 2779; x_wconf 89' lang='lat' dir='ltr'>orationis</span> <span class='ocrx_word' id='word_1_202' title='bbox 248 2713 353 2778; x_wconf 87' lang='lat' dir='ltr'>tonna</span> <span class='ocrx_word' id='word_1_203' title='bbox 385 2722 434 2778; x_wconf 85' lang='lat' dir='ltr'>cst</span> <span class='ocrx_word' id='word_1_204' title='bbox 465 2716 499 2779; x_wconf 92' lang='lat' dir='ltr'>in</span> <span class='ocrx_word' id='word_1_205' title='bbox 528 2715 694 2779; x_wconf 82' lang='lat' dir='ltr'>codicibus</span> <span class='ocrx_word' id='word_1_206' title='bbox 717 2715 803 2791; x_wconf 75' lang='lat' dir='ltr'>Par,</span> <span class='ocrx_word' id='word_1_207' title='bbox 839 2713 934 2777; x_wconf 83' lang='lat' dir='ltr'>Bam.</span> <span class='ocrx_word' id='word_1_208' title='bbox 958 2716 1106 2793; x_wconf 89' lang='lat' dir='ltr'>utroque,</span> <span class='ocrx_word' id='word_1_209' title='bbox 1142 2710 1262 2775; x_wconf 84' lang='lat' dir='ltr'>Erfurt.</span> 
     </span>
     <span class='ocr_line' id='line_1_24' title="bbox 59 2816 1263 2900; baseline -0.003 -16"><span class='ocrx_word' id='word_1_210' title='bbox 59 2821 96 2884; x_wconf 94' lang='lat' dir='ltr'>ln</span> <span class='ocrx_word' id='word_1_211' title='bbox 120 2819 227 2884; x_wconf 82' lang='lat' dir='ltr'>uibus</span> <span class='ocrx_word' id='word_1_212' title='bbox 250 2819 489 2885; x_wconf 83' lang='lat' dir='ltr'>Oxonicnsibus</span> <span class='ocrx_word' id='word_1_213' title='bbox 514 2824 547 2885; x_wconf 90' lang='lat' dir='ltr'>ct</span> <span class='ocrx_word' id='word_1_214' title='bbox 576 2822 627 2886; x_wconf 89' lang='lat' dir='ltr'>cd.</span> <span class='ocrx_word' id='word_1_215' title='bbox 653 2842 682 2886; x_wconf 86' lang='lat' dir='ltr'>a.</span> <span class='ocrx_word' id='word_1_216' title='bbox 710 2821 805 2897; x_wconf 80' lang='grc'>1472,</span> <span class='ocrx_word' id='word_1_217' title='bbox 841 2839 883 2883; x_wconf 89' lang='lat' dir='ltr'>ne</span> <span class='ocrx_word' id='word_1_218' title='bbox 911 2819 1072 2900; x_wconf 86' lang='lat' dir='ltr'>particula</span> <span class='ocrx_word' id='word_1_219' title='bbox 1101 2816 1263 2882; x_wconf 90' lang='lat' dir='ltr'>condicio·</span> 
     </span>
     <span class='ocr_line' id='line_1_25' title="bbox 57 2922 1264 3008; baseline -0.005 -17"><span class='ocrx_word' id='word_1_220' title='bbox 57 2926 145 2991; x_wconf 85' lang='lat' dir='ltr'>nalis</span> <span class='ocrx_word' id='word_1_221' title='bbox 169 2926 307 3007; x_wconf 85' lang='lat' dir='ltr'>deesset,</span> <span class='ocrx_word' id='word_1_222' title='bbox 342 2928 398 2992; x_wconf 80' lang='lat' dir='ltr'>sed</span> <span class='ocrx_word' id='word_1_223' title='bbox 429 2928 461 2992; x_wconf 92' lang='lat' dir='ltr'>in</span> <span class='ocrx_word' id='word_1_224' title='bbox 489 2930 518 2992; x_wconf 82' lang='lat' dir='ltr'>si</span> <span class='ocrx_word' id='word_1_225' title='bbox 549 2930 713 2991; x_wconf 90' lang='lat' dir='ltr'>mutatum</span> <span class='ocrx_word' id='word_1_226' title='bbox 743 2930 802 3004; x_wconf 86' lang='lat' dir='ltr'>est,</span> <span class='ocrx_word' id='word_1_227' title='bbox 838 2925 990 3008; x_wconf 88' lang='lat' dir='ltr'>idemque</span> <span class='ocrx_word' id='word_1_228' title='bbox 1013 2926 1206 2988; x_wconf 85' lang='lat' dir='ltr'>annotatum</span> <span class='ocrx_word' id='word_1_229' title='bbox 1231 2922 1264 2985; x_wconf 95' lang='lat' dir='ltr'>in</span> 
     </span>
     <span class='ocr_line' id='line_1_26' title="bbox 57 3028 803 3115; baseline 0 -17"><span class='ocrx_word' id='word_1_230' title='bbox 57 3033 209 3115; x_wconf 80' lang='lat' dir='ltr'>margine</span> <span class='ocrx_word' id='word_1_231' title='bbox 234 3034 304 3099; x_wconf 91' lang='lat' dir='ltr'>cod.</span> <span class='ocrx_word' id='word_1_232' title='bbox 329 3034 425 3099; x_wconf 90' lang='lat' dir='ltr'>Bern.</span> <span class='ocrx_word' id='word_1_233' title='bbox 449 3034 592 3112; x_wconf 89' lang='lat' dir='ltr'>alterius,</span> <span class='ocrx_word' id='word_1_234' title='bbox 617 3028 803 3114; x_wconf 87' lang='lat' dir='ltr'>recentis.¹)</span> 
     </span>
    </p>

    <p class='ocr_par' dir='ltr' id='par_1_4' title="bbox 58 3135 1406 4183">
     <span class='ocr_line' id='line_1_27' title="bbox 152 3135 1264 3220; baseline -0.005 -15"><span class='ocrx_word' id='word_1_235' title='bbox 152 3140 187 3205; x_wconf 89' lang='lat' dir='ltr'>C.</span> <span class='ocrx_word' id='word_1_236' title='bbox 208 3141 262 3218; x_wconf 88' lang='lat'>30,</span> <span class='ocrx_word' id='word_1_237' title='bbox 288 3142 326 3204; x_wconf 92' lang='grc'>71</span> <span class='ocrx_word' id='word_1_238' title='bbox 353 3141 426 3206; x_wconf 93' lang='lat' dir='ltr'>ideo</span> <span class='ocrx_word' id='word_1_239' title='bbox 450 3141 611 3206; x_wconf 88' lang='lat' dir='ltr'>difficilius</span> <span class='ocrx_word' id='word_1_240' title='bbox 635 3144 686 3204; x_wconf 89' lang='lat' dir='ltr'>est</span> <span class='ocrx_word' id='word_1_241' title='bbox 710 3159 822 3204; x_wconf 87' lang='lat' dir='ltr'>veram</span> <span class='ocrx_word' id='word_1_242' title='bbox 846 3138 1041 3220; x_wconf 86' lang='lat' dir='ltr'>scripturam</span> <span class='ocrx_word' id='word_1_243' title='bbox 1065 3136 1208 3217; x_wconf 90' lang='lat' dir='ltr'>reperire</span> <span class='ocrx_word' id='word_1_244' title='bbox 1231 3135 1264 3199; x_wconf 95' lang='lat' dir='ltr'>in</span> 
     </span>
     <span class='ocr_line' id='line_1_28' title="bbox 58 3242 1264 3329; baseline -0.006 -17"><span class='ocrx_word' id='word_1_245' title='bbox 58 3247 210 3312; x_wconf 91' lang='lat' dir='ltr'>codicum</span> <span class='ocrx_word' id='word_1_246' title='bbox 235 3246 384 3312; x_wconf 89' lang='lat' dir='ltr'>dissensu</span> <span class='ocrx_word' id='word_1_247' title='bbox 409 3250 441 3311; x_wconf 91' lang='lat' dir='ltr'>et</span> <span class='ocrx_word' id='word_1_248' title='bbox 464 3247 707 3329; x_wconf 87' lang='lat' dir='ltr'>depravatione,</span> <span class='ocrx_word' id='word_1_249' title='bbox 739 3245 827 3328; x_wconf 92' lang='lat' dir='ltr'>quod</span> <span class='ocrx_word' id='word_1_250' title='bbox 849 3264 902 3310; x_wconf 92' lang='lat' dir='ltr'>res</span> <span class='ocrx_word' id='word_1_251' title='bbox 927 3244 1015 3308; x_wconf 86' lang='lat' dir='ltr'>loeda</span> <span class='ocrx_word' id='word_1_252' title='bbox 1039 3247 1072 3308; x_wconf 89' lang='lat' dir='ltr'>et</span> <span class='ocrx_word' id='word_1_253' title='bbox 1095 3242 1191 3324; x_wconf 82' lang='lat' dir='ltr'>vulgo</span> <span class='ocrx_word' id='word_1_254' title='bbox 1214 3244 1264 3306; x_wconf 91' lang='lat' dir='ltr'>in·</span> 
     </span>
     <span class='ocr_line' id='line_1_29' title="bbox 59 3348 1265 3435; baseline -0.007 -15"><span class='ocrx_word' id='word_1_255' title='bbox 59 3354 160 3420; x_wconf 79' lang='lat' dir='ltr'>famis</span> <span class='ocrx_word' id='word_1_256' title='bbox 195 3354 386 3418; x_wconf 89' lang='lat' dir='ltr'>brevissime</span> <span class='ocrx_word' id='word_1_257' title='bbox 422 3353 631 3435; x_wconf 77' lang='lat' dir='ltr'>significatur.</span> <span class='ocrx_word' id='word_1_258' title='bbox 695 3353 849 3429; x_wconf 76' lang='lat' dir='ltr'>OrelliuS‚</span> <span class='ocrx_word' id='word_1_259' title='bbox 891 3354 1063 3432; x_wconf 89' lang='lat' dir='ltr'>assumpta</span> <span class='ocrx_word' id='word_1_260' title='bbox 1098 3348 1265 3414; x_wconf 86' lang='lat' dir='ltr'>Garatonii</span> 
     </span>
     <span class='ocr_line' id='line_1_30' title="bbox 60 3455 1265 3541; baseline -0.007 -16"><span class='ocrx_word' id='word_1_261' title='bbox 60 3461 259 3539; x_wconf 87' lang='lat' dir='ltr'>coniectura,</span> <span class='ocrx_word' id='word_1_262' title='bbox 284 3460 400 3525; x_wconf 87' lang='lat' dir='ltr'>edidit:</span> <span class='ocrx_word' id='word_1_263' title='bbox 424 3468 459 3524; x_wconf 76' lang='lat' dir='ltr'>ret</span> <span class='ocrx_word' id='word_1_264' title='bbox 481 3461 541 3524; x_wconf 74' lang='lat' dir='ltr'>raa</span> <span class='ocrx_word' id='word_1_265' title='bbox 563 3467 649 3524; x_wconf 65' lang='lat' dir='ltr'>vaus</span> <span class='ocrx_word' id='word_1_266' title='bbox 674 3461 797 3524; x_wconf 74' lang='lat' dir='ltr'>aeraria</span> <span class='ocrx_word' id='word_1_267' title='bbox 818 3458 935 3541; x_wconf 68' lang='lat' dir='ltr'>fabulo</span> <span class='ocrx_word' id='word_1_268' title='bbox 957 3457 1178 3540; x_wconf 80' lang='lat' dir='ltr'>refricaretur.</span> <span class='ocrx_word' id='word_1_269' title='bbox 1225 3455 1265 3518; x_wconf 85' lang='lat' dir='ltr'>Et</span> 
     </span>
     <span class='ocr_line' id='line_1_31' title="bbox 60 3561 1264 3650; baseline -0.007 -17"><span class='ocrx_word' id='word_1_270' title='bbox 60 3568 232 3633; x_wconf 83' lang='lat' dir='ltr'>Garatonii</span> <span class='ocrx_word' id='word_1_271' title='bbox 255 3568 387 3650; x_wconf 92' lang='lat' dir='ltr'>quidem</span> <span class='ocrx_word' id='word_1_272' title='bbox 411 3567 597 3632; x_wconf 84' lang='lat' dir='ltr'>emendatio</span> <span class='ocrx_word' id='word_1_273' title='bbox 621 3566 770 3650; x_wconf 79' lang='lat' dir='ltr'>(erario)</span> <span class='ocrx_word' id='word_1_274' title='bbox 795 3586 895 3648; x_wconf 92' lang='lat' dir='ltr'>quum</span> <span class='ocrx_word' id='word_1_275' title='bbox 919 3565 1062 3647; x_wconf 85' lang='lat' dir='ltr'>alioquin</span> <span class='ocrx_word' id='word_1_276' title='bbox 1085 3561 1264 3644; x_wconf 89' lang='lat' dir='ltr'>probabilis</span> 
     </span>
     <span class='ocr_line' id='line_1_32' title="bbox 60 3666 1265 3756; baseline -0.007 -17"><span class='ocrx_word' id='word_1_277' title='bbox 60 3678 124 3753; x_wconf 88' lang='lat' dir='ltr'>est,</span> <span class='ocrx_word' id='word_1_278' title='bbox 148 3678 219 3738; x_wconf 91' lang='lat' dir='ltr'>tum</span> <span class='ocrx_word' id='word_1_279' title='bbox 244 3674 391 3739; x_wconf 90' lang='lat' dir='ltr'>codicum</span> <span class='ocrx_word' id='word_1_280' title='bbox 415 3675 585 3755; x_wconf 88' lang='lat' dir='ltr'>scripturae</span> <span class='ocrx_word' id='word_1_281' title='bbox 608 3672 769 3756; x_wconf 63' lang='lat' dir='ltr'>(afraria)</span> <span class='ocrx_word' id='word_1_282' title='bbox 793 3672 960 3755; x_wconf 84' lang='lat' dir='ltr'>proxima;</span> <span class='ocrx_word' id='word_1_283' title='bbox 983 3670 1109 3734; x_wconf 79' lang='lat' dir='ltr'>Afranii</span> <span class='ocrx_word' id='word_1_284' title='bbox 1132 3666 1265 3750; x_wconf 92' lang='lat' dir='ltr'>quidem</span> 
     </span>
     <span class='ocr_line' id='line_1_33' title="bbox 60 3775 1406 3861; baseline -0.006 -16"><span class='ocrx_word' id='word_1_285' title='bbox 60 3800 185 3846; x_wconf 88' lang='lat' dir='ltr'>nomen</span> <span class='ocrx_word' id='word_1_286' title='bbox 212 3780 288 3845; x_wconf 92' lang='lat' dir='ltr'>hinc</span> <span class='ocrx_word' id='word_1_287' title='bbox 317 3782 552 3846; x_wconf 90' lang='lat' dir='ltr'>alienissimum</span> <span class='ocrx_word' id='word_1_288' title='bbox 582 3784 647 3857; x_wconf 89' lang='lat' dir='ltr'>est;</span> <span class='ocrx_word' id='word_1_289' title='bbox 683 3800 759 3844; x_wconf 89' lang='lat' dir='ltr'>nam</span> <span class='ocrx_word' id='word_1_290' title='bbox 795 3799 902 3861; x_wconf 89' lang='lat' dir='ltr'>neque</span> <span class='ocrx_word' id='word_1_291' title='bbox 937 3778 1117 3843; x_wconf 85' lang='lat' dir='ltr'>Afraniana</span> <span class='ocrx_word' id='word_1_292' title='bbox 1153 3775 1265 3839; x_wconf 86' lang='lat' dir='ltr'>fabula</span> <span class='ocrx_word' id='word_1_293' title='bbox 1279 3798 1320 3839; x_wconf 75' lang='lat' dir='ltr'>ros</span> <span class='ocrx_word' id='word_1_294' title='bbox 1404 3805 1406 3808; x_wconf 95' lang='lat'>·</span> 
     </span>
     <span class='ocr_line' id='line_1_34' title="bbox 61 3882 1266 3970; baseline -0.007 -17"><span class='ocrx_word' id='word_1_295' title='bbox 61 3887 253 3970; x_wconf 85' lang='lat' dir='ltr'>simpliciter</span> <span class='ocrx_word' id='word_1_296' title='bbox 276 3887 442 3970; x_wconf 90' lang='lat' dir='ltr'>impudica</span> <span class='ocrx_word' id='word_1_297' title='bbox 465 3888 528 3951; x_wconf 89' lang='lat' dir='ltr'>dici</span> <span class='ocrx_word' id='word_1_298' title='bbox 551 3890 690 3969; x_wconf 86' lang='lat' dir='ltr'>poterat,</span> <span class='ocrx_word' id='word_1_299' title='bbox 727 3888 760 3951; x_wconf 92' lang='lat' dir='ltr'>et</span> <span class='ocrx_word' id='word_1_300' title='bbox 790 3886 908 3950; x_wconf 85' lang='lat' dir='ltr'>certior</span> <span class='ocrx_word' id='word_1_301' title='bbox 936 3885 1105 3968; x_wconf 81' lang='lat' dir='ltr'>magisque</span> <span class='ocrx_word' id='word_1_302' title='bbox 1134 3882 1266 3964; x_wconf 89' lang='lat' dir='ltr'>propria</span> 
     </span>
     <span class='ocr_line' id='line_1_35' title="bbox 61 3991 1267 4077; baseline -0.005 -19"><span class='ocrx_word' id='word_1_303' title='bbox 61 3994 110 4059; x_wconf 89' lang='lat' dir='ltr'>rei</span> <span class='ocrx_word' id='word_1_304' title='bbox 134 3994 278 4059; x_wconf 82' lang='lat' dir='ltr'>ridiculoe</span> <span class='ocrx_word' id='word_1_305' title='bbox 301 3995 493 4077; x_wconf 82' lang='lat' dir='ltr'>significatio</span> <span class='ocrx_word' id='word_1_306' title='bbox 516 3994 701 4077; x_wconf 89' lang='lat' dir='ltr'>requiritur.</span> <span class='ocrx_word' id='word_1_307' title='bbox 747 3992 814 4057; x_wconf 88' lang='lat' dir='ltr'>Sed</span> <span class='ocrx_word' id='word_1_308' title='bbox 842 3992 931 4074; x_wconf 91' lang='lat' dir='ltr'>quod</span> <span class='ocrx_word' id='word_1_309' title='bbox 958 3994 1123 4056; x_wconf 89' lang='lat' dir='ltr'>retentum</span> <span class='ocrx_word' id='word_1_310' title='bbox 1153 3991 1267 4054; x_wconf 86' lang='lat' dir='ltr'>estex</span> 
     </span>
     <span class='ocr_line' id='line_1_36' title="bbox 63 4098 1265 4183; baseline -0.005 -18"><span class='ocrx_word' id='word_1_311' title='bbox 63 4100 287 4183; x_wconf 89' lang='lat' dir='ltr'>superioribus</span> <span class='ocrx_word' id='word_1_312' title='bbox 323 4101 519 4167; x_wconf 90' lang='lat' dir='ltr'>editionibus</span> <span class='ocrx_word' id='word_1_313' title='bbox 559 4100 786 4183; x_wconf 70' lang='lat' dir='ltr'>refricaretur,</span> <span class='ocrx_word' id='word_1_314' title='bbox 827 4099 935 4163; x_wconf 93' lang='lat' dir='ltr'>minus</span> <span class='ocrx_word' id='word_1_315' title='bbox 976 4098 1108 4180; x_wconf 89' lang='lat' dir='ltr'>probari</span> <span class='ocrx_word' id='word_1_316' title='bbox 1148 4099 1265 4177; x_wconf 87' lang='lat' dir='ltr'>potest.</span> 
     </span>
    </p>
   </div>
   <div class='ocr_carea' id='block_1_3' title="bbox 91 4340 1266 4507">
    <p class='ocr_par' dir='ltr' id='par_1_5' title="bbox 91 4340 1266 4507">
     <span class='ocr_line' id='line_1_37' title="bbox 91 4340 1266 4416; baseline -0.009 -11"><span class='ocrx_word' id='word_1_317' title='bbox 91 4347 115 4416; x_wconf 91' lang='lat'>¹)</span> <span class='ocrx_word' id='word_1_318' title='bbox 134 4346 232 4416; x_wconf 85' lang='lat' dir='ltr'>[Recte</span> <span class='ocrx_word' id='word_1_319' title='bbox 250 4349 390 4403; x_wconf 84' lang='lat' dir='ltr'>codicibus</span> <span class='ocrx_word' id='word_1_320' title='bbox 407 4350 554 4403; x_wconf 87' lang='lat' dir='ltr'>obsecutus</span> <span class='ocrx_word' id='word_1_321' title='bbox 573 4365 648 4408; x_wconf 84' lang='lat' dir='ltr'>sum;</span> <span class='ocrx_word' id='word_1_322' title='bbox 677 4348 725 4402; x_wconf 83' lang='lat' dir='ltr'>sed</span> <span class='ocrx_word' id='word_1_323' title='bbox 744 4348 872 4402; x_wconf 88' lang='lat' dir='ltr'>scribitur</span> <span class='ocrx_word' id='word_1_324' title='bbox 894 4353 988 4401; x_wconf 83' lang='lat' dir='ltr'>tamen</span> <span class='ocrx_word' id='word_1_325' title='bbox 1013 4345 1086 4415; x_wconf 86' lang='lat' dir='ltr'>apud</span> <span class='ocrx_word' id='word_1_326' title='bbox 1111 4343 1163 4397; x_wconf 86' lang='lat' dir='ltr'>Cic.</span> <span class='ocrx_word' id='word_1_327' title='bbox 1184 4343 1217 4395; x_wconf 88' lang='lat' dir='ltr'>dc</span> <span class='ocrx_word' id='word_1_328' title='bbox 1235 4340 1266 4394; x_wconf 90' lang='lat' dir='ltr'>N.</span> 
     </span>
     <span class='ocr_line' id='line_1_38' title="bbox 135 4428 1146 4507; baseline -0.008 -14"><span class='ocrx_word' id='word_1_329' title='bbox 135 4439 169 4493; x_wconf 89' lang='lat' dir='ltr'>D.</span> <span class='ocrx_word' id='word_1_330' title='bbox 188 4438 221 4503; x_wconf 87' lang='lat'>11,</span> <span class='ocrx_word' id='word_1_331' title='bbox 241 4439 284 4504; x_wconf 87' lang='grc'>67,</span> <span class='ocrx_word' id='word_1_332' title='bbox 304 4437 369 4492; x_wconf 80' lang='lat'><strong>168:</strong></span> <span class='ocrx_word' id='word_1_333' title='bbox 392 4440 433 4492; x_wconf 73' lang='lat' dir='ltr'>ite</span> <span class='ocrx_word' id='word_1_334' title='bbox 452 4479 459 4491; x_wconf 91' lang='lat'>.</span> <span class='ocrx_word' id='word_1_335' title='bbox 480 4479 486 4492; x_wconf 89' lang='lat'>.</span> <span class='ocrx_word' id='word_1_336' title='bbox 505 4442 531 4492; x_wconf 81' lang='lat' dir='ltr'>si</span> <span class='ocrx_word' id='word_1_337' title='bbox 547 4455 589 4491; x_wconf 86' lang='lat' dir='ltr'>me</span> <span class='ocrx_word' id='word_1_338' title='bbox 607 4440 715 4507; x_wconf 62' lang='lat' dir='ltr'>ardiae,</span> <span class='ocrx_word' id='word_1_339' title='bbox 734 4439 846 4492; x_wconf 76' lang='lat' dir='ltr'>eandem</span> <span class='ocrx_word' id='word_1_340' title='bbox 865 4452 977 4489; x_wconf 78' lang='lat' dir='ltr'>caucam</span> <span class='ocrx_word' id='word_1_341' title='bbox 996 4451 1064 4503; x_wconf 71' lang='lat' dir='ltr'>apoc</span> <span class='ocrx_word' id='word_1_342' title='bbox 1083 4428 1146 4498; x_wconf 80' lang='lat' dir='ltr'>cet]</span> 
     </span>
    </p>
   </div>
   <div class='ocr_carea' id='block_1_4' title="bbox 0 0 1489 5190">
    <p class='ocr_par' dir='ltr' id='par_1_6' title="bbox 0 0 1489 5190">
     <span class='ocr_line' id='line_1_39' title="bbox 0 0 1489 5190; baseline 0 0"><span class='ocrx_word' id='word_1_343' title='bbox 0 0 1489 5190; x_wconf 95' lang='lat' dir='ltr'> </span> 
     </span>
    </p>
   </div>
  </div>
 </body>
</html>
