2948 5206
705 342 767 406 747

132 540 204 602 tum
228 536 318 618 quod
339 536 420 601 nihil
443 537 576 602 omnino
600 538 642 602 ad
671 557 741 603 rem
764 539 916 621 pertinet,
949 540 1133 620 gratuitone
1163 559 1205 603 an
1235 540 1339 621 pretio

133 644 250 709 civitas
278 643 357 708 data
387 645 439 708 sit.
486 644 599 727 Itaque
628 643 698 722 luit,
734 645 790 727 qui
818 665 882 708 non
912 652 1044 729 arcente
1075 647 1243 721 scriberet,
1279 665 1340 710 nec

133 750 278 834 alioquin
309 753 386 832 apte
418 749 509 834 (nam
540 752 582 816 de
613 771 714 834 opera
744 751 884 816 libenter
914 752 1104 834 rogantibus
1136 753 1275 835 praebita
1305 753 1338 817 id

133 855 267 939 dicitur)
291 860 324 920 et
347 859 519 940 negatione
542 857 621 923 satis
645 859 780 924 licenter
804 859 928 923 addita.
974 859 1052 923 Mihi
1075 860 1146 923 haec
1171 861 1239 924 visa
1263 865 1339 924 sunt

133 969 207 1032 orta
239 984 310 1029 esse
342 984 382 1029 ex
412 965 570 1030 vocabulo
598 967 632 1029 in
660 966 808 1047 proximo
837 985 934 1030 versu
957 965 1003 1029 ita
1026 985 1085 1047 per
1109 967 1339 1048 compendium

133 1072 256 1154 scripto
280 1079 313 1136 et
336 1072 516 1154 depravato
540 1072 589 1154 (in
609 1055 695 1157 ffel,
727 1076 764 1136 ut
793 1073 979 1137 coniectura
1007 1073 1097 1136 varie
1121 1073 1338 1155 expediretur.

133 1179 250 1263 Itaque
272 1180 413 1263 qratuito
436 1179 562 1243 sustuli.
571 1174 597 1261 ¹)

223 1285 335 1350 Unum
359 1285 491 1363 addam,
521 1287 554 1350 in
577 1282 595 1366 g
620 1285 641 1350 5
664 1286 834 1350 Halmium
858 1285 965 1349 minus
989 1288 1077 1350 recte
1100 1287 1149 1362 iis,
1181 1307 1254 1368 quae
1280 1307 1339 1370 ego

134 1392 211 1457 olim
237 1390 436 1474 (Emendatt.
460 1413 493 1474 p.
519 1393 592 1471 181,
617 1392 737 1475 Opusc.
761 1391 1060 1474 Acad.11p.281)
1084 1393 1125 1457 de
1150 1393 1238 1458 Laelii
1261 1391 1338 1474 §39

135 1499 309 1581 disputavi,
334 1499 380 1563 ita
403 1518 499 1563 usum
523 1519 604 1576 esse,
629 1503 666 1563 ut
687 1498 722 1563 in
744 1499 795 1563 his
814 1499 939 1563 verbis:
963 1507 998 1562 ut
1014 1499 1136 1580 danus,
1160 1521 1229 1584 qaae
1245 1500 1340 1564 laius

136 1606 354 1669 adolescentiae
371 1607 484 1689 prim
505 1605 581 1687 fnit,
605 1606 714 1670 eadem
740 1613 815 1670 esset
836 1605 1100 1688 familiarissima
1117 1609 1275 1685 senectuti,
1300 1627 1340 1671 ex

133 1712 398 1795 familiarissima
421 1712 454 1776 iu
477 1714 585 1794 priore
607 1717 702 1794 parte
725 1713 895 1777 sententiae
911 1713 1016 1777 audiri
1038 1713 1135 1777 vellet
1148 1714 1339 1795 familiaris.

134 1820 222 1884 Nam
246 1818 357 1883 inille
381 1824 474 1901 parte
498 1820 587 1884 nulla
611 1823 669 1896 est,
703 1839 777 1901 quae
808 1820 922 1884 deesse
946 1839 1012 1883 non
1034 1823 1153 1901 potest,
1188 1821 1340 1885 adiectivi

135 1945 176 1991 ex
199 1925 349 2008 proximo
371 1927 505 2007 petendi
528 1926 719 2009 significatio
742 1926 830 2010 (quae
854 1927 994 2002 adesset,
1019 1928 1047 1990 si
1064 1928 1110 1991 sic
1128 1926 1339 1991 scriberetur:

135 2054 205 2118 para
228 2032 324 2097 huius
347 2032 563 2097 adolescentia
585 2034 794 2118 aliquantum,
830 2033 938 2097 eadem
966 2035 1113 2097 senectuti
1141 2041 1217 2097 esset
1237 2033 1339 2114 fairri-

134 2136 328 2221 liarissima)
359 2144 537 2221 contraque
567 2140 674 2222 posito
709 2140 869 2204 adiectivo
904 2139 1042 2223 wama)
1078 2143 1110 2204 el
1144 2160 1203 2205 suo
1238 2141 1339 2204 verbo

134 2243 229 2329 (fait)
253 2265 292 2310 ea
314 2246 419 2328 ligura
441 2266 576 2328 prorsus
599 2246 791 2310 excluditur.
826 2246 939 2328 ltaque
956 2246 1112 2311 mendum
1129 2246 1196 2311 tolli
1216 2247 1339 2321 debuit,

139 2351 193 2435 [ut
216 2353 413 2417 scriberetur
429 2354 538 2436 patuit
563 2356 620 2416 aut
640 2347 785 2435 facit.]²)

226 2461 262 2523 ln
286 2459 468 2523 Miloniana
492 2480 593 2542 quum
625 2462 719 2523 extra
748 2480 804 2523 eas
835 2459 1023 2542 particulas,
1060 2479 1134 2540 quae
1164 2461 1197 2523 in
1230 2461 1339 2525 codice

133 2566 351 2650 palimpsesto
382 2567 576 2631 Taurinensi
611 2570 796 2648 supersunt,
832 2566 897 2631 duo
932 2567 996 2631 siut
1030 2566 1172 2631 melioris
1209 2567 1339 2631 familiae

133 2674 265 2740 codices
282 2672 376 2755 plene
393 2674 510 2751 collati,
536 2673 733 2738 Erfurtensis
757 2677 789 2737 et
806 2673 1070 2756 Tegemseensis,
1095 2693 1155 2755 ego
1171 2674 1203 2736 in
1222 2676 1338 2738 horum

135 2834 405 2843 ——...———-

165 2920 188 2987 ¹)
207 2919 250 2988 [lu
270 2922 312 2974 ed.
333 2923 349 2973 b'
368 2937 383 2974 e
403 2921 480 2973 codd.
500 2925 567 2974 vest.
587 2920 628 2986 (in
646 2906 699 2990 ρ’ἶᾶ
717 2921 846 2986 hominm)
866 2922 955 2976 effeci:
987 2923 1069 2975 Graii
1087 2922 1214 2980 laninas,
1238 2920 1340 2972 omisso

209 3011 281 3079 quod
301 3010 375 3062 illinc
394 3010 572 3063 coniectando
592 3014 689 3063 nalum
708 3015 757 3073 est,
775 3014 905 3077 pratalia,
925 3011 1014 3078 deque
1028 3027 1079 3063 usu
1092 3009 1220 3063 adiectivi
1236 3011 1340 3062 Graias

210 3099 237 3152 ln
257 3115 338 3167 prosa
356 3099 479 3152 oratione
503 3099 620 3151 conferri
644 3099 711 3152 iussi
735 3099 861 3167 exempla
885 3098 1063 3152 Ciceroniana
1087 3114 1142 3150 non
1168 3098 1259 3151 minus
1282 3115 1340 3166 sep·

209 3193 274 3245 tem.
294 3189 383 3256 posita
402 3188 430 3241 in
450 3188 537 3240 Emm.
557 3186 632 3240 Lirr.
652 3204 677 3255 p.
697 3184 771 3253 457]

164 3275 189 3343 ’)
208 3278 247 3330 Ex
266 3278 425 3345 prefatione
444 3278 486 3330 ed.
505 3277 628 3346 septimae
647 3275 775 3340 (Hauniae
795 3274 887 3339 1885):
910 3276 1030 3340 ,Restat
1050 3280 1080 3327 ut
1099 3275 1190 3328 locum
1210 3275 1341 3328 orationis

205 3383 260 3435 pro
279 3367 361 3419 Arc-lt.
381 3364 397 3431 5
416 3366 433 3418 5
452 3366 603 3419 certissimo
623 3365 723 3418 mendo
742 3364 923 3427 laborantem,
947 3363 995 3431 qui
1019 3380 1071 3427 me,
1096 3363 1203 3432 quoties
1222 3364 1257 3417 ad
1276 3380 1340 3417 eum

210 3454 320 3519 accessi,
340 3454 457 3519 vexavit,
481 3454 554 3523 quod
573 3454 641 3507 nihil
661 3452 844 3516 inveniebam,
869 3453 942 3521 quod
961 3452 1043 3505 simul
1063 3452 1098 3504 ad
1117 3451 1242 3504 codicum
1262 3451 1341 3503 vesti·

210 3544 254 3612 gia
272 3549 299 3598 et
319 3543 353 3597 ad
372 3545 503 3597 orationis
522 3544 639 3597 formam
659 3549 722 3611 apte
742 3541 1004 3602 accommodaretur,
1024 3557 1098 3594 nunc
1112 3545 1284 3609 postremum
1303 3545 1341 3592 at·

210 3633 323 3701 tingam,
342 3634 365 3686 si
384 3649 468 3701 quem
487 3633 511 3686 el
530 3649 612 3701 opem
630 3633 728 3685 afferre
747 3631 858 3699 possim.
895 3631 939 3693 lis,
959 3647 1020 3699 quae
1039 3635 1066 3683 et
1085 3630 1120 3682 ab
1140 3627 1199 3681 aliis
1218 3634 1246 3681 et
1265 3644 1341 3680 ame

210 3722 269 3790 ipso
292 3727 398 3775 tentata
421 3727 493 3786 sunl,
522 3738 608 3790 quum
632 3721 660 3774 in
684 3720 819 3788 corruptis
842 3719 939 3773 litteris
962 3721 1009 3772 sed
1032 3721 1113 3772 amm
1136 3717 1340 3770 substantivum

211 3812 296 3864 latere
314 3815 476 3880 putaremus
495 3808 614 3878 (sipnam
632 3809 676 3863 vel
700 3806 851 3877 apecinaen),
879 3814 979 3876 prater
1001 3807 1094 3861 mendi
1119 3806 1237 3859 lormam
1261 3805 1341 3872 longe

211 3900 405 3953 abhorrentem
425 3900 515 3952 obstat
534 3907 564 3952 nt
582 3898 745 3961 coniunctio,
764 3913 814 3966 pro
833 3913 888 3964 qua
906 3897 1097 3965 postulabatur
1115 3896 1194 3963 qnod,
1218 3900 1246 3947 et
1265 3894 1340 3947 verbi

211 3989 325 4042 subiecti
353 3989 504 4057 imperfecti
533 3992 641 4055 tempus
668 3995 742 4041 esset.
788 3986 911 4053 Utroque
938 3985 991 4038 hoc
1018 3984 1117 4038 indicio
1146 3983 1273 4036 ducimur
1300 3999 1340 4045 ec,

211 4076 276 4146 ipsis
300 4076 383 4130 etiarn
407 4078 559 4130 litterarum
583 4076 678 4129 formis
700 4091 779 4145 praue
802 4073 990 4137 invitantibus,
1018 4079 1049 4126 ut
1073 4072 1186 4141 perlecti
1210 4071 1341 4140 temporis

212 4167 326 4220 verbum
350 4166 462 4219 subesse
485 4165 667 4234 suspicemur,
696 4163 836 4232 pertinens
863 4163 897 4216 ad
921 4162 1098 4216 Lucullorum
1123 4177 1186 4230 erga
1211 4160 1340 4214 Archiam

211 4254 294 4308 studii
313 4254 496 4308 constantiam
516 4254 716 4307 declarandam.
754 4252 849 4319 ltaque
868 4252 992 4320 proxime
1011 4267 1061 4304 nos
1080 4251 1113 4303 ad
1133 4250 1278 4302 veritatem
1297 4263 1342 4300 ac·

212 4360 336 4397 cessuros
355 4348 430 4411 pulo,
449 4343 471 4395 si
491 4342 529 4396 sic
549 4348 637 4396 tolum
656 4343 748 4396 locum
766 4340 969 4409 scripserimus:
999 4340 1098 4391 Statim
1117 4339 1234 4404 Luculli,
1259 4354 1342 4405 quum

207 4440 388 4500 pretextatus
415 4435 495 4485 ctiam
522 4440 579 4485 tuin
603 4434 722 4484 Archias
745 4438 819 4496 esan,
848 4446 907 4481 anm
935 4430 1043 4482 &mum
1070 4444 1150 4480 mam
1176 4433 1341 4494 receperunt.

215 4522 307 4574 Sedit
330 4518 472 4586 (Insedittt
497 4524 544 4573 ita
573 4537 665 4574 amat·
692 4519 779 4585 (codd.
801 4519 854 4572 Sed
880 4521 959 4570 etiam
988 4515 1046 4580 hoc)
1074 4533 1128 4569 non
1155 4517 1242 4569 solum
1269 4518 1342 4582 inpe-

213 4613 254 4663 nii
272 4608 338 4663 cet.“
