2948 5206
660 231 724 346 '151

145 480 252 560 torquent
272 495 307 542 se
330 477 391 541 riri
413 475 512 553 docti,
535 493 637 557 quum
660 477 773 541 tamen
795 496 836 540 ex
859 475 933 541 edd.
957 480 1036 543 vett.
1052 476 1201 562 (quando
1225 480 1298 546 hcr-

143 568 210 666 lrds)
229 603 353 648 aunma
380 583 425 648 sit
451 581 608 666 suspicio,
644 583 678 646 in
712 582 877 648 codicibus
910 604 1044 667 prorsus
1073 585 1162 650 aliud
1190 580 1334 671 legi.¹)'

142 691 197 770 ltu
214 711 280 774 quae
302 690 406 779 levius
429 688 652 767 offendebant,
676 689 880 771 pretermisi.
915 690 982 754 Nec
1004 694 1118 757 tamen
1141 692 1175 758 in
1192 693 1299 776 prima

140 798 380 864 minoratione
403 815 430 860 c.
455 796 486 875 2,
510 796 532 859 4
554 815 610 860 me
631 795 777 874 offendit,
806 796 896 879 quod
918 800 1043 864 ceteros
1067 819 1161 882 paene
1185 821 1299 868 omnes

81 954 84 971 2
139 905 256 972 dores:
289 924 368 967 num
396 922 494 966 coum
517 902 602 966 diem
619 909 730 987 postea
753 901 794 967 L.
817 901 1029 968 Saturninum
1051 905 1213 971 tribunum
1231 909 1300 992 ple·

137 1011 249 1077 ΜΟ.
264 1009 438 1076 Servilium
454 1016 628 1093 pretorem
650 1030 736 1074 mora
757 1030 797 1075 cc
818 1010 867 1074 rei
876 1009 1014 1094 publico
1024 1033 1122 1096 poena
1139 1022 1301 1078 remorato

136 1119 181 1184 cat?
202 1138 271 1202 quoe
297 1116 402 1182 verba
433 1116 582 1181 codicum
610 1136 771 1183 consensu
802 1117 1019 1184 munitissima
1048 1138 1087 1183 ex
1110 1139 1176 1202 quo
1198 1122 1300 1186 semel

134 1231 200 1292 aaut
227 1226 262 1292 in
294 1223 515 1308 suspicionem
549 1225 707 1306 adducta,
743 1225 891 1291 certatim
927 1226 1087 1309 corrigere
1122 1229 1300 1306 tentarunt,

134 1332 233 1415 quidin
256 1332 295 1397 iis
320 1336 408 1397 esset
436 1331 555 1410 vitiosi,
590 1350 708 1415 parum
737 1331 1011 1398 demonstrantes.
1050 1333 1214 1400 'Graviter
1241 1335 1301 1402 ho·

134 1442 209 1505 ninas
229 1439 408 1506 sceleratos
430 1439 523 1522 quasi
552 1442 760 1522 exspectasse
788 1440 853 1504 iam
884 1439 981 1504 nimis
1010 1439 1065 1504 diu
1094 1445 1234 1508 mortem
1263 1462 1302 1509 ac

132 1566 236 1630 penam
256 1550 369 1613 orator
391 1545 478 1622 dicit,
503 1565 579 1629 quoe
601 1546 728 1629 pridem
752 1546 865 1612 debita
888 1566 944 1613 eos
967 1548 1061 1629 quasi
1080 1549 1176 1614 tarda
1193 1569 1302 1616 remo·

132 1659 239 1732 aretur,
273 1673 340 1737 quo
368 1653 476 1720 minus
511 1673 560 1732 eo,
596 1672 663 1735 quo
695 1657 838 1733 ruerent,
872 1654 1082 1736 pervenirent
1115 1654 1302 1737 aliquando.

131 1759 243 1826 ltecttnn
265 1764 316 1826 est
338 1761 437 1844 igitur
459 1761 646 1828 remorandi
669 1760 818 1837 verbnm.
865 1760 963 1825 Poeaa
990 1761 1040 1824 rei
1064 1760 1202 1846 publicae
1225 1762 1304 1844 quin

133 1870 284 1934 rectissime
299 1867 428 1933 dicatur
442 1887 542 1952 poena
558 1887 605 1932 rer
597 1867 761 1950 publicas
783 1868 915 1932 nornine
937 1868 980 1932 ob
1005 1867 1074 1932 eius
1090 1868 1224 1934 iniurias
1241 1870 1303 1934 im·

133 1975 223 2056 posita,
255 1974 398 2040 dubitari
428 1995 494 2041 non
523 1975 635 2040 sinunt
663 1973 827 2041 Ciceronis
855 1973 926 2052 loci,
962 1994 1043 2125 quos
1072 1976 1106 2039 in
1135 1975 1236 2058 Epist.
1261 1975 1305 2041 ad

136 2077 211 2146 Orell.
231 2102 262 2164 p
287 2082 352 2146 122
376 2081 499 2164 collegi
508 2074 536 2162 ²)

201 2184 366 2255 munao
391 2189 422 2266 2,
446 2186 664 2252 diccendum
687 2208 753 2252 non
776 2187 951 2270 putabam:
975 2188 1068 2270 nivea,
1092 2195 1120 2252 ct
1142 2189 1225 2252 vives
1247 2189 1304 2270 ita,

137 2299 248 2358 um
268 2296 358 2377 victa
381 2295 491 2358 multas
513 2295 591 2359 meis
607 2301 636 2358 et
649 2294 755 2377 finnio
765 2294 932 2379 presidiis
948 2292 1096 2376 obsessus,
1120 2314 1159 2358 nc
1175 2313 1305 2358 commo-

139 2407 347 2466 mtccontrc
370 2422 437 2466 rem
450 2401 612 2485 padlicam
629 2402 749 2485 possim
772 2419 850 2466 nam
872 2401 956 2465 cioca
972 2408 1001 2464 ct
1015 2402 1098 2465 cives
1114 2400 1160 2465 sic
1178 2401 1305 2479 dicitur,

140 2523 186 2570 uu
207 2507 352 2591 loquendi
383 2508 555 2590 frequenti,
591 2510 749 2590 tanquam
780 2507 960 2573 adscendet
990 2509 1095 2580 oratio
1125 2509 1159 2572 in
1189 2507 1306 2573 eadem

144 2617 270 2681 antemio
292 2619 517 2698 augeaturque
540 2614 745 2679 beneficium.
791 2613 904 2706 Itaque
935 2614 1119 2679 necessario
1146 2615 1208 2679 hoc
1236 2614 1306 2680 loco

146 2716 304 2801 duplicanda
327 2723 436 2788 littera
459 2727 510 2788 est
533 2726 566 2787 et
593 2743 653 2805 pro
676 2722 787 2784 oivcset
818 2721 1026 2785 scribendum
1055 2723 1183 2784 ciocaset
1211 2720 1307 2803 (cioca

148 2822 229 2909 wilfi)
258 2829 365 2895 Genus
394 2830 513 2896 erroris
542 2830 593 2894 vel
616 2829 651 2894 in
674 2830 736 2893 hac
759 2830 830 2911 ipsa
854 2847 932 2893 voce
956 2828 1089 2893 minime
1107 2828 1305 2910 infrequens.
1321 2841 1361 2883 ¹⁸²

81 3110 86 3159 ¹*
172 3122 188 3191 ¹)
200 3126 269 3196 [Hanc
287 3139 380 3189 tamen
398 3132 584 3201 suspicionem
603 3132 710 3186 codices
728 3137 823 3200 postea
842 3132 933 3185 collati
952 3148 1007 3186 non
1026 3130 1245 3199 continuarunt]

81 3214 84 3247 ⁹
174 3209 191 3277 ²)
201 3218 291 3275 Addidit
308 3222 377 3277 alios
395 3222 596 3277 Steinmetzius.

176 3297 289 3376 limus,
307 3311 354 3381 qui
374 3317 415 3366 est
434 3312 463 3365 in
482 3311 557 3366 Verr.
576 3311 622 3374 111,
641 3309 684 3375 82,
704 3308 764 3373 190,
789 3325 844 3362 uon
863 3308 1043 3377 opponendus
1062 3315 1121 3363 erat
1139 3311 1308 3376 correctioni,

205 3398 240 3450 sed
254 3401 344 3454 eodem
365 3401 448 3454 modo
468 3396 665 3469 corrigendus]
702 3398 843 3452 Contrario
866 3398 967 3452 mendo
990 3397 1018 3451 iu
1043 3399 1149 3452 eadem.
1163 3415 1230 3454 voce
1253 3415 1309 3453 cor-

205 3491 265 3554 rupta
281 3495 321 3543 est
338 3489 478 3543 sententia
500 3495 528 3543 et
554 3488 670 3542 elocutio
693 3487 720 3540 iu
745 3487 798 3541 Cic.
818 3487 896 3555 epist.
920 3487 955 3540 ad
978 3487 1074 3540 l'amil.
1093 3488 1163 3553 xlu,
1192 3487 1221 3542 6:
1250 3506 1310 3557 quoe

208 3586 312 3639 rmum
330 3583 361 3632 tn
375 3582 522 3646 provincia
539 3580 654 3644 vomant,
673 3578 762 3631 vuum
775 3585 901 3644 expertus
914 3594 990 3630 esses.
1021 3578 1074 3630 Sed
1085 3585 1175 3630 tomen
1187 3580 1311 3645 suspicor

209 3662 276 3729 ipsum
300 3670 442 3736 lomim,
470 3686 548 3737 quem
574 3669 624 3721 tici
650 3668 810 3732 commendo,
834 3668 1000 3734 perdiynum
1026 3683 1081 3719 eoae
1108 3674 1157 3720 tua
1179 3669 1308 3719 amicitia.

212 3749 253 3805 Nm
271 3759 361 3823 sotum,
389 3760 454 3826 quic
477 3760 545 3811 mitu'
570 3759 688 3825 Cuspius
710 3759 783 3824 dicit,
812 3758 888 3810 credo
917 3761 967 3809 cet.
1010 3754 1134 3809 Ridicule
1157 3755 1250 3809 Cicero
1273 3755 1311 3809 lo·

204 3839 280 3904 uultur
295 3845 326 3898 de
345 3862 376 3899 se
395 3850 527 3914 tanquam
552 3850 672 3915 experto,
701 3845 768 3915 quid
791 3844 819 3897 in
843 3845 984 3913 provincia
1007 3843 1128 3912 praesidis
1152 3842 1238 3912 possit
1262 3843 1311 3899 hu·

213 3930 310 3997 nsum,
336 3935 371 3986 de
390 3933 498 3988 Valerio
523 3939 655 4002 tanquam
678 3952 734 3988 non
758 3939 879 4002 experto,
907 3950 993 4001 quum
1013 3933 1070 4001 ipse
1090 3949 1231 4001 nunquam
1251 3949 1312 4000 pro-

215 4013 302 4074 rincum
328 4022 430 4076 rexerit
457 4021 671 4087 (adolescentem
700 4029 864 4091 quaestorem
893 4022 988 4086 luisse,
1017 4038 1072 4075 uon
1100 4038 1161 4074 sum
1190 4018 1310 4086 oblitus),

216 4098 308 4163 Valerius
329 4127 417 4180 quum
440 4112 560 4166 maxime
584 4118 666 4181 regal.
703 4112 774 4165 Turn
802 4110 886 4179 (quod
914 4110 960 4163 alii
987 4106 1143 4174 senserunt)
1170 4107 1312 4176 perinepte

218 4187 268 4257 tior
290 4203 425 4268 commeari
450 4217 488 4264 se,
516 4217 599 4270 quern
623 4201 806 4264 commendet,
833 4200 937 4253 bonurn
966 4198 1055 4252 virum
1083 4214 1150 4261 esse,
1178 4202 1311 4265 tanquam

217 4288 286 4353 Qun
304 4305 362 4343 esse
380 4288 519 4348 ridentum
548 4295 575 4344 et
599 4290 692 4344 statim
716 4289 794 4358 pouit
817 4289 844 4342 id
866 4306 896 4343 se
920 4290 1033 4341 eredere.
1070 4285 1142 4339 Tum
1166 4294 1255 4339 tamen
1274 4285 1313 4339 iu·

220 4377 362 4431 canotum
380 4383 430 4432 est.
467 4379 624 4433 Pronomen
651 4382 741 4447 ipsum
769 4383 895 4447 apertum
923 4381 965 4430 est
993 4375 1124 4429 indicium
1152 4391 1230 4429 uorae
1254 4390 1313 4428 seu-

221 4458 474 4522 lamentationis
493 4468 528 4521 ab
547 4469 607 4522 aliis
625 4469 707 4522 rebus
725 4468 754 4520 in
773 4469 824 4520 hoc
845 4465 978 4519 vocabulo
997 4464 1032 4517 ad
1052 4464 1192 4518 hominem
1211 4469 1314 4517 transe-

222 4547 281 4603 utiq
302 4553 440 4610 Postremo
458 4556 608 4610 Lambinus
627 4555 720 4619 sensit,
739 4571 850 4624 prorsus
868 4553 969 4622 requiri
986 4552 1124 4608 obiectum
1137 4552 1221 4617 verbi,
1241 4551 1314 4620 quod
