2956 5190
624 270 689 336 563

57 467 166 532 aetatis
187 465 361 548 scriptores
390 463 519 530 Licinus
551 465 619 529 sive
650 465 790 529 Licinius
822 463 954 546 quidam
984 465 1030 530 sic
1059 465 1252 548 appellatur,
1318 549 1321 556 Ι

57 578 96 638 ut
116 573 212 638 unius
234 572 303 637 noti
325 571 466 637 hominis
488 571 620 636 nomine
649 590 708 652 pro
732 571 881 652 exemplo
911 570 1084 654 scriptores
1113 573 1162 637 uli
1193 593 1252 657 ap·
1267 591 1307 634 roa

56 684 183 764 pareat.
218 679 265 743 De
287 697 328 742 eo
350 678 483 742 homine
506 697 608 759 quum
631 677 695 742 alia
718 695 784 741 non
807 677 887 742 satis
911 682 1097 743 constanter
1119 681 1253 745 tradun-

55 791 121 863 tur,
156 790 226 850 tum
255 803 377 849 nomen
409 783 449 862 ei,
484 787 520 848 ut
550 783 633 861 dixi,
668 783 745 848 alibi
774 782 898 862 Licino,
933 784 1009 849 alibi
1042 785 1162 851 Licinio
1193 790 1252 864 est,

56 893 272 974 videnturque
306 890 452 956 nonnulli
486 893 584 972 atque
618 890 702 955 adeo
740 890 886 973 plerique
925 895 1100 974 utrumque
1133 912 1254 958 nomen

56 999 241 1083 promiscue
270 999 347 1080 poni
378 1001 505 1079 putare,
543 998 630 1079 quod
662 997 779 1062 rationi
810 1002 844 1062 et
875 998 1099 1063 consuetudini
1130 998 1254 1064 Latinae

56 1126 190 1188 prorsus
214 1108 384 1188 repugnat.
430 1104 592 1168 Iuvenalis
616 1104 681 1169 duo
712 1107 790 1169 sunt
816 1103 887 1182 loci,
922 1104 1012 1186 prior
1037 1105 1072 1168 in
1100 1108 1162 1171 sat.
1186 1105 1253 1169 lv.

59 1213 134 1291 109,
157 1212 215 1277 ubi
236 1211 406 1277 libertinus
429 1210 621 1293 superbiens

557 1369 635 1451 Ego,
659 1369 770 1454 iuquit,
794 1369 944 1451 possideo
968 1371 1041 1452 plus

261 1476 409 1541 Pallante
433 1479 466 1540 et
489 1475 622 1551 Licinis;

57 1602 141 1666 alter
163 1601 197 1665 in
220 1602 320 1666 satira
342 1599 414 1664 XIV
437 1619 468 1663 v.
492 1599 558 1664 305
581 1603 614 1663 et
636 1598 719 1663 306:

261 1723 432 1806 Dispositis
455 1723 615 1806 praedives
638 1723 746 1788 hamis
768 1722 901 1805 vigilare
925 1723 1092 1790 cohortem

160 1878 164 1883 ·
264 1830 439 1896 Servorum
462 1833 561 1894 noctu
583 1829 713 1894 Licinus
735 1829 836 1894 iubet.
846 1824 872 1910 ¹)

57 1955 206 2021 Eundem
229 1954 361 2020 Persius
384 1954 533 2018 nominat
556 1952 589 2017 in
612 1957 675 2019 sat.
698 1953 850 2018 secundae
874 1975 904 2018 v.
928 1955 986 2019 36:

261 2079 354 2145 Nunc
377 2079 477 2144 Licini
500 2079 534 2143 in
558 2096 702 2160 campos,
726 2096 812 2142 nunc
835 2077 943 2180 Crassi
965 2077 1064 2144 mittit
1084 2080 1118 2144 in
1142 2099 1253 2163 agros;

57 2238 115 2304 uhi
147 2240 229 2303 mire
260 2238 473 2304 Casaubonus
504 2237 546 2302 de
579 2240 690 2300 vetere
720 2236 774 2300 illo
803 2235 935 2299 tribuno
966 2235 1087 2302 Licinio
1121 2237 1254 2304 Stolone

57 2346 187 2428 cogitat,
222 2345 316 2428 quasi
344 2345 413 2409 eius
442 2362 595 2427 agrorum
622 2360 786 2419 mensura,
822 2342 971 2423 quamvis
1000 2361 1061 2407 sua
1089 2341 1159 2424 ipse
1183 2344 1253 2427 lege

56 2452 233 2516 damnatus
256 2452 308 2530 sit,
339 2452 415 2516 huic
443 2449 532 2515 retati
559 2448 711 2531 optabilis
734 2451 767 2513 et
790 2466 864 2512 cum
887 2447 996 2513 Crassi
1018 2448 1144 2515 aedibus
1168 2469 1254 2515 com·

57 2558 206 2640 paranda
228 2557 300 2622 risa
322 2557 374 2622 sit.

146 2664 200 2728 Ad
222 2664 325 2728 Persii
353 2663 459 2727 locum
486 2662 680 2743 scholiastes
707 2660 833 2744 profert
861 2661 1063 2744 epigramma
1090 2662 1254 2741 Varronis

57 2773 95 2834 ut
116 2771 172 2848 ait,
207 2769 295 2850 quod
330 2771 451 2834 omisso
485 2768 628 2833 auctoris
662 2767 792 2833 nornine
827 2768 951 2833 scholia
978 2768 1184 2851 Cmcquiana
1213 2771 1255 2834 ad

56 2874 185 2941 Horatii
208 2875 248 2940 A.
272 2875 309 2940 P.
333 2896 363 2940 u.
388 2875 450 2940 301
476 2875 684 2940 adscribunt:

260 3035 444 3100 Marmoreo
467 3035 596 3099 Licinus
619 3034 745 3099 tumulo
768 3033 863 3113 iacet,
890 3037 925 3098 at
948 3033 1029 3100 Cato
1052 3054 1165 3116 parvo,

260 3141 435 3224 Pompeius
458 3141 561 3218 nullo;
585 3140 657 3223 quis
679 3143 774 3222 putet
797 3159 869 3206 esse
892 3141 993 3206 deos?

55 3299 105 3365 Ac
132 3299 286 3365 Varronis
320 3300 452 3383 quidem
481 3319 602 3364 nomen
635 3300 732 3364 valde
767 3304 817 3385 est
850 3300 1003 3380 dubium,
1038 3299 1193 3382 quoniam
1227 3301 1255 3366 is

56 3406 166 3483 homo,
201 3406 242 3471 de
273 3407 364 3471 cuius
396 3410 608 3472 monumento
633 3408 768 3490 pretiosi
796 3409 899 3493 operia
926 3408 980 3471 oia
1003 3405 1138 3470 Sutorio
1154 3426 1256 3490 prope

55 3512 165 3576 urbem
188 3511 232 3575 od
253 3512 423 3577 secundam
447 3512 586 3597 lapidem
609 3513 813 3597 epigramma
836 3513 1052 3596 compositum
1069 3531 1142 3578 esse
1159 3513 1255 3577 scho-

55 3619 166 3684 liastes
189 3618 298 3697 tradit,
322 3619 444 3684 bonurn
470 3620 667 3702 ceteroquin,
696 3625 734 3685 ut
757 3624 904 3703 apparet,
928 3624 961 3685 ct
984 3619 1152 3702 copiosum
1176 3638 1254 3685 auc·

55 3729 161 3792 torem
185 3745 335 3808 sequens,
371 3726 414 3791 Μ.
438 3726 591 3792 Varronis
622 3731 788 3810 superstes
820 3721 927 3807 luitl)
971 3726 1057 3791 Narn
1089 3729 1122 3790 et
1151 3725 1254 3790 Persii
1267 3750 1307 3790 sor

56 3833 245 3897 scholiastes
278 3836 311 3896 et
340 3832 501 3898 luvenalis
532 3831 589 3916 (ad
617 3837 679 3899 sat.
703 3834 726 3911 I,
757 3833 778 3897 l.
802 3832 833 3910 l.,
868 3832 925 3897 ubi
955 3834 988 3897 in
1018 3831 1110 3897 initio
1142 3832 1254 3897 scholii

83 4094 106 4164 ¹)
125 4098 247 4167 Utroque
265 4098 325 4152 loco
343 4097 493 4166 Rupertius
516 4098 550 4152 de
573 4104 654 4167 gente
673 4097 777 4152 Licinia
796 4102 823 4152 et
841 4095 945 4151 Licinio
963 4096 1081 4167 Augusti
1100 4096 1197 4152 liberto
1216 4097 1255 4152 ita

127 4186 256 4256 loquitur,
276 4187 317 4241 ut*
324 4186 433 4241 diversa
450 4202 510 4240 esse
530 4187 643 4241 nomina
661 4186 847 4243 obliviscatur.

83 4270 107 4340 ³)
125 4273 219 4329 Gallia
236 4280 351 4344 praeerat
370 4275 485 4328 libertus
503 4274 526 4328 is
544 4275 669 4344 Augusti,
694 4276 728 4329 de
753 4292 808 4344 quo
827 4274 924 4344 agitur,
952 4280 1112 4344 procurator
1130 4292 1155 4330 a.
1174 4274 1209 4327 16
1227 4281 1255 4329 et

128 4363 162 4418 15
180 4380 204 4418 a
223 4363 285 4418 Chr.
305 4380 331 4417 u.
351 4362 416 4431 (vid.
435 4363 530 4419 Diouis
548 4363 633 4418 Cassii
651 4364 738 4428 locus,
757 4364 804 4433 qui
822 4379 887 4417 nior
904 4363 1060 4430 afferetur);
1079 4369 1141 4434 post
1159 4380 1254 4433 procu·

101 4496 105 4503 .
127 4452 261 4508 rationem
288 4452 384 4506 Roma
409 4453 504 4520 praeda
530 4468 621 4518 usum,
648 4452 777 4507 ldacrobii
805 4451 926 4507 narratio
953 4452 1105 4522 significare
1132 4452 1254 4511 videtum

127 4541 263 4596 luvenalis
280 4542 439 4597 scholiastes
457 4541 566 4597 'liberio
584 4540 738 4611 imperante
755 4540 845 4596 obisse
864 4539 937 4596 dicit.

1040 4627 1092 4683 36·
