2956 5190
748 289 813 353 286

183 482 328 547 eiusdem
354 483 425 547 libri
450 502 476 546 c.
494 482 547 557 49,
575 484 647 558 121,
672 483 729 546 ubi
752 482 793 546 de
817 483 1022 549 senatoribus
1045 483 1081 548 in
1103 482 1221 549 Siciliae
1241 485 1338 549 unul
1403 505 1419 566 ,ἢ

184 591 245 653 bus
280 589 384 671 pretio
420 609 439 652 a
474 588 573 653 Verre
603 588 697 653 factis
725 589 796 654 hoec
826 590 990 671 leguntur:
1025 609 1210 675 oopuoscere
1235 592 1342 674 poem
1405 624 1412 631 ·

184 743 348 759 ........
350 744 360 776 ,
384 696 559 780 quicunque
581 696 862 791 senatorooluerit
881 695 964 778 fieri,
992 697 1142 781 qtcamois
1159 717 1251 780 puer,
1270 716 1344 783 quo*
1408 722 1419 763 ‘.

184 803 231 866 oie
252 801 413 885 iudiqnus,
438 801 581 885 quantulo
604 822 642 864 ex
664 823 697 866 eo
720 803 795 880 loco,
819 823 858 866 ex
880 823 939 888 quo
961 803 1163 885 conticeret,
1186 805 1215 867 si
1235 805 1347 888 opu·
1411 834 1419 867 ε

184 908 273 992 opud
294 909 389 972 istum
410 906 499 989 fieret
521 907 662 990 idoneus,
686 917 720 973 ut
743 911 887 986 vinceret,
915 910 1038 991 facttum
1064 930 1130 974 cose
1153 930 1279 994 semper.
1312 909 1348 976 Ol·
1413 940 1419 967 ι

186 1015 287 1078 tendit
311 1016 452 1097 primum
477 1017 548 1096 ipsa
568 1015 746 1080 verborum
770 1016 1004 1092 redundantia3
1028 1016 1110 1098 quid
1125 1019 1180 1081 est
1196 1016 1350 1083 enimcliul
1415 1039 1419 1059 ³

184 1121 316 1185 idoneus
347 1120 445 1204 fieret,
480 1130 515 1186 ut
541 1124 686 1197 dirueret,
721 1122 781 1186 nisi
816 1123 972 1187 uinceret?
1007 1122 1044 1199 is,
1081 1142 1185 1204 quem
1219 1124 1352 1206 Zumptiu
1418 1156 1419 1161 κ

186 1227 292 1292 inesse
315 1231 420 1309 putat,
450 1229 540 1310 lepos
564 1229 694 1306 inesset,
726 1230 763 1305 si,
798 1229 926 1293 omissis
949 1229 1019 1292 istis
1042 1236 1078 1293 nl
1101 1231 1250 1308 vinceret,
1280 1234 1354 1295 esset

179 1335 284 1416 prelio
308 1333 395 1417 apud
417 1336 511 1398 letum
532 1336 621 1417 fieret
643 1335 775 1428 idoneus
798 1334 1026 1418 (magistratui,
1051 1336 1105 1400 cui
1128 1336 1356 1419 capiendoal‘u·

186 1440 264 1521 quin
287 1461 352 1505 non
376 1446 461 1506 esset
485 1440 645 1523 idoneus).
691 1441 816 1506 Deinde
839 1442 891 1506 hic
925 1442 1014 1507 locus
1044 1446 1096 1507 est
1125 1462 1213 1508 unus
1240 1443 1272 1508 in
1291 1442 1357 1508 (iu-

186 1535 284 1611 ronis'
297 1547 435 1629 scriptis,
464 1548 498 1612 in
525 1569 590 1630 quo
613 1548 744 1613 idoneus
766 1556 801 1612 ui
823 1549 964 1623 dicatum
999 1568 1077 1613 nam
1102 1553 1187 1614 orat.
1211 1570 1270 1632 pro
1289 1549 1358 1615 Dour.

186 1673 213 1716 c.
238 1654 277 1717 51
305 1660 385 1719 extr.
410 1659 544 1737 propter
567 1663 600 1719 ul
623 1659 656 1720 in
680 1655 845 1720 codicibus
874 1656 1030 1720 omissum
1060 1656 1093 1718 in
1123 1675 1295 1721 numerum
1313 1674 1360 1721 not

186 1759 307 1835 relem3
343 1780 531 1843 quanquam
554 1762 581 1826 is
605 1763 695 1827 locus
719 1763 916 1845 singularem
945 1761 1046 1826 habet
1075 1781 1226 1839 causam,
1257 1766 1362 1844 propter

186 1887 286 1947 quam
309 1869 354 1931 ita
378 1867 500 1932 dictum
524 1869 626 1933 videri
650 1869 763 1951 possit.
810 1869 877 1933 Nec
907 1868 1023 1953 diqnus
1055 1868 1102 1933 ita
1134 1863 1270 1951 ponitur
1297 1867 1364 1951 apud

186 1973 384 2052 Ciceronem,
421 1976 480 2038 etsi
505 1979 555 2039 est
578 1975 666 2057 apud
690 1977 827 2040 Livium.
873 1974 925 2038 Ad
948 1975 1019 2039 haec
1042 1994 1147 2056 quum
1170 1975 1365 2052 accedatul

187 2080 218 2141 in
242 2081 373 2161 optimis
397 2081 572 2156 codicibus
597 2083 779 2159 Nannieno,
803 2081 998 2158 llletelliano‚
1023 2082 1315 2164 Lagomarsiniano
1327 2080 1367 2147 u.

187 2204 293 2266 neque
313 2185 402 2267 fieret
424 2208 532 2269 neque
555 2196 589 2252 ul
612 2189 738 2270 legatur
767 2187 813 2270 (in
836 2188 993 2253 Vaticano
1014 2188 1103 2269 fieret
1126 2188 1300 2263 omittitur,
1326 2186 1370 2253 sed

186 2299 303 2372 prout
326 2293 538 2370 scribtura,
562 2295 595 2359 in
619 2296 734 2371 tribus,
759 2297 814 2377 qui
838 2295 980 2375 aliquam
1005 2313 1078 2358 cum
1103 2294 1298 2359 melioribus
1313 2312 1372 2375 cog·

187 2398 351 2463 nationem
375 2399 509 2477 habent,
534 2406 621 2466 certe
644 2410 678 2465 ut
701 2400 819 2482 abest),
844 2420 944 2482 quum
968 2401 1040 2478 hoc,
1070 2400 1219 2482 inquam,
1245 2400 1375 2473 accedat

133 2523 174 2563 eu
188 2525 254 2569 non
277 2509 386 2588 potest
409 2507 449 2570 de
473 2508 722 2590 interpolatione
745 2508 898 2584 dubitari,
924 2527 1024 2590 quam
1047 2509 1080 2572 in
1099 2508 1172 2573 eod.
1191 2509 1328 2591 Lagom.
1343 2506 1377 2573 42

187 2612 330 2676 secunda
354 2632 471 2677 manus
495 2614 631 2680 induxit.
679 2615 718 2680 Et
749 2614 879 2678 idoneus
912 2616 1047 2678 circueret
1080 2614 1160 2678 nihil
1198 2620 1262 2680 est.
1308 2615 1378 2680 Nam

187 2717 317 2782 idolicue
340 2723 465 2800 spectat
489 2720 531 2784 ud
555 2740 604 2793 ea,
637 2742 710 2802 quae
738 2722 770 2784 in
795 2725 946 2785 senatore
970 2721 1095 2802 legibus
1119 2722 1381 2804 requirebantur3

187 2843 227 2887 ea
251 2826 283 2888 in
307 2827 437 2890 homine
461 2847 526 2891 non
551 2832 652 2903 erant,
678 2833 844 2892 ettamen
868 2832 1000 2892 senator
1023 2827 1133 2891 fiebat.
1170 2827 1382 2892 Scribendum

187 2930 282 3012 igitur·
305 2936 394 3014 put0,
430 2953 495 2997 una
528 2934 633 2998 littera
665 2938 792 2998 mutata
820 2934 852 2997 in
884 2934 1081 3015 optimorum
1112 2933 1265 2998 codicum
1291 2933 1383 3016 serip-

189 3044 270 3117 tum,
294 3039 420 3105 dioneos
443 3042 587 3103 vinceret.
634 3041 752 3106 Mendo
777 3041 944 3104 inductum
975 3041 1215 3104 nominativum
1247 3043 1384 3123 primum

184 3144 272 3226 fieret
295 3152 441 3212 secutum
468 3152 526 3223 est,
551 3148 659 3230 aptius
683 3147 879 3212 vocabulum
904 3166 1003 3227 quam
1028 3147 1172 3221 viruerat,
1199 3146 1333 3224 deinde,
1354 3150 1385 3211 ut

188 3255 286 3319 verba
312 3257 444 3332 coirent,
469 3264 513 3321 ut.

276 3363 323 3427 Ex
354 3364 449 3428 tertio
480 3365 563 3429 libro
594 3381 678 3428 unus
707 3361 759 3424 lric
784 3360 1088 3425 commemorandus
1113 3362 1162 3423 est
1187 3359 1293 3427 locus.
1329 3378 1388 3423 non

187 3471 254 3532 tam
290 3476 325 3534 ut
360 3472 468 3552 magni
504 3471 546 3535 od
582 3467 776 3534 sententiam
817 3467 974 3531 momenti
1010 3465 1196 3530 emendatio
1234 3469 1388 3537 tentetur,

187 3648 447 3656 ———-—-—--.

259 3754 371 3823 intelligi
391 3759 477 3823 putul,
502 3758 574 3806 recte
600 3752 714 3804 sortasse
734 3754 820 3818 putat.
859 3749 892 3801 Et
910 3747 968 3801 fieri
987 3752 1084 3816 potest,
1105 3752 1136 3800 ut
1154 3747 1390 3816 comprehendan-

258 3848 303 3898 tur
322 3845 372 3897 bac
391 3843 587 3912 signillratione
607 3840 689 3895 etiam
710 3839 736 3897 ii.
756 3838 801 3907 qui
822 3838 893 3891 iuter
912 3837 1038 3891 homines
1057 3852 1111 3890 non
1131 3835 1259 3889 eiusdem
1273 3835 1392 3890 civitatis

259 3933 418 3987 iudicarent.
446 3932 499 3985 Sed
519 3929 760 3999 reprehendendus
780 3927 873 3982 Cicero
892 3931 941 3990 est,
961 3925 1084 3994 quitum
1103 3924 1234 3992 ambiguo
1248 3926 1391 3979 vocabulo.

258 4037 313 4089 quo
336 4022 418 4090 paulo
442 4026 505 4074 ante
529 4020 587 4088 ipse
611 4019 645 4072 de
670 4017 774 4071 civibus
799 4015 930 4070 Romanis
954 4031 1020 4069 usus
1044 4019 1110 4077 erat,
1139 4029 1197 4067 rem
1221 4013 1391 4083 significarit

258 4109 378 4163 Ollendit
398 4109 489 4171 etiam,
508 4109 591 4178 quod,
610 4123 696 4176 quum
716 4123 799 4175 supra
817 4108 924 4159 selectos
944 4106 1045 4157 ludices
1054 4105 1175 4171 proponi
1185 4103 1272 4155 solere
1285 4102 1392 4161 dixerit,

258 4199 301 4252 nic
325 4216 357 4252 ee
381 4199 465 4252 verba
489 4195 617 4265 disiungil
642 4194 741 4259 (selecti
758 4212 771 4247 e
789 4201 917 4247 concentu
936 4201 984 4246 aut
999 4189 1155 4260 proponti).
1194 4190 1249 4244 Sed
1268 4190 1392 4260 gravissi·

259 4303 333 4341 mam
352 4287 531 4342 olleusionem
551 4301 583 4338 ea
602 4285 713 4347 habent,
733 4300 794 4352 quae
808 4283 936 4351 deinceps
948 4286 1109 4349 sequuntur,
1129 4279 1250 4333 maxime
1266 4279 1392 4349 repetitio

259 4375 319 4439 ista,
338 4377 372 4430 de
391 4394 446 4446 qua
461 4376 620 4445 Zumptium
639 4372 707 4427 nihil
727 4371 827 4425 dixisse
847 4371 943 4424 miror:
963 4372 1003 4423 De
1021 4377 1149 4423 concentu
1169 4386 1201 4420 oc
1219 4370 1392 4435 enuntiatori-

259 4464 309 4516 lms
327 4467 428 4519 iudicer
446 4467 522 4518 rrulll.
560 4464 610 4517 Hie
629 4461 740 4532 quidem
766 4466 793 4514 et
813 4459 1051 4528 interpolationem
1075 4463 1102 4510 el
1126 4456 1259 4510 mendum
1279 4456 1392 4510 subesse

258 4552 340 4604 elium
361 4569 434 4607 nunc
453 4553 583 4623 suspicor.
