2948 5206
640 310 679 374 21

60 526 135 589 quae
171 507 211 572 de
246 507 425 584 Turranio,
461 506 608 585 Melissa,
643 507 745 585 Varo,
781 506 938 587 Graccho,
974 510 1132 589 Fontano,
1169 513 1265 580 Cotta

62 614 215 691 dixerim,
250 614 346 696 quasi
380 633 441 697 ego
475 612 651 696 quicquam
688 613 839 693 dixerim,
874 615 935 680 nisi
964 619 1027 683 hoc
1054 617 1163 700 ipsum
1192 641 1265 687 esse

64 720 185 785 fraudis
219 721 410 804 vestigium,
445 720 533 802 quod
561 719 595 785 hi
625 719 731 785 Ovidii
761 720 857 786 amici
888 743 909 786 a
937 725 1152 805 grammatico
1183 727 1264 791 cita·

67 833 183 904 rentur,
211 827 273 892 nisi
304 827 393 910 quod
416 827 537 904 addidi,
567 826 706 892 Fontani
729 827 804 891 libri
826 828 869 892 III
891 832 1114 912 nympharum
1137 817 1263 915 satyro·

68 952 198 1014 nmque
213 953 364 999 amorum
381 935 610 1000 auctoritatem
633 934 800 1016 perlepide
820 935 983 1015 advocari,
1008 942 1045 1003 ut
1059 938 1263 1022 ostendatur,

42 1062 110 1123 ,ou
130 1041 369 1125 diphthongum
393 1061 475 1108 esse.
522 1040 588 1106 Sed
610 1040 686 1105 huic
709 1061 769 1123 ego
798 1043 984 1124 desparatae
1013 1064 1121 1110 causae
1151 1045 1264 1111 defen·

73 1148 145 1212 sioni
166 1149 400 1231 responderem
423 1147 556 1230 aliquid,
587 1148 615 1211 si
643 1152 701 1212 aut
726 1148 799 1230 plus
822 1151 979 1232 temporis
1008 1151 1263 1233 impendendum

74 1259 210 1336 putarem
246 1255 418 1337 impostori
454 1253 499 1319 illi
535 1253 631 1336 (,der
666 1255 810 1319 schniide
844 1255 1002 1340 Betrfiger
1034 1258 1192 1340 Apuleius
1223 1259 1264 1324 de

75 1361 311 1444 orthographia“
339 1362 406 1426 iam
429 1362 614 1444 appellatur
641 1382 663 1426 a
686 1362 899 1446 Bemhardyo
928 1383 1037 1429 meam
1066 1366 1263 1432 sententiam

76 1472 182 1545 secuto,
218 1469 394 1533 Grundriss
424 1469 482 1532 der
509 1468 662 1533 rtimisch.
686 1469 761 1534 Litt.
786 1490 818 1551 p.
843 1468 922 1551 329)
954 1475 1012 1536 aut
1034 1492 1104 1536 rem
1128 1473 1264 1537 dubiam

77 1574 164 1639 rideri
185 1595 282 1657 posse
305 1576 408 1640 semel
431 1575 616 1640 admonitis.
626 1570 653 1657 ¹)
699 1575 735 1638 ld
764 1579 877 1641 tamen
908 1578 1079 1642 ferendum
1107 1599 1174 1643 non
1203 1583 1262 1656 est,

78 1682 151 1762 quod
180 1703 233 1746 me
263 1683 354 1746 mula
382 1681 446 1764 fidu
480 1681 628 1746 omisisse
664 1686 799 1764 questus
831 1686 881 1747 est
912 1683 957 1764 (p.
982 1683 1061 1764 314)
1091 1685 1133 1749 de
1164 1685 1263 1751 Caelio

78 1785 253 1871 Rhodigino,
278 1809 353 1871 quae
377 1790 446 1872 ipse
469 1790 547 1852 ineis
563 1788 665 1853 uerbis
682 1794 940 1854 commemorata
956 1790 1092 1872 protulit
1110 1790 1155 1873 (p.
1172 1790 1262 1874 309),

79 1901 104 1955 et
133 1915 181 1959 me
215 1895 280 1960 doli
315 1896 515 1961 insimulavit
550 1894 596 1977 (p.
620 1894 714 1975 319),
756 1896 849 1978 quasi
884 1916 1073 1979 negassem,
1108 1899 1209 1962 ullu-m
1245 1920 1263 1965 9

79 2000 271 2083 scriptoribus
296 2003 340 2067 ab
364 2003 480 2069 Ovidio
503 2003 537 2066 in
560 2002 619 2084 Ep.
645 2022 684 2066 ex
707 2001 801 2067 Pont.
826 2003 877 2079 lV,
908 2005 949 2068 16
973 2004 1148 2069 9991199119
1172 2007 1261 2088 apud

80 2109 289 2187 grarumaticos
325 2109 428 2174 citari.
486 2110 570 2174 Nam
605 2114 713 2175 cetera
748 2130 814 2176 non
854 2110 1019 2174 intercedo
1054 2131 1119 2193 quo
1154 2113 1262 2177 minus

80 2215 215 2293 preclare
237 2217 407 2297 disputata
429 2219 532 2298 putet,
557 2218 647 2281 velut
670 2218 757 2299 quod
781 2216 873 2298 (319)
897 2217 1025 2299 Apuleii
1050 2223 1083 2283 et
1105 2219 1262 2285 Prisciani

81 2324 186 2386 veteres
213 2323 388 2404 scriptores
418 2323 538 2388 citandi
567 2324 728 2388 rationem
763 2324 901 2388 similem
931 2329 1040 2406 putat,
1077 2330 1134 2390 aut
1162 2327 1260 2408 quod,
1275 2355 1302 2395 π

82 2425 125 2490 ubi
144 2448 208 2510 ego,
232 2431 369 2514 exceptis
392 2429 483 2511 (nam
506 2431 552 2494 sic
576 2430 703 2513 scripsi)
733 2432 867 2514 Pcdouc,
897 2431 1008 2496 Marso
1035 2433 1260 2519 sterilibusque,

82 2536 175 2615 negavi
213 2535 361 2615 Tuscum,
397 2536 524 2620 Lupum
558 2539 735 2623 similesque
769 2540 958 2624 quisquilias
994 2560 1013 2603 a
1046 2541 1261 2622 grammatico

83 2639 176 2705 latino
203 2644 364 2707 inferioris
392 2645 497 2708 aetatis
526 2648 676 2709 auctores
708 2647 799 2710 citari
834 2648 994 2728 potuisse,
1030 2647 1166 2729 opponit
1195 2648 1260 2710 lia·

82 2744 185 2821 hirtum,
221 2750 394 2813 AEumlium
424 2751 581 2829 illaesum,
618 2753 772 2816 Pedouem
803 2752 848 2835 (p.
873 2752 962 2834 320),
998 2759 1056 2817 aut
1084 2754 1172 2836 quod
1196 2774 1259 2829 me,

81 2854 248 2930 pusillorum
274 2857 402 2922 illorum
426 2864 609 2940 poetarum,
634 2879 715 2941 quos
734 2860 868 2924 Ovidius
893 2881 967 2924 cum
985 2861 1097 2942 paucis
1116 2861 1260 2925 clariori-

80 2957 127 3024 bus
153 2962 184 3026 19
212 2963 267 3027 1119
297 2965 434 3046 epistola
463 2966 614 3030 amicitiae
643 2986 752 3043 causa,
789 2971 825 3030 ut
853 2969 899 3044 lit,
934 2969 1061 3044 laudat,
1098 2987 1198 3048 opera
1228 2973 1261 3033 et

79 3066 182 3133 samam
206 3070 250 3134 ad
274 3072 498 3152 posteritatem
522 3073 710 3155 pervenisse
734 3093 800 3137 non
823 3075 1020 3149 credentem,
1050 3075 1093 3139 ad
1122 3075 1260 3152 Attium,

76 3173 241 3252 Afranium,
277 3179 402 3256 Altam,
438 3181 473 3243 C.
498 3179 673 3255 Fannium,
710 3180 879 3256 Catonem,
915 3181 1064 3259 Ennium,
1102 3182 1260 3245 Lucilium

75 3289 155 3347 vocat
181 3285 226 3366 (p.
252 3284 346 3365 320),
376 3287 500 3368 primos
527 3287 668 3351 homiues
695 3287 934 3371 siquiferosque,
971 3291 1004 3351 ut
1036 3287 1081 3350 911
1109 3287 1162 3352 1119
1190 3287 1259 3369 ipse

72 3387 208 3468 Lucilius,
244 3399 302 3455 aut
326 3392 413 3473 quod
437 3397 558 3469 narrat,
592 3393 666 3475 ficri
688 3401 793 3456 1999911
809 3396 959 3476 potuisse,
996 3399 1031 3457 ut
1059 3399 1126 3458 tres
1151 3398 1260 3458 essent

69 3501 174 3575 puetae,
210 3497 250 3575 Q.
275 3498 474 3575 Trinacrius
509 3500 620 3582 Lupus
649 3500 786 3576 Siculus,
823 3501 933 3582 Lupus
957 3500 1093 3577 Anthus,
1130 3506 1166 3565 ut
1193 3520 1258 3564 non

68 3601 164 3666 baudi
188 3604 371 3668 debeantur
395 3606 888 3671 911191119991101111111125
913 3611 944 3670 et
968 3608 1010 3670 26
1034 3608 1128 3688 quasi
1152 3607 1259 3690 pullu·

66 3708 159 3774 lantia
194 3711 327 3775 nomina
356 3716 401 3793 (p.
427 3712 521 3792 326),
557 3718 615 3776 aut
650 3714 736 3795 quod
772 3715 921 3797 doqruutu
951 3715 1160 3797 philosoph-icc
1194 3734 1259 3777 non

64 3822 152 3896 putat
176 3816 345 3881 ridiculam
370 3839 442 3882 esse
471 3821 630 3900 poematis
659 3821 800 3902 plurium
829 3820 986 3884 librorum
1017 3820 1259 3902 inscriptionem

63 3923 146 3999 (narn
179 3925 425 4005 epigrammatis
450 3925 613 3990 Goethiani
643 3936 727 3991 esset
758 3947 823 3991 non
853 3926 977 4008 inepta)
1008 3926 1053 4009 (p.
1078 3925 1167 4005 324),
1203 3931 1260 3990 aut

61 4029 143 4109 quod
168 4030 406 4112 ineptissimum
432 4033 592 4112 poematis
617 4052 746 4111 nomen,
778 4033 988 4097 Pindaricum
1019 4034 1259 4108 eruimur-ionem,

60 4136 102 4199 ita
124 4137 282 4214 defendit,
313 4145 349 4201 ut
373 4137 480 4219 (paene
510 4139 658 4215 dixerim,
688 4138 908 4221 impudenter)
937 4144 1043 4221 neget,
1073 4138 1259 4220 Apuleium,

58 4242 110 4322 qui
144 4242 194 4306 bis
231 4244 276 4306 sic
310 4244 443 4321 scribat,
481 4246 588 4327 Rufus
616 4248 651 4308 iu
679 4246 860 4309 Pindurim
890 4247 1097 4321 mussitatione,
1130 4245 1260 4309 titulum

57 4350 163 4430 operis
187 4351 296 4427 citare,
322 4358 380 4414 aut
403 4352 490 4432 quod
514 4353 679 4417 hominem
704 4353 813 4424 istum,
838 4373 935 4434 quem
960 4352 1134 4433 Apuleium
1154 4356 1259 4428 vocat,

84 4578 106 4643 ¹)
124 4583 156 4633 A.
176 4581 348 4636 Weichertus
368 4588 461 4634 tamen
480 4587 576 4649 postea
594 4582 738 4650 aliquoties
758 4583 825 4636 nihil
845 4582 987 4650 suspicans
1007 4580 1108 4635 citavit.
