2948 5206
678 286 742 383 ‘107

151 502 200 564 qao
215 479 341 564 primum
363 499 430 545 non
453 480 695 558 animadvertit,
727 482 773 547 sic
796 483 937 564 glossam
964 502 982 547 e
1004 483 1194 549 melioribus
1217 485 1312 551 codd.

150 587 354 664 iideteriores,
385 585 469 651 alius
501 586 642 670 originis,
671 589 829 654 transisse
854 590 927 666 dici,
956 589 1058 655 etita
1080 591 1247 668 transisse,
1276 596 1313 656 ut

149 691 330 759 domamus
364 692 427 757 illis
460 711 540 758 vera
573 694 618 759 sit
650 695 768 777 glossa,
804 696 836 760 in
870 697 1023 762 omnihus
1057 697 1107 762 his
1142 701 1311 780 corrupta;

149 799 235 864 dende
254 800 324 882 quis
348 798 393 864 ad
415 801 517 865 verba
539 799 623 864 nihil
643 801 703 883 fiat
730 802 966 885 interpretandi
990 822 1090 869 causa
1113 803 1252 868 adderet
1274 823 1313 867 nc

148 905 203 992 qu'd
216 905 290 988 fiat?
323 906 365 971 Et
387 907 491 994 iuquit
513 906 646 990 quidem
669 909 778 991 glossa
801 913 862 987 est,
891 929 1006 974 verum
1030 929 1096 975 non
1119 909 1206 974 illinc
1228 911 1311 985 orta,

147 1012 187 1078 sed
203 1013 384 1095 simpliciter
405 1013 520 1079 addita
542 1015 586 1079 ab
615 1015 663 1093 iis,
699 1015 754 1098 qui
782 1015 1043 1081 adversariorum
1072 1015 1313 1080 sententiama

147 1119 268 1186 unane
289 1121 399 1185 induci
428 1119 671 1203 significabant3
707 1140 811 1204 eaque
842 1127 892 1187 est
922 1124 956 1188 in
987 1121 1064 1187 solis
1095 1121 1313 1187 deterioribus

147 1227 217 1305 lbra,
242 1232 275 1294 et
295 1226 410 1293 similis
434 1225 607 1313 (inquiunt)
630 1229 665 1293 in
687 1229 858 1294 meliorum
881 1229 1004 1306 infimo,
1033 1228 1224 1304 Dresdensi;
1258 1227 1314 1292 illa

145 1336 244 1412 onina,
267 1334 430 1416 scriptura
452 1333 572 1416 duplex
596 1339 655 1413 est,
685 1334 847 1402 bonorum
870 1336 1017 1413 vividior,
1052 1356 1091 1399 ne
1113 1334 1201 1420 quial,
1236 1353 1312 1416 pro·

145 1438 235 1519 landa
257 1441 361 1506 altera
384 1439 476 1504 nihil.
521 1439 614 1505 Alter
636 1445 687 1507 est
709 1443 799 1507 locus
821 1445 856 1508 in
879 1462 952 1524 cap.
976 1442 1029 1520 23,
1059 1424 1100 1506 6'7
1125 1441 1199 1505 ideo
1222 1459 1313 1505 oom-

144 1548 354 1624 nemorandus,
379 1548 467 1630 quod
490 1567 565 1612 eam
588 1548 783 1630 scripturam
802 1548 940 1627 restitui,
965 1567 1065 1630 quam
1081 1546 1182 1612 ceteri
1199 1564 1313 1611 recen·

143 1652 215 1718 liores
235 1674 275 1719 ex
296 1654 450 1736 imperita
472 1658 625 1720 notarum
649 1655 840 1721 confusione
867 1659 973 1721 ortam
997 1657 1125 1737 putant.
1172 1652 1312 1718 Omnem

141 1764 226 1824 antem
247 1760 337 1825 illam
359 1764 489 1844 partem
512 1761 668 1838 orationis
692 1761 855 1827 Ciceronis
878 1782 943 1827 non
968 1780 1050 1838 esse,
1082 1760 1163 1824 vidit
1185 1759 1313 1842 pridem
1382 1762 1387 1772 '

140 1864 347 1949 Pantagathus,
377 1866 508 1949 de-qua
529 1887 566 1931 re
589 1867 668 1932 nihil
692 1868 867 1934 dicendum
889 1871 979 1951 puto,
1009 1867 1097 1950 quod
1120 1866 1198 1931 civis
1220 1885 1312 1929 meus
1328 1881 1368 1921 ιω

87 2056 90 2069 Ι
138 1970 264 2038 Blochius
285 1993 393 2056 nuper
416 1972 457 2038 de
481 1992 521 2039 ea
543 1977 632 2039 recte
655 1976 816 2058 exposuit.
862 1975 920 2040 list
948 1979 1061 2039 tamen
1083 1973 1313 2037 declamatoris

138 2077 284 2143 nmaose
311 2082 346 2144 et
374 2080 489 2144 Latine
523 2081 705 2145 scribentis.
757 2082 868 2146 Edunt
901 2084 1027 2146 autem:
1069 2078 1204 2143 Videbat
1231 2080 1316 2164 anina¹

136 2181 193 2264 (ura
211 2184 396 2266 maritima),
425 2187 580 2270 poputum
615 2187 794 2252 Berconum
828 2209 892 2252 non
926 2187 1112 2271 locupletari
1146 2186 1314 2271 quotannis

131 2293 247 2371 pulania
262 2291 405 2375 publica,
429 2299 551 2376 proetcr
568 2313 699 2377 paucae,
727 2315 824 2379 acqua
846 2315 903 2359 naa
925 2296 1092 2380 quicquam
1116 2290 1211 2356 aliud.
1230 2312 1314 2356 assa·
1391 2289 1396 2298 '

134 2397 179 2479 qui
200 2397 343 2463 domium
377 2400 513 2481 nomina,
548 2401 612 2464 nisi
646 2406 690 2482 ut,
724 2399 921 2464 datrimatta'e
956 2399 1158 2484 acca'pimdis,
1193 2400 1314 2462 maiore
1383 2429 1387 2435 ·

134 2501 209 2583 astat
227 2505 424 2589 tupitudine
446 2505 636 2570 aidcrcmur.
671 2506 808 2571 Reditus
832 2507 980 2590 publicos
999 2507 1196 2572 interversos
1213 2503 1312 2587 signi·

133 2608 207 2674 irari
227 2615 353 2694 putant.
399 2612 454 2688 At
489 2632 531 2677 ne
562 2613 640 2694 quid
671 2614 778 2677 dicam
808 2613 848 2678 de
880 2614 1042 2678 locutione
1069 2614 1222 2696 populum
1251 2611 1313 2675 Ro-

134 2737 244 2780 manum
265 2741 328 2783 non
350 2720 537 2803 locupletari
555 2727 676 2803 praetar
699 2742 819 2803 paucos
847 2718 969 2802 (potest
998 2720 1084 2783 edim
1112 2719 1314 2784 declamator

133 2825 332 2907 reprehendi),
369 2826 448 2909 quid
478 2847 544 2891 non
571 2826 651 2892 recti
679 2846 737 2892 ora
763 2828 818 2891 illa
846 2827 1001 2892 videbat?
1035 2826 1197 2909 Populum
1226 2826 1313 2890 enim

132 2932 379 3015 locupletandum
410 2933 632 3016 vectigalibus,
668 2938 701 2998 et
729 2934 902 3015 quotannis
930 2933 1205 3016 locupletandum,
1241 2933 1314 3014 quis

132 3041 263 3120 pulavit?
285 3060 327 3105 ne
350 3040 448 3123 pauci
472 3040 601 3123 quidem
627 3039 803 3105 debebant.
850 3039 991 3105 Omnino
1014 3045 1126 3105 autem
1143 3039 1314 3123 vectigalia

131 3165 187 3211 non
206 3148 333 3230 populo,
358 3147 418 3211 sed
440 3147 622 3229 publicanis
645 3147 873 3222 solvebantur;
903 3147 937 3210 hi
961 3146 1049 3228 quod
1073 3148 1189 3212 aerario
1212 3146 1314 3210 debe·

132 3251 209 3329 bant,
231 3256 443 3319 intervertere
465 3273 531 3319 non
553 3257 715 3336 poterant.
751 3253 875 3317 Deinde
899 3258 1010 3317 autem
1034 3254 1214 3335 vectigalia,
1240 3271 1313 3334 quae

133 3361 283 3427 solvuntur
305 3382 327 3426 a
349 3361 534 3444 provinciis,
562 3360 709 3444 pecuniae
732 3360 872 3442 publicae
895 3360 1027 3425 nomine
1050 3380 1213 3442 nusquam
1237 3364 1315 3424 sunt

134 3468 294 3548 appellata;
329 3488 370 3533 ea
393 3472 454 3547 est,
490 3488 563 3550 quae
591 3469 624 3531 in
653 3469 768 3532 aerario
792 3472 842 3532 est
866 3471 899 3533 et
922 3468 996 3531 inde
1021 3471 1174 3549 erogatur
1196 3467 1229 3530 in
1253 3486 1314 3549 pu·

133 3569 220 3638 blioas
240 3575 418 3659 impensas,
447 3594 586 3658 eamque
614 3574 667 3638 hic
689 3573 822 3656 intelligi
846 3573 1024 3638 ostendunt
1046 3573 1205 3656 proxima.
1251 3573 1314 3637 Pe·

136 3681 246 3746 cuniam
268 3683 356 3747 enim
379 3682 544 3764 publicam
568 3681 612 3746 ad
635 3681 755 3746 classes
779 3681 918 3745 tuendas
939 3681 1110 3762 sociosque
1135 3679 1314 3745 defenden-

137 3784 184 3850 dos
218 3789 326 3854 datam
367 3790 534 3854 interverti
574 3788 675 3852 verba
714 3788 905 3870 significant.
969 3787 1078 3868 Atque
1117 3787 1188 3851 haec
1228 3789 1314 3848 certe

137 3897 255 3971 mannia
277 3895 477 3978 locupletare
500 3895 657 3977 populum
681 3914 746 3959 non
770 3894 914 3959 debehat
937 3912 998 3957 nec
1021 3897 1160 3975 poterat.
1201 3892 1314 3972 ltaque

139 4002 286 4066 'trimma
307 4007 360 4067 est
382 4002 543 4084 scriptura
566 4000 764 4084 optimorum
788 4001 951 4065 codicum:
984 3998 1117 4063 Videbat
1134 3999 1216 4062 anim
1228 4018 1315 4080 proe·

140 4111 205 4169 urae
223 4108 405 4193 lomplatari
427 4110 595 4194 quotannis
612 4109 751 4192 pantania
768 4108 910 4191 publica,
930 4115 1051 4190 proetcr
1068 4125 1199 4189 paucos.
1246 4104 1314 4167 Iam

141 4216 223 4293 patet,
254 4236 316 4298 quo
352 4215 432 4279 illud
466 4218 634 4301 quotannis
667 4216 839 4297 pertineat,
876 4214 1068 4295 singulaque
1097 4211 1199 4275 verba
1226 4213 1313 4274 recte

143 4313 278 4386 dicuntur.
322 4320 410 4386 Nihil
433 4326 544 4387 autem
567 4323 682 4405 magis,
705 4323 767 4387 hoc
791 4341 905 4386 verum
929 4340 1010 4395 esse,
1039 4316 1190 4393 ostendit,
1215 4336 1314 4399 quam

144 4424 213 4502 ΨΜ
232 4429 387 4509 particula
410 4448 543 4512 negans,
567 4430 600 4493 in
623 4429 708 4494 falsa
730 4429 891 4511 scriptura
908 4427 1102 4502 necessaria,
1126 4443 1193 4488 non
1209 4423 1314 4488 solum
