2948 5206
648 315 691 380 39

72 511 172 574 satira
194 511 281 574 enim
304 511 412 586 tertia,
436 513 612 592 postquam
635 510 726 588 dixit,
751 489 953 594 quantopere
973 528 1135 592 pauperes
1152 509 1268 574 Romae

73 619 295 699 premerentur
318 621 352 681 et
375 620 671 695 contemnerentur,
696 617 768 681 haec
791 617 882 681 addit
906 615 1043 700 (1.162,
1070 614 1162 696 163);

543 724 682 806 Agmine
706 725 793 789 facto

200 830 392 895 Debuerant
414 829 490 894 olim
515 834 630 901 tenues
653 832 811 912 migrasse
834 829 991 908 Quirites,

77 957 145 1020 qrrae
166 937 262 1020 vulgo
285 937 327 1003 de
349 939 532 1004 secessione
559 935 664 1019 plebis
693 939 726 1001 in
754 940 900 1001 montem
927 955 1057 1001 sacrum
1087 936 1267 1018 accipiunt;

77 1049 140 1108 tum
161 1064 324 1128 pauperes
346 1045 496 1110 homines
518 1065 585 1110 non
608 1044 713 1109 solum
737 1043 900 1120 secedere,
931 1043 990 1107 sed
1018 1044 1115 1127 plane
1146 1044 1179 1107 in
1203 1042 1268 1107 alia

77 1150 141 1215 loca
161 1152 303 1234 migrare
326 1170 387 1216 nec
415 1153 521 1217 redire
549 1151 712 1216 debuisse.
758 1151 879 1214 Verum
907 1170 969 1214 nec
996 1151 1157 1215 sententia
1189 1153 1267 1233 apta

78 1261 131 1336 est,
171 1277 273 1339 quum
308 1258 350 1322 de
384 1278 518 1323 suorum
553 1262 586 1323 et
620 1259 842 1340 proximorum
877 1260 1062 1338 temporum
1096 1258 1267 1339 iniquitate

79 1368 234 1445 queratm,
269 1384 331 1429 nec
359 1385 399 1430 ea
427 1367 538 1430 omnia
566 1366 599 1428 in
622 1384 689 1429 uno
711 1363 876 1447 migrandi
899 1363 999 1429 verbo
1023 1365 1143 1441 insunt,
1179 1363 1267 1446 quod
1342 1379 1347 1389 ·

79 1474 225 1552 praeterea
250 1471 315 1536 alio
337 1476 408 1536 tum
432 1472 503 1537 loco
527 1472 720 1536 collocatum
750 1475 845 1547 esset,
880 1474 918 1534 ut
945 1471 978 1535 in
1007 1491 1072 1553 quo
1103 1491 1168 1535 uno
1197 1474 1267 1535 tota

81 1582 155 1641 esset
183 1581 354 1643 sententiae
382 1580 447 1655 vis3
481 1579 536 1642 illa
571 1581 682 1642 autem
718 1579 843 1662 aparine
875 1576 962 1659 facto
996 1578 1111 1642 vitiose
1144 1577 1265 1642 redun-

81 1682 200 1760 darent3
223 1687 353 1767 agmine
377 1688 462 1750 enim
487 1685 575 1750 facto
598 1704 678 1748 sane
701 1684 746 1748 illi
769 1688 896 1749 veteres
919 1688 1133 1749 secesserunt.
1168 1685 1267 1749 Error

82 1796 123 1854 est
142 1791 173 1855 in
194 1793 355 1873 particula
379 1793 463 1870 olim,
488 1812 561 1874 quae
585 1811 625 1856 ex
648 1791 745 1856 huius
768 1792 875 1856 aetatis
898 1791 1051 1873 loquendi
1074 1812 1136 1856 usu
1159 1793 1266 1875 posita

82 1898 207 1962 estsere
228 1918 289 1980 pro
313 1918 362 1976 eo,
393 1899 481 1981 quod
504 1903 554 1964 est
581 1898 771 1962 iamdudum
795 1897 872 1979 (vid.
896 1902 1016 1979 praeter
1043 1898 1147 1962 lexica
1170 1898 1265 1980 Spal-

84 2002 195 2086 dingius
218 2005 261 2070 ad
284 2004 418 2083 Quintil.
442 2005 496 2087 IX,
520 2006 551 2082 3,
576 2006 629 2071 87,
676 2005 786 2069 iuven.
810 2005 861 2082 IV,
886 2005 939 2069 96.
973 2006 1056 2070 Plin.
1080 2006 1139 2087 Ep.
1163 2005 1186 2083 Ι,
1213 2005 1265 2070 11.

86 2108 150 2175 Tac.
171 2111 256 2175 Ann.
274 2112 343 2189 XII,
367 2110 434 2192 66).
469 2112 541 2177 Hoc
565 2114 662 2195 igitur
685 2116 813 2177 tantum
836 2116 935 2194 poeta
957 2112 1047 2190 dixit,
1072 2112 1265 2176 iamdudum

86 2235 228 2299 pauperes
258 2220 292 2283 in
320 2220 420 2283 tantis
444 2219 549 2296 malis,
585 2239 659 2301 quae
689 2219 805 2283 Romae
836 2238 891 2283 eos
920 2223 1116 2300 premerent,
1151 2239 1265 2288 omnes

89 2324 238 2389 cumuncto
262 2325 395 2390 consilio
419 2325 586 2390 discedere
609 2325 771 2389 debuisse.

158 2430 199 2495 Ut
221 2432 256 2495 in
277 2431 341 2496 hoc
364 2432 434 2496 loco
457 2433 554 2496 unius
577 2432 728 2497 vocabuli
755 2433 804 2496 vis
833 2452 899 2497 non
927 2434 1006 2497 satis
1036 2433 1265 2498 animadversa

92 2553 209 2601 errorem
238 2539 380 2619 peperit,
416 2539 476 2615 sic,
511 2542 549 2603 ut
583 2541 648 2603 iam
680 2558 732 2603 res
766 2539 936 2604 historicas
966 2540 1134 2604 mittamus
1163 2544 1195 2604 et
1224 2540 1265 2604 de

93 2646 287 2720 grammaticis
315 2665 518 2726 quaeramus,
554 2647 702 2727 neglecta
730 2650 900 2710 structurae
930 2648 1152 2728 grammaticae
1182 2648 1265 2712 ratio

94 2748 333 2815 nultomaiores
357 2752 471 2815 turbas
495 2751 585 2817 dedit
608 2755 641 2816 in
665 2753 728 2817 alio
753 2752 898 2817 eiusdem
924 2755 1033 2817 satirae
1056 2754 1137 2818 loco.
1183 2755 1264 2818 Um·

95 2851 187 2920 bricius
210 2859 307 2933 enim,
331 2862 589 2923 commemorata
609 2859 830 2923 Graeculoruru
856 2860 1010 2924 adulandi
1035 2864 1067 2924 et
1090 2861 1265 2925 simulandi

96 2966 155 3039 arte,
175 2964 242 3029 baec
265 2964 396 3029 subiicit
419 2964 463 3045 (r.
483 2965 525 3029 92
543 2964 643 3047 sqq.):

161 3070 235 3135 Haec
258 3071 375 3136 eadem
399 3073 474 3136 licet
497 3076 529 3137 et
552 3073 646 3164 nobis
672 3073 816 3150 laudare,
841 3072 899 3136 sed
922 3074 983 3137 illis

161 3176 314 3242 Creditur.
361 3180 413 3242 An
437 3180 561 3257 melior,
586 3194 687 3261 quum
712 3179 843 3244 Thaida
866 3181 1013 3257 sustinet,
1038 3184 1095 3244 aut
1118 3201 1219 3262 quum

160 3283 297 3350 Uxorem
321 3286 489 3350 comoedus
514 3287 580 3368 agit
604 3287 653 3350 vel
678 3285 799 3350 Dorida
822 3287 911 3350 nullo

160 3391 283 3456 Cultam
308 3393 459 3474 palliolo?
495 3393 609 3457 Mulier
632 3412 750 3475 nempe
773 3394 846 3475 ipsa
869 3393 1006 3469 videtur,
1279 3423 1305 3463 so

160 3499 226 3564 Non
249 3519 400 3581 persona,
426 3498 531 3581 loqui:
556 3519 661 3573 vacua
684 3503 718 3563 et
740 3499 840 3581 plana
863 3501 973 3564 omnia
997 3501 1085 3564 dicas

160 3605 241 3670 Infra
266 3607 481 3671 ventriculum
505 3610 538 3670 et
560 3608 650 3670 tenui
674 3606 829 3670 distantia
853 3609 946 3671 rima.

160 3712 221 3776 Nec
245 3718 356 3777 tamen
379 3713 559 3778 Antiochus
582 3732 642 3776 nec
667 3715 728 3776 erit
752 3714 908 3777 mirabilis
932 3714 996 3778 illic

107 3868 111 3874 .
158 3819 221 3884 Aut
244 3821 421 3884 Stratocles
445 3824 502 3884 aut
525 3838 599 3884 cum
625 3820 712 3883 molli
737 3819 921 3884 Demetrius
945 3821 1072 3884 Haemo.

157 3925 249 3991 Natio
272 3927 422 3990 comoeda
446 3930 504 3990 est.

89 4025 211 4104 Quomm
236 4052 399 4097 versuum.
413 4052 513 4114 quum
537 4034 657 4099 umbra
681 4033 833 4116 quaedam
852 4053 966 4097 sensus
984 4034 1077 4097 facile
1093 4035 1263 4114 appareat,

89 4133 173 4214 ipsum
196 4144 308 4203 tamen
338 4160 470 4205 sensum
499 4161 597 4205 nemo
626 4142 672 4204 ita
701 4140 873 4222 expedivit,
909 4145 945 4233 ut
974 4144 1031 4204 aut
1060 4146 1149 4203 recta
1178 4142 1264 4202 esset

88 4248 300 4311 sententiamm
324 4249 509 4311 consecutio
533 4250 591 4310 aut
613 4248 838 4327 interpretatio
862 4246 1074 4329 grammatice
1098 4265 1137 4309 ex
1156 4246 1263 4309 verbis

88 4347 257 4416 efficeretur.
292 4354 439 4417 Primum
457 4354 701 4434 interrogationi
719 4353 805 4417 hanc
821 4354 886 4416 vim
904 4352 1088 4428 subiiciunt,
1113 4356 1150 4416 ut
1167 4372 1263 4417 nemo
1394 4416 1397 4423 ,

87 4450 213 4524 Graeculo
236 4462 298 4524 isto
329 4461 444 4524 melius
476 4459 672 4524 comoediam
702 4480 799 4542 agere
828 4460 969 4534 dicatum
1005 4458 1169 4523 Graeculos
1198 4479 1264 4523 non

86 4562 172 4627 solum
206 4565 391 4631 adulatores
427 4587 508 4645 esse,
543 4566 602 4630 sed
632 4566 816 4631 histriones.
862 4565 897 4630 ln
933 4585 997 4647 quo
1031 4567 1173 4648 pn‘mum
1209 4566 1263 4647 qui
