2948 5206
792 1625 853 1716 lV.

324 1794 386 1886 Dc
414 1794 456 1886 L.
477 1794 588 1886 Attii
617 1790 913 1886 Didascalicis
943 1795 1322 1897 commentatio.¹t

741 2010 901 2019 —n--n—

184 2175 210 2214 m
316 2079 391 2204 Oui
420 2135 539 2199 artium
570 2143 604 2199 et
631 2134 812 2199 litterarum
841 2135 874 2199 in
903 2135 1038 2199 diversis
1067 2135 1194 2218 populis
1222 2136 1363 2217 origines
1391 2140 1423 2200 et

225 2262 414 2325 progressus
438 2243 483 2305 ita
507 2241 591 2304 inter
613 2261 648 2305 se
673 2246 882 2328 componunt,
907 2249 944 2306 ut
966 2262 1033 2308 non
1055 2244 1089 2306 in
1113 2243 1216 2307 altera
1233 2246 1328 2325 parte
1352 2243 1422 2307 lau·

225 2350 350 2424 danda,
386 2348 494 2412 altera·
524 2348 793 2429 reprehendenda
828 2349 1022 2425 consistant,
1062 2350 1096 2414 in
1130 2370 1195 2431 quo
1228 2350 1420 2432 plerumque

224 2455 377 2537 iniquitas
401 2475 466 2531 non
489 2456 661 2520 mediocris
686 2461 745 2531 est,
769 2455 827 2518 sed
851 2456 1016 2520 naturales
1035 2465 1067 2520 et
1087 2457 1288 2521 necessarios
1307 2454 1421 2521 modos

225 2582 419 2644 cognoscere
442 2563 605 2639 studeant,
635 2562 754 2643 quibus
778 2561 971 2644 populorum
996 2563 1125 2645 ingenia
1149 2562 1350 2639 excolantur,
1374 2562 1421 2633 iis,

225 2688 326 2750 quum
356 2668 587 2734 aGraecorum
617 2668 731 2733 litteris
761 2668 803 2731 ad
838 2669 971 2733 Latinas
1005 2670 1214 2745 transierunt,
1250 2668 1421 2750 singularis

224 2775 326 2840 videri
350 2776 449 2839 debet
473 2775 620 2839 celeritas
651 2775 802 2856 quaedam
833 2794 946 2839 cursus
976 2779 1018 2851 et,
1053 2783 1089 2839 ut
1118 2776 1163 2840 ita
1192 2775 1310 2851 dicam,
1347 2780 1422 2839 ante

225 2886 364 2963 tempuS,
399 2900 465 2945 non
493 2881 648 2962 perlecta,
684 2881 743 2945 sed
771 2881 834 2945 alio
863 2882 1007 2962 quodam
1036 2882 1134 2947 modo
1162 2882 1275 2946 adulta
1304 2882 1420 2946 torma.

225 2988 333 3070 Quum
357 2989 443 3052 enim
468 2987 619 3063 Romani,
648 2987 795 3051 nondum
819 2988 992 3070 quicquam
1016 2990 1186 3063 habentes,
1216 2987 1305 3070 quod
1329 3007 1422 3071 pere·

225 3095 390 3177 grinorum
425 3093 538 3159 litteris
567 3097 736 3176 aequarent
766 3097 823 3158 aut
850 3094 966 3159 saltem
1002 3115 1076 3160 cum
1111 3095 1149 3159 iis
1184 3099 1432 3177 compararent·

225 3221 290 3266 non
325 3202 571 3266 incitamentum
606 3200 738 3281 aliquod
770 3201 901 3265 aliunde
932 3202 975 3278 ad
1004 3222 1053 3278 ea,
1090 3222 1163 3284 quae
1186 3202 1329 3285 propria,
1365 3202 1423 3266 sed

225 3308 319 3372 rudia
332 3314 450 3379 essent,
469 3306 662 3388 expolienda
679 3309 889 3388 accepissent,
909 3308 968 3372 sed
984 3308 1172 3373 incidissent
1188 3310 1221 3372 in
1234 3308 1422 3374 Graecorum

226 3418 313 3478 artes
336 3417 482 3478 maturas
506 3415 571 3478 iam
601 3420 633 3476 et
662 3434 764 3495 prope
786 3422 992 3479 senescentes
1022 3435 1143 3497 easque
1170 3416 1350 3480 transferre
1380 3416 1423 3480 ad

225 3540 261 3584 se
288 3520 467 3597 studerent,
502 3521 547 3583 ita
583 3523 694 3583 tamen
728 3525 765 3584 ut
792 3524 980 3603 ceteroquin
1014 3524 1048 3585 in
1082 3522 1268 3587 Graecorum
1305 3523 1422 3605 ingenii

224 3618 366 3707 ritaeque
389 3627 549 3689 rationem
572 3645 638 3691 non
663 3628 846 3705 transirent,
870 3630 993 3710 primos
1016 3629 1087 3694 illos
1112 3630 1201 3693 nisus
1225 3634 1258 3691 et
1275 3632 1422 3705 conatus

226 3735 365 3816 primam
389 3732 529 3815 denique
553 3732 682 3797 illarum
706 3734 888 3799 litterarum
912 3736 1062 3811 tomram,
1087 3755 1169 3816 quas
1186 3754 1226 3798 ex
1243 3736 1293 3798 sui
1310 3734 1422 3818 populi

226 3841 353 3922 ingenio
380 3843 553 3903 nascentes
581 3841 766 3921 sensimque
794 3841 867 3904 laete
897 3845 930 3905 et
958 3860 1033 3906 cum
1061 3841 1187 3905 luxuria
1216 3842 1361 3923 quadam
1391 3843 1425 3905 in

226 3946 322 4011 altius
346 3952 528 4011 crescentes
551 3945 732 4028 primitivas
756 3947 1000 4029 appellaverim,
1025 3949 1168 4031 quodam
1192 3948 1291 4013 modo
1314 3952 1423 4013 trans·

225 4052 382 4117 silienrnt.
417 4051 512 4130 Quod
528 4052 616 4116 enirn
632 4053 893 4135 antiquissimam
917 4054 1061 4136 aliquam
1079 4054 1178 4118 tuisse
1195 4054 1422 4119 Romanorum

226 4159 339 4240 poesin
374 4178 512 4240 eamque
547 4160 590 4222 ab
619 4158 723 4224 Ennio
754 4160 889 4242 aliisque
917 4161 1070 4225 obrutam
1105 4180 1176 4225 esse
1211 4161 1340 4243 putavit
1374 4162 1424 4226 vir

186 4297 213 4339 ω
226 4265 383 4347 egregius
407 4266 463 4347 qui
484 4284 590 4346 nuper
613 4284 631 4328 e
652 4268 747 4330 terris
764 4267 921 4345 discessit,
944 4266 1152 4345 Niebuhrius,
1175 4287 1283 4349 neque
1300 4267 1423 4349 apertis

254 4524 277 4594 ¹)
295 4528 472 4597 Prooermma
489 4530 518 4583 in
536 4529 606 4584 iacto
624 4529 753 4585 natalicio
771 4530 842 4600 regis
861 4548 885 4586 a
905 4530 983 4585 1831.
