2956 5190
701 208 764 328 ΙΙΙ

130 476 322 540 quanquam
346 456 435 540 quod
457 462 572 540 postea
595 458 680 524 inter
702 459 844 525 colonias
862 457 973 541 populi
990 458 1132 523 Romani
1147 477 1213 523 non
1229 459 1332 523 nomi-

129 567 255 629 nantur
289 562 380 647 (nam
414 565 504 646 apud
532 566 657 629 Lisium
686 565 812 643 XXVII,
848 565 868 631 9
897 585 957 648 pro
988 564 1077 628 θοντο
1099 566 1230 629 nomme
1253 564 1332 628 sub·

130 672 336 737 stituendum
366 690 438 737 esse
466 670 564 748 Soron
599 676 674 754 post
707 669 857 754 patebit),
894 691 933 736 ea
968 690 1097 753 quoque
1133 691 1232 736 causa
1259 689 1332 735 esse

133 781 255 861 potest,
287 778 377 861 quod
404 779 538 844 coloniae
561 779 594 842 In
617 778 773 861 oppidula
796 783 929 862 recepta
952 798 1018 844 non
1041 779 1160 842 iterum
1183 777 1332 842 deductae

130 885 217 962 siut,
240 885 389 951 Pometia
412 885 544 969 quidem
568 904 681 950 eversa
703 885 801 968 plane
824 886 953 951 videtur
973 883 1054 968 (Liv.
1072 884 1109 960 Π,
1133 881 1207 964 25);
1231 883 1332 949 Cora-

130 1010 252 1056 norum
287 1010 407 1057 nomen
441 991 530 1074 apud
564 991 704 1056 Plinium
739 993 870 1075 ponitur
904 991 960 1074 (H.
984 991 1022 1056 N.
1047 990 1098 1067 III,
1122 986 1189 1071 63),
1224 991 1332 1054 vicum
1346 1010 1387 1052 οοο
1467 1011 1471 1018 ·

132 1099 206 1163 siue
229 1098 330 1164 dubio
352 1097 524 1181 parvulum
548 1096 777 1163 habitantium.
813 1098 955 1167 Coloniae
979 1097 1175 1163 aRomanis
1193 1097 1332 1162 Latinis·

131 1223 199 1287 que
222 1207 256 1269 et
278 1204 427 1270 Hernicis
451 1205 668 1270 communitor
690 1206 840 1270 deductae
868 1206 1004 1287 vestigIa
1032 1204 1230 1269 Niebuhrius
1253 1203 1333 1268 scite

132 1313 281 1394 repperit
303 1312 336 1375 In
359 1312 407 1389 iis,
442 1332 517 1395 quae
546 1331 565 1375 a
593 1313 747 1398 DIonysio
770 1311 1053 1378 Halioamassensi
1081 1310 1138 1393 (ad
1167 1329 1243 1374 ann.
1266 1309 1331 1374 467

132 1437 165 1482 a.
189 1417 266 1483 Chr.
289 1415 336 1499 n.)
361 1417 401 1483 de
424 1417 523 1483 Antio
546 1415 773 1501 narrantur¹);
798 1439 876 1485 nam
901 1419 1074 1502 quominus
1098 1419 1268 1501 perspicue
1291 1417 1333 1481 de

88 1555 90 1558 ·
131 1523 201 1589 ulla
224 1524 410 1589 huiusmodi
434 1524 560 1589 colonis
582 1526 775 1604 traderetur,
805 1526 960 1591 obstabat
987 1525 1020 1589 in
1044 1524 1238 1607 scriptorum
1262 1523 1333 1588 ani·

132 1632 197 1696 mis
220 1631 383 1695 inhaerens
407 1630 516 1713 opinio
540 1632 581 1696 de
604 1632 726 1698 Latinis
750 1634 816 1697 iam
849 1639 917 1698 tum
949 1633 1075 1708 eodem,
1112 1650 1176 1714 quo
1207 1634 1332 1712 postea,

131 1736 235 1804 modo
257 1740 393 1820 Imperio
416 1738 642 1804 Romanorum
665 1740 868 1825 parentibus.
914 1740 986 1804 Non
1013 1758 1097 1820 nego
1125 1737 1195 1802 fieri
1224 1736 1333 1819 aIIquo

131 1843 234 1909 modo
257 1843 411 1926 potuisse,
436 1850 472 1910 ut
495 1845 681 1911 butusmodi
705 1846 830 1911 colonia
845 1846 1006 1910 universae
1021 1844 1185 1910 societatis
1201 1842 1333 1908 nomme

134 1950 279 2015 deducta
302 1955 426 2034 postea,
462 1951 652 2017 Latinorum
679 1951 803 2017 viribus
826 1952 948 2029 fractis,
983 1954 1030 2016 Ita
1052 1952 1085 2015 in
1108 1950 1334 2014 Romanorum

132 2060 333 2139 potestatem
356 2057 491 2136 veniret,
516 2061 553 2122 ut
574 2057 685 2141 populi
709 2059 851 2124 Romani
875 2059 1001 2124 colonia
1023 2058 1202 2122 haberetur
1220 2055 1333 2140 appel·

132 2163 337 2246 lamturquo3
369 2167 400 2228 et
424 2165 528 2246 possit
549 2165 612 2229 hoc
635 2165 751 2248 aliquis
775 2164 932 2248 suspicari
956 2165 1087 2229 deuna
1111 2168 1143 2229 et
1167 2164 1270 2229 altera
1294 2183 1334 2228 ex

133 2269 369 2352 antiquissimis
400 2270 534 2335 coloniis
563 2271 696 2349 Latinis,
732 2272 820 2336 velut
852 2273 893 2337 de
924 2272 1046 2349 Norba,
1081 2290 1155 2353 quae
1186 2266 1334 2352 proximo

132 2381 212 2460 post
234 2376 341 2442 foedus
365 2377 472 2459 Spurii
501 2378 602 2442 Cassii
631 2398 717 2443 anno
746 2377 838 2462 (492)
869 2380 902 2444 in
932 2380 1004 2461 ipso
1035 2377 1128 2442 Latio
1159 2375 1335 2440 constituta

133 2486 186 2548 est
209 2482 291 2564 (Lis.
314 2483 352 2560 II,
383 2480 449 2565 34).
496 2484 598 2567 Magis
630 2490 742 2549 tamen
772 2471 906 2550 inclinat
936 2485 1074 2560 animus,
1108 2487 1145 2548 ut
1176 2482 1334 2548 eiusmodi

133 2589 259 2672 oppida
281 2609 302 2654 a
324 2590 484 2655 Romanis
508 2591 623 2656 eodem
647 2591 717 2656 Ioco
740 2591 855 2656 habita
877 2595 1000 2674 putem,
1025 2610 1089 2673 quo
1107 2589 1239 2672 reliquae
1257 2588 1335 2653 civi·

133 2698 223 2761 intes
246 2696 371 2760 LatInae
394 2701 520 2762 veteres
551 2697 775 2775 habebantur3
810 2717 851 2761 ex
882 2717 947 2781 quo
978 2698 1132 2778 sequitur,
1168 2698 1214 2774 ut,
1250 2714 1333 2778 quae,

135 2801 287 2867 deductis
311 2807 387 2868 ante
411 2805 563 2869 Latmum
587 2824 706 2870 nornen
729 2805 827 2887 plane
851 2804 1034 2881 subactum,
1058 2807 1173 2885 postea
1197 2801 1239 2867 ab
1263 2801 1334 2884 ipso

134 2908 259 2991 populo
280 2909 432 2976 Romano
455 2913 488 2976 in
511 2912 642 2994 publico
665 2913 783 2977 virium
805 2911 933 2994 imperii
957 2929 1094 2975 recensu
1118 2909 1251 2974 coloniae
1275 2928 1334 2991 ap·

133 3015 267 3098 pollatoe
290 3011 353 3081 sint
389 3017 423 3100 (a
452 3018 570 3101 quibus
599 3019 721 3101 oppida
749 3018 865 3083 Latina
888 3017 1059 3092 foederata,
1095 3015 1209 3093 Tibur,
1243 3015 1334 3080 Prae·
1349 3040 1388 3082 τοι

134 3125 241 3200 noste,
275 3122 340 3187 alia
374 3123 680 3207 distinguebantur),
717 3145 774 3189 eas
808 3143 922 3190 omnes
952 3125 994 3188 ab
1023 3123 1114 3187 initio
1142 3121 1211 3186 eius
1234 3122 1334 3187 solius

132 3230 330 3294 suctorItato
353 3229 511 3296 deductas
536 3232 678 3296 credam.
713 3230 775 3295 Hae
798 3235 876 3296 sunt
898 3234 1008 3295 autem
1032 3232 1152 3312 praeter
1175 3228 1331 3311 Signiam,

133 3334 286 3412 Circeios,
320 3336 477 3416 Norbam,
513 3358 594 3421 quas
629 3340 693 3402 Iam
730 3338 993 3414 commemoravi,
1028 3334 1138 3400 Ardea
1173 3333 1217 3417 (a.
1241 3333 1332 3417 442),

160 3545 183 3616 ¹)
202 3549 260 3604 Lib.
273 3549 318 3615 lx,
337 3549 385 3603 59:
404 3545 505 3617 ὄλίγων
516 3544 763 3618 ἄπογραψομένων
774 3548 852 3606 ἔδοξε
869 3551 898 3617 τῇ
910 3547 1000 3616 βουλῇ,
1020 3541 1116 3608 ἐπειδή
1130 3541 1179 3596 οὔτε
1192 3540 1337 3614 ἀξιόχρεως

205 3629 240 3700 ἢν
264 3632 453 3699 ὅᾶπόοτολος,
483 3636 625 3706 ἐπιτρέψαι
649 3643 776 3688 Λατίνων
802 3653 830 3688 τε
856 3635 902 3686 καὶ
928 3631 1062 3703 Ἑρνίκων
1085 3636 1141 3693 τοῖς
1162 3633 1337 3702 βουλομένοις

204 3729 253 3789 τῆς
269 3722 400 3784 ἀποικίας
416 3728 548 3796 μετέχειν.
576 3726 669 3781 Linus
688 3725 746 3794 (111,
766 3725 792 3792 1)
811 3727 846 3780 ds
864 3724 969 3780 Latinis
987 3731 1015 3779 st
1029 3724 1153 3778 Hernicis
1171 3724 1254 3793 plane
1267 3722 1336 3776 nihil

207 3815 280 3870 dicit
317 3815 466 3869 Manebsut
483 3820 583 3884 praeter
600 3815 736 3869 colomam
759 3813 886 3868 Latinam
911 3814 969 3869 sive
992 3813 1083 3884 potius
1106 3812 1222 3866 mixtam
1245 3810 1337 3865 Volsci
1378 3811 1379 3814 ’

205 3909 312 3959 veteres
335 3903 439 3968 inooloe,
467 3908 499 3957 ut
521 3903 560 3957 ait
582 3903 656 3957 idom
680 3902 826 3971 Dionysius
849 3899 984 3969 (1x‚60):
1011 3900 1044 3953 τά
1068 3897 1092 3952 τ’
1115 3897 1335 3970 ἀπομερισθέντα

204 3999 279 4062 ostes
297 3993 343 4043 καὶ
360 3986 391 4042 τοτ’
410 3987 462 4042 imi
481 3995 536 4042 τῶν
558 3987 716 4059 κληρούχων
739 3986 928 4058 ἀφορισθέντα
947 3986 1071 4059 κτήματα
1090 3993 1273 4059 γεωργοῦντες
1292 3987 1334 4039 ἐπὶ

203 4079 296 4150 ῥηταῖς
313 4095 366 4131 τιοι
385 4080 430 4130 καὶ
450 4082 627 4149 τεταγμέναις
644 4083 761 4149 μοίραις.
799 4079 870 4133 Hinc
888 4079 990 4144 Livius,
1015 4083 1148 4148 perpetuo
1173 4084 1279 4132 veteres
1297 4078 1337 4130 iu·

203 4171 278 4225 colas
296 4187 359 4226 cunr
380 4168 483 4223 colonis
501 4169 681 4233 confundens,
702 4169 812 4223 oolonos
830 4168 943 4223 Volsoos
962 4168 1069 4223 additos
1087 4167 1179 4221 tradit.
1217 4164 1336 4235 [Horum

204 4264 331 4314 veterum
359 4258 512 4312 Inoolmnm
540 4274 556 4312 a
583 4257 686 4311 colonis
718 4256 918 4312 dissensionem
951 4264 980 4313 st
1011 4259 1039 4312 in
1067 4273 1115 4312 eos
1143 4256 1338 4325 Romanosque

204 4347 299 4401 odium
318 4347 377 4416 ipse
395 4346 488 4401 Livius
507 4345 573 4401 sotis
591 4351 686 4416 operte
704 4345 838 4416 qunifioat
857 4343 915 4411 (III,
934 4343 950 4396 4
970 4349 998 4399 st
1017 4341 1083 4412 10).]
1112 4345 1219 4400 cisium
1232 4345 1339 4400 colonia

206 4452 279 4490 anno
297 4437 410 4490 demum
430 4434 483 4488 338
501 4435 616 4489 Antium
635 4435 753 4489 deducta
776 4439 826 4501 est,
849 4433 988 4488 veteribus
1012 4433 1108 4488 tnooIIs
1134 4434 1291 4505 colonisque
1309 4434 1339 4488 in

206 4525 345 4579 cirinum
367 4525 493 4594 receptis,
511 4524 571 4578 sins
589 4523 673 4578 dnbio
692 4523 751 4578 sine
769 4522 900 4592 suffragio
918 4520 986 4589 (Lis.
1005 4521 1076 4588 vm,
1095 4520 1149 4588 14).

1076 4609 1125 4663 14·
