<?xml version="1.0" encoding="UTF-8"?>
<!DOCTYPE html PUBLIC "-//W3C//DTD XHTML 1.0 Transitional//EN"
    "http://www.w3.org/TR/xhtml1/DTD/xhtml1-transitional.dtd">
<html xmlns="http://www.w3.org/1999/xhtml" xml:lang="en" lang="en">
 <head>
  <title>
</title>
<meta http-equiv="Content-Type" content="text/html;charset=utf-8" />
  <meta name='ocr-system' content='tesseract 3.04.00' />
  <meta name='ocr-capabilities' content='ocr_page ocr_carea ocr_par ocr_line ocrx_word'/>
</head>
<body>
  <div class='ocr_page' id='page_1' title='image "./ionicolaimadvig02madvgoog_0636.png"; bbox 0 0 2956 5190; ppageno 0'>
   <div class='ocr_carea' id='block_1_1' title="bbox 700 275 766 341">
    <p class='ocr_par' dir='ltr' id='par_1_1' title="bbox 700 275 766 341">
     <span class='ocr_line' id='line_1_1' title="bbox 700 275 766 341; baseline -0.03 0"><span class='ocrx_word' id='word_1_1' title='bbox 700 275 766 341; x_wconf 83' lang='lat'><strong>613</strong></span> 
     </span>
    </p>
   </div>
   <div class='ocr_carea' id='block_1_2' title="bbox 128 466 1390 2578">
    <p class='ocr_par' dir='ltr' id='par_1_2' title="bbox 128 466 1390 2578">
     <span class='ocr_line' id='line_1_2' title="bbox 128 466 1386 553; baseline -0.002 -17"><span class='ocrx_word' id='word_1_2' title='bbox 128 470 188 536; x_wconf 89' lang='lat' dir='ltr'><strong>lib.</strong></span> <span class='ocrx_word' id='word_1_3' title='bbox 213 471 250 549; x_wconf 89' lang='lat' dir='ltr'><strong>ll,</strong></span> <span class='ocrx_word' id='word_1_4' title='bbox 275 471 328 548; x_wconf 83' lang='grc'><strong>32,</strong></span> <span class='ocrx_word' id='word_1_5' title='bbox 354 466 441 553; x_wconf 81' lang='lat'><strong>79¹),</strong></span> <span class='ocrx_word' id='word_1_6' title='bbox 464 471 564 548; x_wconf 91' lang='lat' dir='ltr'><strong>nullo,</strong></span> <span class='ocrx_word' id='word_1_7' title='bbox 595 474 686 553; x_wconf 91' lang='lat' dir='ltr'><strong>puto,</strong></span> <span class='ocrx_word' id='word_1_8' title='bbox 710 470 906 550; x_wconf 80' lang='lat' dir='ltr'><strong>discrimine,</strong></span> <span class='ocrx_word' id='word_1_9' title='bbox 935 473 994 537; x_wconf 88' lang='lat' dir='ltr'><strong>sed</strong></span> <span class='ocrx_word' id='word_1_10' title='bbox 1017 477 1054 537; x_wconf 89' lang='lat' dir='ltr'><strong>ut</strong></span> <span class='ocrx_word' id='word_1_11' title='bbox 1077 472 1255 539; x_wconf 81' lang='lat' dir='ltr'><strong>faciliorem</strong></span> <span class='ocrx_word' id='word_1_12' title='bbox 1277 495 1332 538; x_wconf 87' lang='lat' dir='ltr'><strong>ra·</strong></span> <span class='ocrx_word' id='word_1_13' title='bbox 1346 491 1386 534; x_wconf 78' lang='lat' dir='ltr'><strong>nn</strong></span> 
     </span>
     <span class='ocr_line' id='line_1_3' title="bbox 129 578 1334 662; baseline 0.003 -20"><span class='ocrx_word' id='word_1_14' title='bbox 129 579 254 642; x_wconf 91' lang='lat' dir='ltr'><strong>tionem</strong></span> <span class='ocrx_word' id='word_1_15' title='bbox 286 578 412 643; x_wconf 76' lang='lat' dir='ltr'><strong>sortitio</strong></span> <span class='ocrx_word' id='word_1_16' title='bbox 440 578 593 655; x_wconf 86' lang='lat' dir='ltr'><strong>haberet,</strong></span> <span class='ocrx_word' id='word_1_17' title='bbox 629 597 730 659; x_wconf 90' lang='lat' dir='ltr'><strong>quum</strong></span> <span class='ocrx_word' id='word_1_18' title='bbox 766 578 882 643; x_wconf 90' lang='lat' dir='ltr'><strong>eodem</strong></span> <span class='ocrx_word' id='word_1_19' title='bbox 916 583 1063 661; x_wconf 88' lang='lat' dir='ltr'><strong>tempore</strong></span> <span class='ocrx_word' id='word_1_20' title='bbox 1092 580 1187 662; x_wconf 88' lang='lat' dir='ltr'><strong>plura</strong></span> <span class='ocrx_word' id='word_1_21' title='bbox 1214 581 1334 647; x_wconf 88' lang='lat' dir='ltr'><strong>iudicia</strong></span> 
     </span>
     <span class='ocr_line' id='line_1_4' title="bbox 129 683 1334 769; baseline 0.002 -20"><span class='ocrx_word' id='word_1_22' title='bbox 129 687 372 749; x_wconf 81' lang='lat' dir='ltr'><strong>exercerentur.</strong></span> <span class='ocrx_word' id='word_1_23' title='bbox 409 683 542 748; x_wconf 84' lang='lat' dir='ltr'><strong>Aurelia</strong></span> <span class='ocrx_word' id='word_1_24' title='bbox 565 684 635 766; x_wconf 90' lang='lat' dir='ltr'><strong>lege</strong></span> <span class='ocrx_word' id='word_1_25' title='bbox 658 688 725 749; x_wconf 91' lang='lat' dir='ltr'><strong>tres</strong></span> <span class='ocrx_word' id='word_1_26' title='bbox 749 685 845 750; x_wconf 87' lang='lat' dir='ltr'><strong>factae</strong></span> <span class='ocrx_word' id='word_1_27' title='bbox 868 688 944 748; x_wconf 90' lang='lat' dir='ltr'><strong>sunt</strong></span> <span class='ocrx_word' id='word_1_28' title='bbox 967 685 1117 764; x_wconf 78' lang='lat' dir='ltr'><strong>decuriae,</strong></span> <span class='ocrx_word' id='word_1_29' title='bbox 1141 686 1277 769; x_wconf 74' lang='lat' dir='ltr'><strong>singulae</strong></span> <span class='ocrx_word' id='word_1_30' title='bbox 1293 706 1334 751; x_wconf 83' lang='lat' dir='ltr'><strong>ex</strong></span> 
     </span>
     <span class='ocr_line' id='line_1_5' title="bbox 129 790 1332 874; baseline 0.003 -19"><span class='ocrx_word' id='word_1_31' title='bbox 129 790 267 874; x_wconf 89' lang='lat' dir='ltr'><strong>singulis</strong></span> <span class='ocrx_word' id='word_1_32' title='bbox 292 790 471 868; x_wconf 72' lang='lat' dir='ltr'><strong>ordinibus</strong></span> <span class='ocrx_word' id='word_1_33' title='bbox 507 791 621 868; x_wconf 84' lang='lat' dir='ltr'><strong>itaut,</strong></span> <span class='ocrx_word' id='word_1_34' title='bbox 657 791 795 856; x_wconf 90' lang='lat' dir='ltr'><strong>sublatis</strong></span> <span class='ocrx_word' id='word_1_35' title='bbox 825 811 845 855; x_wconf 87' lang='lat' dir='ltr'><strong>a</strong></span> <span class='ocrx_word' id='word_1_36' title='bbox 874 791 1005 856; x_wconf 84' lang='lat' dir='ltr'><strong>Caesare</strong></span> <span class='ocrx_word' id='word_1_37' title='bbox 1033 792 1171 857; x_wconf 87' lang='lat' dir='ltr'><strong>tribunis</strong></span> <span class='ocrx_word' id='word_1_38' title='bbox 1200 794 1332 872; x_wconf 75' lang='lat' dir='ltr'><strong>aerariiS,</strong></span> 
     </span>
     <span class='ocr_line' id='line_1_6' title="bbox 131 896 1333 979; baseline 0.002 -17"><span class='ocrx_word' id='word_1_39' title='bbox 131 898 208 962; x_wconf 87' lang='lat' dir='ltr'><strong>duae</strong></span> <span class='ocrx_word' id='word_1_40' title='bbox 230 898 352 962; x_wconf 86' lang='lat' dir='ltr'><strong>relictae</strong></span> <span class='ocrx_word' id='word_1_41' title='bbox 376 897 450 975; x_wconf 90' lang='lat' dir='ltr'><strong>sint,</strong></span> <span class='ocrx_word' id='word_1_42' title='bbox 486 897 574 979; x_wconf 94' lang='lat' dir='ltr'><strong>quod</strong></span> <span class='ocrx_word' id='word_1_43' title='bbox 602 896 788 979; x_wconf 77' lang='lat' dir='ltr'><strong>intelligitur</strong></span> <span class='ocrx_word' id='word_1_44' title='bbox 817 916 857 960; x_wconf 84' lang='lat' dir='ltr'><strong>ex</strong></span> <span class='ocrx_word' id='word_1_45' title='bbox 885 897 924 962; x_wconf 89' lang='lat' dir='ltr'><strong>iis</strong></span> <span class='ocrx_word' id='word_1_46' title='bbox 951 897 1039 977; x_wconf 90' lang='lat' dir='ltr'><strong>locis,</strong></span> <span class='ocrx_word' id='word_1_47' title='bbox 1075 898 1132 964; x_wconf 95' lang='lat' dir='ltr'><strong>ubi</strong></span> <span class='ocrx_word' id='word_1_48' title='bbox 1155 899 1267 965; x_wconf 81' lang='lat' dir='ltr'><strong>Cicero</strong></span> <span class='ocrx_word' id='word_1_49' title='bbox 1290 900 1333 965; x_wconf 88' lang='grc' dir='ltr'><strong>Μ.</strong></span> 
     </span>
     <span class='ocr_line' id='line_1_7' title="bbox 130 1002 1335 1087; baseline 0.002 -18"><span class='ocrx_word' id='word_1_50' title='bbox 130 1005 267 1069; x_wconf 91' lang='lat' dir='ltr'><strong>Antonii</strong></span> <span class='ocrx_word' id='word_1_51' title='bbox 290 1004 396 1087; x_wconf 89' lang='lat' dir='ltr'><strong>legem</strong></span> <span class='ocrx_word' id='word_1_52' title='bbox 419 1004 604 1069; x_wconf 88' lang='lat' dir='ltr'><strong>iudicialem</strong></span> <span class='ocrx_word' id='word_1_53' title='bbox 629 1007 876 1069; x_wconf 85' lang='lat' dir='ltr'><strong>commemorat.</strong></span> <span class='ocrx_word' id='word_1_54' title='bbox 911 1002 996 1086; x_wconf 88' lang='lat' dir='ltr'><strong>(Vid.</strong></span> <span class='ocrx_word' id='word_1_55' title='bbox 1020 1025 1053 1087; x_wconf 91' lang='lat' dir='ltr'><strong>p.</strong></span> <span class='ocrx_word' id='word_1_56' title='bbox 1076 1004 1141 1070; x_wconf 84' lang='lat'><strong>256</strong></span> <span class='ocrx_word' id='word_1_57' title='bbox 1164 1004 1246 1087; x_wconf 89' lang='lat' dir='ltr'><strong>not.)</strong></span> <span class='ocrx_word' id='word_1_58' title='bbox 1286 1006 1335 1071; x_wconf 81' lang='lat' dir='ltr'><strong>Ex</strong></span> 
     </span>
     <span class='ocr_line' id='line_1_8' title="bbox 129 1108 1335 1193; baseline 0 -17"><span class='ocrx_word' id='word_1_59' title='bbox 129 1110 184 1176; x_wconf 90' lang='lat' dir='ltr'><strong>his</strong></span> <span class='ocrx_word' id='word_1_60' title='bbox 207 1112 241 1175; x_wconf 92' lang='lat' dir='ltr'><strong>in</strong></span> <span class='ocrx_word' id='word_1_61' title='bbox 264 1109 403 1193; x_wconf 90' lang='lat' dir='ltr'><strong>publicis</strong></span> <span class='ocrx_word' id='word_1_62' title='bbox 427 1111 533 1175; x_wconf 89' lang='lat' dir='ltr'><strong>causis</strong></span> <span class='ocrx_word' id='word_1_63' title='bbox 557 1108 691 1193; x_wconf 85' lang='lat' dir='ltr'><strong>aequalis</strong></span> <span class='ocrx_word' id='word_1_64' title='bbox 714 1109 858 1174; x_wconf 90' lang='lat' dir='ltr'><strong>iudicum</strong></span> <span class='ocrx_word' id='word_1_65' title='bbox 881 1131 1037 1176; x_wconf 89' lang='lat' dir='ltr'><strong>numerus</strong></span> <span class='ocrx_word' id='word_1_66' title='bbox 1066 1113 1151 1176; x_wconf 90' lang='lat' dir='ltr'><strong>sumi</strong></span> <span class='ocrx_word' id='word_1_67' title='bbox 1180 1110 1335 1176; x_wconf 89' lang='lat' dir='ltr'><strong>debebat.</strong></span> 
     </span>
     <span class='ocr_line' id='line_1_9' title="bbox 131 1215 1336 1300; baseline 0 -18"><span class='ocrx_word' id='word_1_68' title='bbox 131 1217 200 1282; x_wconf 90' lang='lat' dir='ltr'><strong>Sed</strong></span> <span class='ocrx_word' id='word_1_69' title='bbox 223 1217 256 1281; x_wconf 94' lang='lat' dir='ltr'><strong>in</strong></span> <span class='ocrx_word' id='word_1_70' title='bbox 280 1217 323 1282; x_wconf 91' lang='lat' dir='ltr'><strong>M.</strong></span> <span class='ocrx_word' id='word_1_71' title='bbox 348 1216 462 1281; x_wconf 86' lang='lat' dir='ltr'><strong>Scauri</strong></span> <span class='ocrx_word' id='word_1_72' title='bbox 486 1236 586 1284; x_wconf 88' lang='lat' dir='ltr'><strong>causa</strong></span> <span class='ocrx_word' id='word_1_73' title='bbox 609 1217 788 1281; x_wconf 87' lang='lat' dir='ltr'><strong>sententias</strong></span> <span class='ocrx_word' id='word_1_74' title='bbox 812 1215 925 1281; x_wconf 90' lang='lat' dir='ltr'><strong>tulisse</strong></span> <span class='ocrx_word' id='word_1_75' title='bbox 948 1221 1116 1283; x_wconf 88' lang='lat' dir='ltr'><strong>senatores</strong></span> <span class='ocrx_word' id='word_1_76' title='bbox 1131 1218 1185 1297; x_wconf 91' lang='grc'><strong>22,</strong></span> <span class='ocrx_word' id='word_1_77' title='bbox 1210 1219 1336 1300; x_wconf 88' lang='lat' dir='ltr'><strong>equites</strong></span> 
     </span>
     <span class='ocr_line' id='line_1_10' title="bbox 131 1319 1334 1407; baseline 0.002 -19"><span class='ocrx_word' id='word_1_78' title='bbox 131 1323 188 1402; x_wconf 87' lang='grc'><strong>23,</strong></span> <span class='ocrx_word' id='word_1_79' title='bbox 224 1324 373 1388; x_wconf 82' lang='lat' dir='ltr'><strong>tribunos</strong></span> <span class='ocrx_word' id='word_1_80' title='bbox 402 1325 534 1389; x_wconf 89' lang='lat' dir='ltr'><strong>aerarios</strong></span> <span class='ocrx_word' id='word_1_81' title='bbox 564 1322 614 1406; x_wconf 88' lang='lat' dir='ltr'><strong>(ut</strong></span> <span class='ocrx_word' id='word_1_82' title='bbox 642 1319 763 1404; x_wconf 86' lang='lat' dir='ltr'><strong>editur)</strong></span> <span class='ocrx_word' id='word_1_83' title='bbox 791 1322 844 1402; x_wconf 83' lang='grc'><strong>25,</strong></span> <span class='ocrx_word' id='word_1_84' title='bbox 878 1323 1040 1389; x_wconf 89' lang='lat' dir='ltr'><strong>Asconius</strong></span> <span class='ocrx_word' id='word_1_85' title='bbox 1067 1325 1180 1389; x_wconf 85' lang='lat' dir='ltr'><strong>scribit</strong></span> <span class='ocrx_word' id='word_1_86' title='bbox 1202 1323 1334 1407; x_wconf 87' lang='lat' dir='ltr'><strong>(comm.</strong></span> 
     </span>
     <span class='ocr_line' id='line_1_11' title="bbox 132 1424 1333 1513; baseline -0.001 -18"><span class='ocrx_word' id='word_1_87' title='bbox 132 1428 312 1511; x_wconf 85' lang='lat' dir='ltr'><strong>extremo);</strong></span> <span class='ocrx_word' id='word_1_88' title='bbox 347 1429 380 1494; x_wconf 94' lang='lat' dir='ltr'><strong>in</strong></span> <span class='ocrx_word' id='word_1_89' title='bbox 409 1424 540 1495; x_wconf 58' lang='lat' dir='ltr'><strong>‘Milonis</strong></span> <span class='ocrx_word' id='word_1_90' title='bbox 571 1433 681 1494; x_wconf 87' lang='lat' dir='ltr'><strong>autem</strong></span> <span class='ocrx_word' id='word_1_91' title='bbox 713 1449 814 1494; x_wconf 86' lang='lat' dir='ltr'><strong>causa</strong></span> <span class='ocrx_word' id='word_1_92' title='bbox 845 1433 1012 1495; x_wconf 86' lang='lat' dir='ltr'><strong>senatores</strong></span> <span class='ocrx_word' id='word_1_93' title='bbox 1044 1432 1095 1509; x_wconf 85' lang='lat'><strong>18,</strong></span> <span class='ocrx_word' id='word_1_94' title='bbox 1131 1431 1257 1513; x_wconf 88' lang='lat' dir='ltr'><strong>equites</strong></span> <span class='ocrx_word' id='word_1_95' title='bbox 1282 1431 1333 1509; x_wconf 91' lang='grc'><strong>17,</strong></span> 
     </span>
     <span class='ocr_line' id='line_1_12' title="bbox 134 1535 1335 1620; baseline 0.001 -19"><span class='ocrx_word' id='word_1_96' title='bbox 134 1537 285 1602; x_wconf 88' lang='lat' dir='ltr'><strong>tribunos</strong></span> <span class='ocrx_word' id='word_1_97' title='bbox 312 1537 363 1614; x_wconf 83' lang='grc'><strong>16,</strong></span> <span class='ocrx_word' id='word_1_98' title='bbox 388 1536 568 1618; x_wconf 91' lang='lat' dir='ltr'><strong>eodemque</strong></span> <span class='ocrx_word' id='word_1_99' title='bbox 591 1555 729 1601; x_wconf 91' lang='lat' dir='ltr'><strong>numero</strong></span> <span class='ocrx_word' id='word_1_100' title='bbox 751 1537 785 1601; x_wconf 92' lang='lat' dir='ltr'><strong>in</strong></span> <span class='ocrx_word' id='word_1_101' title='bbox 808 1536 850 1601; x_wconf 87' lang='lat' dir='ltr'><strong>M.</strong></span> <span class='ocrx_word' id='word_1_102' title='bbox 875 1535 1007 1615; x_wconf 82' lang='lat' dir='ltr'><strong>Saufeii,</strong></span> <span class='ocrx_word' id='word_1_103' title='bbox 1032 1538 1087 1620; x_wconf 93' lang='lat' dir='ltr'><strong>qui</strong></span> <span class='ocrx_word' id='word_1_104' title='bbox 1111 1538 1227 1602; x_wconf 92' lang='lat' dir='ltr'><strong>eodem</strong></span> <span class='ocrx_word' id='word_1_105' title='bbox 1249 1541 1335 1602; x_wconf 88' lang='lat' dir='ltr'><strong>tem·</strong></span> 
     </span>
     <span class='ocr_line' id='line_1_13' title="bbox 132 1642 1334 1726; baseline 0.002 -18"><span class='ocrx_word' id='word_1_106' title='bbox 132 1662 224 1726; x_wconf 92' lang='lat' dir='ltr'><strong>pore,</strong></span> <span class='ocrx_word' id='word_1_107' title='bbox 249 1662 314 1724; x_wconf 95' lang='lat' dir='ltr'><strong>quo</strong></span> <span class='ocrx_word' id='word_1_108' title='bbox 338 1643 424 1720; x_wconf 88' lang='lat' dir='ltr'><strong>Milo,</strong></span> <span class='ocrx_word' id='word_1_109' title='bbox 449 1645 565 1709; x_wconf 87' lang='lat' dir='ltr'><strong>eadem</strong></span> <span class='ocrx_word' id='word_1_110' title='bbox 589 1644 660 1726; x_wconf 88' lang='lat' dir='ltr'><strong>lega</strong></span> <span class='ocrx_word' id='word_1_111' title='bbox 676 1646 849 1708; x_wconf 88' lang='lat' dir='ltr'><strong>accusatus</strong></span> <span class='ocrx_word' id='word_1_112' title='bbox 866 1647 926 1707; x_wconf 91' lang='lat' dir='ltr'><strong>est.</strong></span> <span class='ocrx_word' id='word_1_113' title='bbox 961 1642 1095 1725; x_wconf 92' lang='lat' dir='ltr'><strong>Opinor,</strong></span> <span class='ocrx_word' id='word_1_114' title='bbox 1119 1643 1153 1707; x_wconf 92' lang='lat' dir='ltr'><strong>in</strong></span> <span class='ocrx_word' id='word_1_115' title='bbox 1168 1663 1334 1711; x_wconf 84' lang='lat' dir='ltr'><strong>commen·</strong></span> 
     </span>
     <span class='ocr_line' id='line_1_14' title="bbox 131 1749 1335 1833; baseline 0.001 -20"><span class='ocrx_word' id='word_1_116' title='bbox 131 1750 218 1815; x_wconf 89' lang='lat' dir='ltr'><strong>tario</strong></span> <span class='ocrx_word' id='word_1_117' title='bbox 242 1749 430 1814; x_wconf 89' lang='lat' dir='ltr'><strong>Scaurianae</strong></span> <span class='ocrx_word' id='word_1_118' title='bbox 452 1751 560 1833; x_wconf 92' lang='lat' dir='ltr'><strong>ipsum</strong></span> <span class='ocrx_word' id='word_1_119' title='bbox 590 1749 768 1814; x_wconf 87' lang='lat' dir='ltr'><strong>Asconium</strong></span> <span class='ocrx_word' id='word_1_120' title='bbox 796 1749 840 1812; x_wconf 90' lang='grc'><strong>24</strong></span> <span class='ocrx_word' id='word_1_121' title='bbox 868 1749 1016 1814; x_wconf 91' lang='lat' dir='ltr'><strong>tribunos</strong></span> <span class='ocrx_word' id='word_1_122' title='bbox 1044 1751 1227 1832; x_wconf 88' lang='lat' dir='ltr'><strong>scripsisse;</strong></span> <span class='ocrx_word' id='word_1_123' title='bbox 1263 1751 1335 1814; x_wconf 89' lang='lat' dir='ltr'><strong>uni·</strong></span> 
     </span>
     <span class='ocr_line' id='line_1_15' title="bbox 134 1855 1334 1938; baseline 0 -18"><span class='ocrx_word' id='word_1_124' title='bbox 134 1876 249 1921; x_wconf 85' lang='lat' dir='ltr'><strong>versus</strong></span> <span class='ocrx_word' id='word_1_125' title='bbox 281 1855 368 1920; x_wconf 84' lang='lat' dir='ltr'><strong>enirn</strong></span> <span class='ocrx_word' id='word_1_126' title='bbox 391 1857 535 1921; x_wconf 91' lang='lat' dir='ltr'><strong>iudicum</strong></span> <span class='ocrx_word' id='word_1_127' title='bbox 559 1876 715 1921; x_wconf 89' lang='lat' dir='ltr'><strong>numerus</strong></span> <span class='ocrx_word' id='word_1_128' title='bbox 738 1855 882 1920; x_wconf 84' lang='lat' dir='ltr'><strong>ternario</strong></span> <span class='ocrx_word' id='word_1_129' title='bbox 906 1855 1005 1920; x_wconf 83' lang='lat' dir='ltr'><strong>dividi</strong></span> <span class='ocrx_word' id='word_1_130' title='bbox 1028 1857 1174 1938; x_wconf 91' lang='lat' dir='ltr'><strong>potuisse</strong></span> <span class='ocrx_word' id='word_1_131' title='bbox 1196 1856 1334 1936; x_wconf 85' lang='lat' dir='ltr'><strong>videtur,</strong></span> 
     </span>
     <span class='ocr_line' id='line_1_16' title="bbox 134 1960 1336 2046; baseline 0.001 -19"><span class='ocrx_word' id='word_1_132' title='bbox 134 1964 194 2028; x_wconf 90' lang='lat' dir='ltr'><strong>sed</strong></span> <span class='ocrx_word' id='word_1_133' title='bbox 217 1964 260 2029; x_wconf 93' lang='lat' dir='ltr'><strong>ob</strong></span> <span class='ocrx_word' id='word_1_134' title='bbox 284 1983 418 2028; x_wconf 88' lang='lat' dir='ltr'><strong>causam</strong></span> <span class='ocrx_word' id='word_1_135' title='bbox 443 1963 587 2045; x_wconf 83' lang='lat' dir='ltr'><strong>aliquam</strong></span> <span class='ocrx_word' id='word_1_136' title='bbox 610 1963 754 2046; x_wconf 88' lang='lat' dir='ltr'><strong>ignotam</strong></span> <span class='ocrx_word' id='word_1_137' title='bbox 779 1960 1056 2044; x_wconf 86' lang='lat' dir='ltr'><strong>(superstitionem</strong></span> <span class='ocrx_word' id='word_1_138' title='bbox 1074 1964 1217 2045; x_wconf 90' lang='lat' dir='ltr'><strong>aliquam</strong></span> <span class='ocrx_word' id='word_1_139' title='bbox 1236 1962 1336 2028; x_wconf 86' lang='lat' dir='ltr'><strong>luisse</strong></span> 
     </span>
     <span class='ocr_line' id='line_1_17' title="bbox 134 2067 1335 2153; baseline -0.002 -18"><span class='ocrx_word' id='word_1_140' title='bbox 134 2068 239 2153; x_wconf 78' lang='lat' dir='ltr'><strong>puto),</strong></span> <span class='ocrx_word' id='word_1_141' title='bbox 271 2070 482 2135; x_wconf 89' lang='lat' dir='ltr'><strong>observatum</strong></span> <span class='ocrx_word' id='word_1_142' title='bbox 506 2089 588 2147; x_wconf 91' lang='lat' dir='ltr'><strong>esse,</strong></span> <span class='ocrx_word' id='word_1_143' title='bbox 623 2072 659 2132; x_wconf 91' lang='lat' dir='ltr'><strong>ut</strong></span> <span class='ocrx_word' id='word_1_144' title='bbox 683 2088 748 2133; x_wconf 90' lang='lat' dir='ltr'><strong>uno</strong></span> <span class='ocrx_word' id='word_1_145' title='bbox 772 2067 939 2133; x_wconf 83' lang='lat' dir='ltr'><strong>differrent</strong></span> <span class='ocrx_word' id='word_1_146' title='bbox 962 2070 1161 2153; x_wconf 86' lang='lat' dir='ltr'><strong>singulorum</strong></span> <span class='ocrx_word' id='word_1_147' title='bbox 1185 2070 1335 2134; x_wconf 89' lang='lat' dir='ltr'><strong>ordinum</strong></span> 
     </span>
     <span class='ocr_line' id='line_1_18' title="bbox 134 2170 1390 2258; baseline 0.001 -18"><span class='ocrx_word' id='word_1_148' title='bbox 134 2176 274 2240; x_wconf 90' lang='lat' dir='ltr'><strong>numeri.</strong></span> <span class='ocrx_word' id='word_1_149' title='bbox 284 2170 311 2257; x_wconf 83' lang='lat'><strong>²)</strong></span> <span class='ocrx_word' id='word_1_150' title='bbox 358 2174 496 2257; x_wconf 91' lang='lat' dir='ltr'><strong>[Saltem</strong></span> <span class='ocrx_word' id='word_1_151' title='bbox 520 2176 600 2258; x_wconf 90' lang='lat' dir='ltr'><strong>legis</strong></span> <span class='ocrx_word' id='word_1_152' title='bbox 623 2176 789 2257; x_wconf 87' lang='lat' dir='ltr'><strong>Pompeiae</strong></span> <span class='ocrx_word' id='word_1_153' title='bbox 812 2175 884 2241; x_wconf 86' lang='lat' dir='ltr'><strong>haec</strong></span> <span class='ocrx_word' id='word_1_154' title='bbox 907 2177 990 2241; x_wconf 91' lang='lat' dir='ltr'><strong>ratio</strong></span> <span class='ocrx_word' id='word_1_155' title='bbox 1014 2177 1085 2242; x_wconf 88' lang='lat' dir='ltr'><strong>fuit.</strong></span> <span class='ocrx_word' id='word_1_156' title='bbox 1128 2176 1212 2240; x_wconf 90' lang='lat' dir='ltr'><strong>Nam</strong></span> <span class='ocrx_word' id='word_1_157' title='bbox 1235 2179 1272 2241; x_wconf 88' lang='lat' dir='ltr'><strong>ut</strong></span> <span class='ocrx_word' id='word_1_158' title='bbox 1295 2176 1336 2241; x_wconf 92' lang='lat' dir='ltr'><strong>de</strong></span> <span class='ocrx_word' id='word_1_159' title='bbox 1349 2191 1390 2232; x_wconf 59' lang='grc' dir='ltr'><strong>πθ</strong></span> 
     </span>
     <span class='ocr_line' id='line_1_19' title="bbox 135 2280 1337 2364; baseline -0.001 -17"><span class='ocrx_word' id='word_1_160' title='bbox 135 2281 250 2347; x_wconf 88' lang='lat' dir='ltr'><strong>Scauri</strong></span> <span class='ocrx_word' id='word_1_161' title='bbox 274 2283 392 2347; x_wconf 92' lang='lat' dir='ltr'><strong>iudicio</strong></span> <span class='ocrx_word' id='word_1_162' title='bbox 416 2281 559 2346; x_wconf 89' lang='lat' dir='ltr'><strong>dubitari</strong></span> <span class='ocrx_word' id='word_1_163' title='bbox 582 2283 694 2364; x_wconf 86' lang='lat' dir='ltr'><strong>possit,</strong></span> <span class='ocrx_word' id='word_1_164' title='bbox 724 2280 812 2359; x_wconf 84' lang='lat' dir='ltr'><strong>iacit,</strong></span> <span class='ocrx_word' id='word_1_165' title='bbox 845 2283 934 2363; x_wconf 89' lang='lat' dir='ltr'><strong>quod</strong></span> <span class='ocrx_word' id='word_1_166' title='bbox 961 2285 994 2347; x_wconf 89' lang='lat' dir='ltr'><strong>in</strong></span> <span class='ocrx_word' id='word_1_167' title='bbox 1017 2282 1146 2348; x_wconf 88' lang='lat' dir='ltr'><strong>Gabinii</strong></span> <span class='ocrx_word' id='word_1_168' title='bbox 1170 2302 1270 2348; x_wconf 89' lang='lat' dir='ltr'><strong>causa</strong></span> <span class='ocrx_word' id='word_1_169' title='bbox 1294 2283 1337 2347; x_wconf 90' lang='grc'><strong>70</strong></span> 
     </span>
     <span class='ocr_line' id='line_1_20' title="bbox 135 2386 1335 2472; baseline 0.002 -20"><span class='ocrx_word' id='word_1_170' title='bbox 135 2389 308 2453; x_wconf 85' lang='lat' dir='ltr'><strong>sententiae</strong></span> <span class='ocrx_word' id='word_1_171' title='bbox 330 2386 406 2453; x_wconf 78' lang='lat' dir='ltr'><strong>latae</strong></span> <span class='ocrx_word' id='word_1_172' title='bbox 430 2389 583 2453; x_wconf 91' lang='lat' dir='ltr'><strong>dicuntur</strong></span> <span class='ocrx_word' id='word_1_173' title='bbox 607 2386 663 2470; x_wconf 88' lang='lat' dir='ltr'><strong>(ad</strong></span> <span class='ocrx_word' id='word_1_174' title='bbox 687 2387 748 2466; x_wconf 86' lang='lat' dir='ltr'><strong>Qu.</strong></span> <span class='ocrx_word' id='word_1_175' title='bbox 772 2387 825 2452; x_wconf 84' lang='lat' dir='ltr'><strong>Fr.</strong></span> <span class='ocrx_word' id='word_1_176' title='bbox 849 2388 900 2467; x_wconf 90' lang='grc' dir='ltr'><strong>ΙΠ,</strong></span> <span class='ocrx_word' id='word_1_177' title='bbox 925 2389 956 2467; x_wconf 88' lang='grc'><strong>4,</strong></span> <span class='ocrx_word' id='word_1_178' title='bbox 981 2389 1024 2454; x_wconf 88' lang='lat' dir='ltr'><strong>ad</strong></span> <span class='ocrx_word' id='word_1_179' title='bbox 1040 2390 1116 2455; x_wconf 84' lang='lat' dir='ltr'><strong>&#39;Att</strong></span> <span class='ocrx_word' id='word_1_180' title='bbox 1134 2390 1187 2467; x_wconf 88' lang='lat' dir='ltr'><strong>lX,</strong></span> <span class='ocrx_word' id='word_1_181' title='bbox 1214 2391 1265 2468; x_wconf 88' lang='grc'><strong>16,</strong></span> <span class='ocrx_word' id='word_1_182' title='bbox 1290 2387 1335 2472; x_wconf 86' lang='grc'><strong>9).</strong></span> 
     </span>
     <span class='ocr_line' id='line_1_21' title="bbox 135 2494 1335 2578; baseline 0.003 -20"><span class='ocrx_word' id='word_1_183' title='bbox 135 2495 173 2559; x_wconf 91' lang='lat' dir='ltr'><strong>ld</strong></span> <span class='ocrx_word' id='word_1_184' title='bbox 197 2494 340 2560; x_wconf 89' lang='lat' dir='ltr'><strong>dubitari</strong></span> <span class='ocrx_word' id='word_1_185' title='bbox 367 2495 491 2578; x_wconf 88' lang='lat' dir='ltr'><strong>nequit,</strong></span> <span class='ocrx_word' id='word_1_186' title='bbox 526 2494 605 2577; x_wconf 93' lang='lat' dir='ltr'><strong>quin</strong></span> <span class='ocrx_word' id='word_1_187' title='bbox 636 2498 725 2559; x_wconf 90' lang='lat' dir='ltr'><strong>certa</strong></span> <span class='ocrx_word' id='word_1_188' title='bbox 755 2494 883 2559; x_wconf 87' lang='lat' dir='ltr'><strong>ratione</strong></span> <span class='ocrx_word' id='word_1_189' title='bbox 912 2498 1044 2559; x_wconf 86' lang='lat' dir='ltr'><strong>cautum</strong></span> <span class='ocrx_word' id='word_1_190' title='bbox 1076 2498 1128 2575; x_wconf 89' lang='lat' dir='ltr'><strong>sit,</strong></span> <span class='ocrx_word' id='word_1_191' title='bbox 1163 2500 1200 2561; x_wconf 94' lang='lat' dir='ltr'><strong>ut</strong></span> <span class='ocrx_word' id='word_1_192' title='bbox 1230 2498 1335 2563; x_wconf 91' lang='lat' dir='ltr'><strong>omnis</strong></span> 
     </span>
    </p>
   </div>
   <div class='ocr_carea' id='block_1_3' title="bbox 165 2745 1339 4605">
    <p class='ocr_par' dir='ltr' id='par_1_3' title="bbox 165 2745 1338 4066">
     <span class='ocr_line' id='line_1_22' title="bbox 165 2745 1337 2826; baseline 0.003 -12"><span class='ocrx_word' id='word_1_193' title='bbox 165 2757 188 2826; x_wconf 93' lang='lat'><strong>¹)</strong></span> <span class='ocrx_word' id='word_1_194' title='bbox 207 2763 260 2814; x_wconf 80' lang='lat' dir='ltr'><strong>Hir</strong></span> <span class='ocrx_word' id='word_1_195' title='bbox 279 2762 394 2813; x_wconf 83' lang='lat' dir='ltr'><strong>alteram</strong></span> <span class='ocrx_word' id='word_1_196' title='bbox 412 2763 551 2814; x_wconf 59' lang='lat' dir='ltr'><strong>decumam</strong></span> <span class='ocrx_word' id='word_1_197' title='bbox 569 2761 735 2814; x_wconf 77' lang='lat' dir='ltr'><strong>senatoriam</strong></span> <span class='ocrx_word' id='word_1_198' title='bbox 749 2761 832 2813; x_wconf 76' lang='lat' dir='ltr'><strong>index</strong></span> <span class='ocrx_word' id='word_1_199' title='bbox 849 2760 994 2814; x_wconf 80' lang='lat' dir='ltr'><strong>obtinebit?</strong></span> <span class='ocrx_word' id='word_1_200' title='bbox 1010 2761 1058 2815; x_wconf 83' lang='lat' dir='ltr'><strong>cir.</strong></span> <span class='ocrx_word' id='word_1_201' title='bbox 1077 2745 1152 2816; x_wconf 85' lang='lat' dir='ltr'><strong>Verr.</strong></span> <span class='ocrx_word' id='word_1_202' title='bbox 1172 2763 1184 2816; x_wconf 93' lang='lat' dir='ltr'><strong>l</strong></span> <span class='ocrx_word' id='word_1_203' title='bbox 1202 2766 1285 2816; x_wconf 75' lang='lat' dir='ltr'><strong>extu:</strong></span> <span class='ocrx_word' id='word_1_204' title='bbox 1304 2780 1337 2816; x_wconf 78' lang='lat' dir='ltr'><strong>ex</strong></span> 
     </span>
     <span class='ocr_line' id='line_1_23' title="bbox 208 2845 1337 2920; baseline 0.003 -19"><span class='ocrx_word' id='word_1_205' title='bbox 208 2852 259 2903; x_wconf 70' lang='lat' dir='ltr'><strong>leae</strong></span> <span class='ocrx_word' id='word_1_206' title='bbox 277 2853 389 2902; x_wconf 82' lang='lat' dir='ltr'><strong>decurio</strong></span> <span class='ocrx_word' id='word_1_207' title='bbox 407 2857 496 2903; x_wconf 73' lang='lat' dir='ltr'><strong>vestro</strong></span> <span class='ocrx_word' id='word_1_208' title='bbox 519 2847 589 2915; x_wconf 86' lang='lat' dir='ltr'><strong>(erat</strong></span> <span class='ocrx_word' id='word_1_209' title='bbox 608 2848 689 2917; x_wconf 91' lang='lat' dir='ltr'><strong>igitur</strong></span> <span class='ocrx_word' id='word_1_210' title='bbox 707 2845 811 2914; x_wconf 88' lang='lat' dir='ltr'><strong>altera).</strong></span> <span class='ocrx_word' id='word_1_211' title='bbox 844 2848 876 2901; x_wconf 90' lang='lat' dir='ltr'><strong>ln</strong></span> <span class='ocrx_word' id='word_1_212' title='bbox 895 2849 984 2918; x_wconf 91' lang='lat' dir='ltr'><strong>priore</strong></span> <span class='ocrx_word' id='word_1_213' title='bbox 1003 2849 1063 2905; x_wconf 95' lang='lat' dir='ltr'><strong>loco</strong></span> <span class='ocrx_word' id='word_1_214' title='bbox 1082 2851 1243 2915; x_wconf 80' lang='lat' dir='ltr'><strong>notandum,</strong></span> <span class='ocrx_word' id='word_1_215' title='bbox 1263 2852 1337 2920; x_wconf 93' lang='lat' dir='ltr'><strong>quod</strong></span> 
     </span>
     <span class='ocr_line' id='line_1_24' title="bbox 211 2935 1337 3009; baseline 0.001 -17"><span class='ocrx_word' id='word_1_216' title='bbox 211 2941 327 2992; x_wconf 81' lang='lat' dir='ltr'><strong>obtinere</strong></span> <span class='ocrx_word' id='word_1_217' title='bbox 346 2939 484 2991; x_wconf 63' lang='lat' dir='ltr'><strong>decerem</strong></span> <span class='ocrx_word' id='word_1_218' title='bbox 502 2936 545 3001; x_wconf 91' lang='lat' dir='ltr'><strong>(ut</strong></span> <span class='ocrx_word' id='word_1_219' title='bbox 563 2937 601 2990; x_wconf 91' lang='lat' dir='ltr'><strong>III</strong></span> <span class='ocrx_word' id='word_1_220' title='bbox 619 2936 647 2990; x_wconf 92' lang='lat' dir='ltr'><strong>in</strong></span> <span class='ocrx_word' id='word_1_221' title='bbox 666 2937 742 2990; x_wconf 90' lang='lat' dir='ltr'><strong>Verr.</strong></span> <span class='ocrx_word' id='word_1_222' title='bbox 763 2935 809 3001; x_wconf 76' lang='lat'><strong>79,</strong></span> <span class='ocrx_word' id='word_1_223' title='bbox 830 2935 881 2989; x_wconf 76' lang='lat'><strong>184</strong></span> <span class='ocrx_word' id='word_1_224' title='bbox 900 2955 984 2992; x_wconf 78' lang='lat' dir='ltr'><strong>emere</strong></span> <span class='ocrx_word' id='word_1_225' title='bbox 1001 2938 1151 3006; x_wconf 60' lang='lat' dir='ltr'><strong>demetam)</strong></span> <span class='ocrx_word' id='word_1_226' title='bbox 1171 2939 1270 2993; x_wconf 92' lang='lat' dir='ltr'><strong>dicitur</strong></span> <span class='ocrx_word' id='word_1_227' title='bbox 1287 2956 1337 3009; x_wconf 93' lang='lat' dir='ltr'><strong>pro</strong></span> 
     </span>
     <span class='ocr_line' id='line_1_25' title="bbox 210 3026 1337 3098; baseline 0.002 -17"><span class='ocrx_word' id='word_1_228' title='bbox 210 3044 250 3091; x_wconf 88' lang='lat' dir='ltr'><strong>eo,</strong></span> <span class='ocrx_word' id='word_1_229' title='bbox 270 3028 344 3096; x_wconf 90' lang='lat' dir='ltr'><strong>quod</strong></span> <span class='ocrx_word' id='word_1_230' title='bbox 363 3031 412 3091; x_wconf 90' lang='lat' dir='ltr'><strong>est,</strong></span> <span class='ocrx_word' id='word_1_231' title='bbox 431 3028 517 3080; x_wconf 84' lang='lat' dir='ltr'><strong>tecum</strong></span> <span class='ocrx_word' id='word_1_232' title='bbox 536 3029 565 3079; x_wconf 78' lang='lat' dir='ltr'><strong>in</strong></span> <span class='ocrx_word' id='word_1_233' title='bbox 583 3028 703 3089; x_wconf 72' lang='grc' dir='ltr'><strong>ἅιοιινῑα,</strong></span> <span class='ocrx_word' id='word_1_234' title='bbox 722 3026 993 3096; x_wconf 85' lang='lat' dir='ltr'><strong>comparandumque</strong></span> <span class='ocrx_word' id='word_1_235' title='bbox 1012 3029 1064 3082; x_wconf 92' lang='lat' dir='ltr'><strong>hoc</strong></span> <span class='ocrx_word' id='word_1_236' title='bbox 1081 3046 1144 3083; x_wconf 91' lang='lat' dir='ltr'><strong>cum</strong></span> <span class='ocrx_word' id='word_1_237' title='bbox 1158 3046 1198 3094; x_wconf 88' lang='lat' dir='ltr'><strong>eo,</strong></span> <span class='ocrx_word' id='word_1_238' title='bbox 1217 3030 1290 3098; x_wconf 93' lang='lat' dir='ltr'><strong>quod</strong></span> <span class='ocrx_word' id='word_1_239' title='bbox 1303 3029 1337 3082; x_wconf 87' lang='lat' dir='ltr'><strong>de</strong></span> 
     </span>
     <span class='ocr_line' id='line_1_26' title="bbox 210 3113 1338 3183; baseline 0 -14"><span class='ocrx_word' id='word_1_240' title='bbox 210 3116 262 3169; x_wconf 80' lang='lat' dir='ltr'><strong>Off.</strong></span> <span class='ocrx_word' id='word_1_241' title='bbox 281 3117 313 3181; x_wconf 90' lang='grc' dir='ltr'><strong>ΙΙ,</strong></span> <span class='ocrx_word' id='word_1_242' title='bbox 334 3114 376 3179; x_wconf 79' lang='grc'><strong>12,</strong></span> <span class='ocrx_word' id='word_1_243' title='bbox 395 3113 430 3166; x_wconf 86' lang='grc'><strong>43</strong></span> <span class='ocrx_word' id='word_1_244' title='bbox 449 3114 562 3168; x_wconf 88' lang='lat' dir='ltr'><strong>dicitur:</strong></span> <span class='ocrx_word' id='word_1_245' title='bbox 581 3132 723 3168; x_wconf 80' lang='lat' dir='ltr'><strong>nnmerum</strong></span> <span class='ocrx_word' id='word_1_246' title='bbox 742 3115 859 3168; x_wconf 77' lang='lat' dir='ltr'><strong>obtinent</strong></span> <span class='ocrx_word' id='word_1_247' title='bbox 877 3118 937 3169; x_wconf 79' lang='lat' dir='ltr'><strong>inre</strong></span> <span class='ocrx_word' id='word_1_248' title='bbox 956 3135 1094 3183; x_wconf 85' lang='lat' dir='ltr'><strong>coeaornm,</strong></span> <span class='ocrx_word' id='word_1_249' title='bbox 1113 3119 1165 3171; x_wconf 95' lang='lat' dir='ltr'><strong>hoc</strong></span> <span class='ocrx_word' id='word_1_250' title='bbox 1183 3122 1232 3182; x_wconf 86' lang='lat' dir='ltr'><strong>est,</strong></span> <span class='ocrx_word' id='word_1_251' title='bbox 1251 3119 1338 3172; x_wconf 85' lang='lat' dir='ltr'><strong>locnm</strong></span> 
     </span>
     <span class='ocr_line' id='line_1_27' title="bbox 211 3200 1337 3274; baseline 0.004 -19"><span class='ocrx_word' id='word_1_252' title='bbox 211 3208 239 3256; x_wconf 78' lang='lat' dir='ltr'><strong>in</strong></span> <span class='ocrx_word' id='word_1_253' title='bbox 258 3221 381 3267; x_wconf 85' lang='lat' dir='ltr'><strong>numero;</strong></span> <span class='ocrx_word' id='word_1_254' title='bbox 401 3200 460 3270; x_wconf 87' lang='lat' dir='ltr'><strong>[cfr.</strong></span> <span class='ocrx_word' id='word_1_255' title='bbox 481 3203 514 3257; x_wconf 94' lang='lat' dir='ltr'><strong>de</strong></span> <span class='ocrx_word' id='word_1_256' title='bbox 533 3203 593 3257; x_wconf 86' lang='lat' dir='ltr'><strong>Nat.</strong></span> <span class='ocrx_word' id='word_1_257' title='bbox 612 3204 691 3256; x_wconf 90' lang='lat' dir='ltr'><strong>Deor.</strong></span> <span class='ocrx_word' id='word_1_258' title='bbox 704 3203 751 3267; x_wconf 86' lang='grc' dir='ltr'><strong>ΙΠ,</strong></span> <span class='ocrx_word' id='word_1_259' title='bbox 770 3201 813 3267; x_wconf 89' lang='grc'><strong>20,</strong></span> <span class='ocrx_word' id='word_1_260' title='bbox 833 3201 888 3270; x_wconf 84' lang='lat'><strong>51.]</strong></span> <span class='ocrx_word' id='word_1_261' title='bbox 920 3205 960 3260; x_wconf 90' lang='lat' dir='ltr'><strong>De</strong></span> <span class='ocrx_word' id='word_1_262' title='bbox 979 3206 1096 3260; x_wconf 88' lang='lat' dir='ltr'><strong>decuriis</strong></span> <span class='ocrx_word' id='word_1_263' title='bbox 1114 3206 1235 3260; x_wconf 90' lang='lat' dir='ltr'><strong>iudicum</strong></span> <span class='ocrx_word' id='word_1_264' title='bbox 1253 3222 1337 3274; x_wconf 76' lang='lat' dir='ltr'><strong>quam</strong></span> 
     </span>
     <span class='ocr_line' id='line_1_28' title="bbox 211 3290 1337 3364; baseline 0.003 -19"><span class='ocrx_word' id='word_1_265' title='bbox 211 3294 290 3346; x_wconf 88' lang='lat' dir='ltr'><strong>video</strong></span> <span class='ocrx_word' id='word_1_266' title='bbox 309 3310 372 3347; x_wconf 90' lang='lat' dir='ltr'><strong>cum</strong></span> <span class='ocrx_word' id='word_1_267' title='bbox 397 3292 478 3345; x_wconf 88' lang='lat' dir='ltr'><strong>lauda</strong></span> <span class='ocrx_word' id='word_1_268' title='bbox 502 3291 713 3345; x_wconf 88' lang='lat' dir='ltr'><strong>commemorari</strong></span> <span class='ocrx_word' id='word_1_269' title='bbox 737 3290 956 3348; x_wconf 85' lang='lat' dir='ltr'><strong>dissertationem</strong></span> <span class='ocrx_word' id='word_1_270' title='bbox 975 3296 998 3349; x_wconf 86' lang='lat' dir='ltr'><strong>J.</strong></span> <span class='ocrx_word' id='word_1_271' title='bbox 1017 3295 1047 3350; x_wconf 90' lang='lat' dir='ltr'><strong>T.</strong></span> <span class='ocrx_word' id='word_1_272' title='bbox 1067 3294 1173 3349; x_wconf 89' lang='lat' dir='ltr'><strong>Krebsii</strong></span> <span class='ocrx_word' id='word_1_273' title='bbox 1196 3293 1236 3361; x_wconf 88' lang='lat' dir='ltr'><strong>(in</strong></span> <span class='ocrx_word' id='word_1_274' title='bbox 1258 3311 1337 3364; x_wconf 89' lang='lat' dir='ltr'><strong>opus·</strong></span> 
     </span>
     <span class='ocr_line' id='line_1_29' title="bbox 213 3379 1338 3450; baseline 0.001 -15"><span class='ocrx_word' id='word_1_275' title='bbox 213 3381 280 3435; x_wconf 90' lang='lat' dir='ltr'><strong>culis</strong></span> <span class='ocrx_word' id='word_1_276' title='bbox 301 3382 367 3446; x_wconf 87' lang='lat' dir='ltr'><strong>eius,</strong></span> <span class='ocrx_word' id='word_1_277' title='bbox 386 3381 458 3450; x_wconf 87' lang='lat' dir='ltr'><strong>Lips.</strong></span> <span class='ocrx_word' id='word_1_278' title='bbox 480 3379 569 3446; x_wconf 87' lang='grc'>1778),</span> <span class='ocrx_word' id='word_1_279' title='bbox 594 3397 627 3435; x_wconf 86' lang='lat' dir='ltr'><strong>ea</strong></span> <span class='ocrx_word' id='word_1_280' title='bbox 644 3397 709 3435; x_wconf 89' lang='lat' dir='ltr'><strong>vero</strong></span> <span class='ocrx_word' id='word_1_281' title='bbox 728 3381 854 3449; x_wconf 81' lang='lat' dir='ltr'><strong>exiguam</strong></span> <span class='ocrx_word' id='word_1_282' title='bbox 872 3382 984 3437; x_wconf 85' lang='lat' dir='ltr'><strong>laudem</strong></span> <span class='ocrx_word' id='word_1_283' title='bbox 1002 3390 1131 3449; x_wconf 91' lang='lat' dir='ltr'><strong>meretur,</strong></span> <span class='ocrx_word' id='word_1_284' title='bbox 1154 3382 1248 3437; x_wconf 91' lang='lat' dir='ltr'><strong>multis</strong></span> <span class='ocrx_word' id='word_1_285' title='bbox 1266 3399 1338 3436; x_wconf 89' lang='lat' dir='ltr'><strong>erro·</strong></span> 
     </span>
     <span class='ocr_line' id='line_1_30' title="bbox 211 3469 1337 3540; baseline 0.001 -17"><span class='ocrx_word' id='word_1_286' title='bbox 211 3471 286 3523; x_wconf 90' lang='lat' dir='ltr'><strong>ribus</strong></span> <span class='ocrx_word' id='word_1_287' title='bbox 304 3470 451 3540; x_wconf 85' lang='lat' dir='ltr'><strong>implicata.</strong></span> <span class='ocrx_word' id='word_1_288' title='bbox 488 3470 600 3539; x_wconf 92' lang='lat' dir='ltr'><strong>Decepit</strong></span> <span class='ocrx_word' id='word_1_289' title='bbox 619 3470 760 3523; x_wconf 89' lang='lat' dir='ltr'><strong>hominem</strong></span> <span class='ocrx_word' id='word_1_290' title='bbox 784 3469 951 3538; x_wconf 77' lang='lat' dir='ltr'><strong>diligentem,</strong></span> <span class='ocrx_word' id='word_1_291' title='bbox 976 3473 1024 3526; x_wconf 88' lang='lat' dir='ltr'><strong>sed</strong></span> <span class='ocrx_word' id='word_1_292' title='bbox 1047 3472 1235 3526; x_wconf 90' lang='lat' dir='ltr'><strong>institutorum</strong></span> <span class='ocrx_word' id='word_1_293' title='bbox 1254 3470 1337 3540; x_wconf 90' lang='lat' dir='ltr'><strong>reip.</strong></span> 
     </span>
     <span class='ocr_line' id='line_1_31' title="bbox 211 3544 1336 3628; baseline -0.002 -15"><span class='ocrx_word' id='word_1_294' title='bbox 211 3544 409 3628; x_wconf 50' lang='lat' dir='ltr'><strong>Romsparum</strong></span> <span class='ocrx_word' id='word_1_295' title='bbox 427 3558 546 3628; x_wconf 86' lang='lat' dir='ltr'><strong>peritum</strong></span> <span class='ocrx_word' id='word_1_296' title='bbox 571 3558 690 3612; x_wconf 78' lang='lat' dir='ltr'><strong>maxime</strong></span> <span class='ocrx_word' id='word_1_297' title='bbox 708 3558 788 3612; x_wconf 89' lang='lat' dir='ltr'><strong>Plinii</strong></span> <span class='ocrx_word' id='word_1_298' title='bbox 812 3559 887 3613; x_wconf 89' lang='lat' dir='ltr'><strong>locus</strong></span> <span class='ocrx_word' id='word_1_299' title='bbox 910 3560 938 3614; x_wconf 90' lang='lat' dir='ltr'><strong>in</strong></span> <span class='ocrx_word' id='word_1_300' title='bbox 962 3562 995 3615; x_wconf 92' lang='lat' dir='ltr'><strong>H.</strong></span> <span class='ocrx_word' id='word_1_301' title='bbox 1014 3561 1045 3615; x_wconf 89' lang='lat' dir='ltr'><strong>N.</strong></span> <span class='ocrx_word' id='word_1_302' title='bbox 1069 3562 1137 3615; x_wconf 90' lang='lat' dir='ltr'><strong>libro</strong></span> <span class='ocrx_word' id='word_1_303' title='bbox 1160 3559 1280 3625; x_wconf 84' lang='lat' dir='ltr'><strong>XXXIII,</strong></span> <span class='ocrx_word' id='word_1_304' title='bbox 1302 3558 1336 3611; x_wconf 88' lang='lat'><strong>31</strong></span> 
     </span>
     <span class='ocr_line' id='line_1_32' title="bbox 212 3647 1338 3718; baseline 0.001 -17"><span class='ocrx_word' id='word_1_305' title='bbox 212 3666 281 3718; x_wconf 79' lang='lat' dir='ltr'><strong>sqq,</strong></span> <span class='ocrx_word' id='word_1_306' title='bbox 309 3648 356 3702; x_wconf 91' lang='lat' dir='ltr'><strong>ubi</strong></span> <span class='ocrx_word' id='word_1_307' title='bbox 382 3648 405 3701; x_wconf 89' lang='lat' dir='ltr'><strong>is</strong></span> <span class='ocrx_word' id='word_1_308' title='bbox 428 3664 478 3701; x_wconf 90' lang='lat' dir='ltr'><strong>suo</strong></span> <span class='ocrx_word' id='word_1_309' title='bbox 502 3665 578 3702; x_wconf 90' lang='lat' dir='ltr'><strong>more</strong></span> <span class='ocrx_word' id='word_1_310' title='bbox 602 3647 796 3702; x_wconf 83' lang='lat' dir='ltr'><strong>declamatorie</strong></span> <span class='ocrx_word' id='word_1_311' title='bbox 819 3664 909 3717; x_wconf 91' lang='lat' dir='ltr'><strong>neque</strong></span> <span class='ocrx_word' id='word_1_312' title='bbox 933 3667 976 3704; x_wconf 88' lang='lat' dir='ltr'><strong>res</strong></span> <span class='ocrx_word' id='word_1_313' title='bbox 999 3666 1089 3718; x_wconf 90' lang='lat' dir='ltr'><strong>neque</strong></span> <span class='ocrx_word' id='word_1_314' title='bbox 1112 3648 1225 3702; x_wconf 85' lang='lat' dir='ltr'><strong>nomina</strong></span> <span class='ocrx_word' id='word_1_315' title='bbox 1248 3664 1338 3716; x_wconf 88' lang='lat' dir='ltr'><strong>neque</strong></span> 
     </span>
     <span class='ocr_line' id='line_1_33' title="bbox 212 3735 1338 3807; baseline -0.001 -16"><span class='ocrx_word' id='word_1_316' title='bbox 212 3742 336 3806; x_wconf 87' lang='lat' dir='ltr'><strong>tempora</strong></span> <span class='ocrx_word' id='word_1_317' title='bbox 363 3736 533 3805; x_wconf 87' lang='lat' dir='ltr'><strong>distinguens</strong></span> <span class='ocrx_word' id='word_1_318' title='bbox 560 3736 694 3790; x_wconf 87' lang='lat' dir='ltr'><strong>nonnulla</strong></span> <span class='ocrx_word' id='word_1_319' title='bbox 717 3737 751 3791; x_wconf 90' lang='lat' dir='ltr'><strong>de</strong></span> <span class='ocrx_word' id='word_1_320' title='bbox 778 3735 913 3791; x_wconf 88' lang='lat' dir='ltr'><strong>iudicibus</strong></span> <span class='ocrx_word' id='word_1_321' title='bbox 936 3738 1081 3807; x_wconf 73' lang='lat' dir='ltr'><strong>congessit,</strong></span> <span class='ocrx_word' id='word_1_322' title='bbox 1106 3738 1178 3791; x_wconf 89' lang='lat' dir='ltr'><strong>inter</strong></span> <span class='ocrx_word' id='word_1_323' title='bbox 1200 3753 1261 3806; x_wconf 87' lang='lat' dir='ltr'><strong>quae</strong></span> <span class='ocrx_word' id='word_1_324' title='bbox 1286 3737 1338 3790; x_wconf 92' lang='lat' dir='ltr'><strong>hoc</strong></span> 
     </span>
     <span class='ocr_line' id='line_1_34' title="bbox 212 3824 1338 3895; baseline 0.001 -17"><span class='ocrx_word' id='word_1_325' title='bbox 212 3842 322 3894; x_wconf 91' lang='lat' dir='ltr'><strong>quoque</strong></span> <span class='ocrx_word' id='word_1_326' title='bbox 347 3831 453 3890; x_wconf 84' lang='lat' dir='ltr'><strong>narrat,</strong></span> <span class='ocrx_word' id='word_1_327' title='bbox 483 3824 608 3879; x_wconf 86' lang='lat' dir='ltr'><strong>decurias</strong></span> <span class='ocrx_word' id='word_1_328' title='bbox 634 3825 773 3895; x_wconf 91' lang='lat' dir='ltr'><strong>,pluribus</strong></span> <span class='ocrx_word' id='word_1_329' title='bbox 796 3826 927 3880; x_wconf 86' lang='lat' dir='ltr'><strong>discretas</strong></span> <span class='ocrx_word' id='word_1_330' title='bbox 949 3826 1034 3880; x_wconf 85' lang='lat' dir='ltr'><strong>fuisse</strong></span> <span class='ocrx_word' id='word_1_331' title='bbox 1057 3825 1226 3889; x_wconf 85' lang='lat' dir='ltr'><strong>nominibus,</strong></span> <span class='ocrx_word' id='word_1_332' title='bbox 1254 3824 1338 3879; x_wconf 85' lang='lat' dir='ltr'><strong>trihu·</strong></span> 
     </span>
     <span class='ocr_line' id='line_1_35' title="bbox 211 3914 1338 3969; baseline 0 -1"><span class='ocrx_word' id='word_1_333' title='bbox 211 3930 311 3968; x_wconf 90' lang='lat' dir='ltr'><strong>norum</strong></span> <span class='ocrx_word' id='word_1_334' title='bbox 331 3914 392 3967; x_wconf 80' lang='lat' dir='ltr'><strong>aeris</strong></span> <span class='ocrx_word' id='word_1_335' title='bbox 411 3920 438 3968; x_wconf 87' lang='lat' dir='ltr'><strong>et</strong></span> <span class='ocrx_word' id='word_1_336' title='bbox 456 3915 620 3968; x_wconf 88' lang='lat' dir='ltr'><strong>selectorum</strong></span> <span class='ocrx_word' id='word_1_337' title='bbox 640 3920 668 3969; x_wconf 88' lang='lat' dir='ltr'><strong>et</strong></span> <span class='ocrx_word' id='word_1_338' title='bbox 685 3914 833 3969; x_wconf 80' lang='lat' dir='ltr'><strong>iudicum“.</strong></span> <span class='ocrx_word' id='word_1_339' title='bbox 871 3915 993 3968; x_wconf 85' lang='lat' dir='ltr'><strong>Decuriae</strong></span> <span class='ocrx_word' id='word_1_340' title='bbox 1016 3921 1095 3969; x_wconf 86' lang='lat' dir='ltr'><strong>erant</strong></span> <span class='ocrx_word' id='word_1_341' title='bbox 1116 3914 1237 3968; x_wconf 90' lang='lat' dir='ltr'><strong>iudicum</strong></span> <span class='ocrx_word' id='word_1_342' title='bbox 1256 3914 1338 3968; x_wconf 88' lang='lat' dir='ltr'><strong>selec·</strong></span> 
     </span>
     <span class='ocr_line' id='line_1_36' title="bbox 212 4002 1217 4066; baseline 0.004 -10"><span class='ocrx_word' id='word_1_343' title='bbox 212 4009 312 4066; x_wconf 86' lang='lat' dir='ltr'><strong>torum,</strong></span> <span class='ocrx_word' id='word_1_344' title='bbox 332 4002 405 4056; x_wconf 87' lang='lat' dir='ltr'><strong>etin</strong></span> <span class='ocrx_word' id='word_1_345' title='bbox 425 4020 520 4057; x_wconf 82' lang='lat' dir='ltr'><strong>aarum</strong></span> <span class='ocrx_word' id='word_1_346' title='bbox 539 4020 596 4057; x_wconf 85' lang='lat' dir='ltr'><strong>una</strong></span> <span class='ocrx_word' id='word_1_347' title='bbox 614 4009 692 4058; x_wconf 90' lang='lat' dir='ltr'><strong>arant</strong></span> <span class='ocrx_word' id='word_1_348' title='bbox 711 4004 822 4059; x_wconf 86' lang='lat' dir='ltr'><strong>tribuni.</strong></span> <span class='ocrx_word' id='word_1_349' title='bbox 1213 4010 1217 4018; x_wconf 90' lang='lat'>&#39;</span> 
     </span>
    </p>

    <p class='ocr_par' dir='ltr' id='par_1_4' title="bbox 169 4088 1339 4605">
     <span class='ocr_line' id='line_1_37' title="bbox 169 4088 1338 4159; baseline 0.001 -14"><span class='ocrx_word' id='word_1_350' title='bbox 169 4088 191 4159; x_wconf 84' lang='lat'><strong>²)</strong></span> <span class='ocrx_word' id='word_1_351' title='bbox 210 4092 289 4158; x_wconf 82' lang='lat' dir='ltr'><strong>Quod</strong></span> <span class='ocrx_word' id='word_1_352' title='bbox 311 4091 437 4145; x_wconf 81' lang='lat' dir='ltr'><strong>Baiterus</strong></span> <span class='ocrx_word' id='word_1_353' title='bbox 465 4092 500 4146; x_wconf 85' lang='lat' dir='ltr'><strong>ad</strong></span> <span class='ocrx_word' id='word_1_354' title='bbox 523 4097 671 4146; x_wconf 87' lang='lat' dir='ltr'><strong>comment.</strong></span> <span class='ocrx_word' id='word_1_355' title='bbox 696 4092 851 4146; x_wconf 84' lang='lat' dir='ltr'><strong>Scaurianae</strong></span> <span class='ocrx_word' id='word_1_356' title='bbox 874 4091 962 4146; x_wconf 84' lang='lat' dir='ltr'><strong>utitur</strong></span> <span class='ocrx_word' id='word_1_357' title='bbox 985 4090 1075 4146; x_wconf 86' lang='lat' dir='ltr'><strong>verbis</strong></span> <span class='ocrx_word' id='word_1_358' title='bbox 1098 4092 1251 4146; x_wconf 68' lang='lat' dir='ltr'><strong>scholiasta</strong></span> <span class='ocrx_word' id='word_1_359' title='bbox 1274 4091 1338 4146; x_wconf 81' lang='lat' dir='ltr'><strong>Am·</strong></span> 
     </span>
     <span class='ocr_line' id='line_1_38' title="bbox 211 4179 1338 4251; baseline 0.002 -18"><span class='ocrx_word' id='word_1_360' title='bbox 211 4180 332 4234; x_wconf 88' lang='lat' dir='ltr'><strong>brosiani</strong></span> <span class='ocrx_word' id='word_1_361' title='bbox 358 4181 387 4234; x_wconf 90' lang='lat' dir='ltr'><strong>in</strong></span> <span class='ocrx_word' id='word_1_362' title='bbox 410 4186 478 4234; x_wconf 83' lang='lat' dir='ltr'><strong>orat.</strong></span> <span class='ocrx_word' id='word_1_363' title='bbox 503 4180 531 4235; x_wconf 89' lang='lat' dir='ltr'><strong>in</strong></span> <span class='ocrx_word' id='word_1_364' title='bbox 556 4181 631 4235; x_wconf 85' lang='lat' dir='ltr'><strong>Glod.</strong></span> <span class='ocrx_word' id='word_1_365' title='bbox 656 4185 684 4235; x_wconf 87' lang='lat' dir='ltr'><strong>et</strong></span> <span class='ocrx_word' id='word_1_366' title='bbox 707 4181 769 4235; x_wconf 87' lang='lat' dir='ltr'><strong>Gur.</strong></span> <span class='ocrx_word' id='word_1_367' title='bbox 788 4199 814 4251; x_wconf 88' lang='lat' dir='ltr'><strong>p.</strong></span> <span class='ocrx_word' id='word_1_368' title='bbox 833 4179 895 4246; x_wconf 81' lang='lat'><strong>339,</strong></span> <span class='ocrx_word' id='word_1_369' title='bbox 923 4197 956 4235; x_wconf 87' lang='lat' dir='ltr'><strong>ea</strong></span> <span class='ocrx_word' id='word_1_370' title='bbox 978 4179 1117 4250; x_wconf 89' lang='lat' dir='ltr'><strong>pertinent</strong></span> <span class='ocrx_word' id='word_1_371' title='bbox 1140 4182 1174 4234; x_wconf 89' lang='lat' dir='ltr'><strong>ad</strong></span> <span class='ocrx_word' id='word_1_372' title='bbox 1198 4185 1338 4235; x_wconf 85' lang='lat' dir='ltr'><strong>senatores</strong></span> 
     </span>
     <span class='ocr_line' id='line_1_39' title="bbox 212 4269 1339 4340; baseline 0.001 -17"><span class='ocrx_word' id='word_1_373' title='bbox 212 4269 321 4324; x_wconf 85' lang='lat' dir='ltr'><strong>tertiam</strong></span> <span class='ocrx_word' id='word_1_374' title='bbox 340 4274 447 4338; x_wconf 90' lang='lat' dir='ltr'><strong>partem</strong></span> <span class='ocrx_word' id='word_1_375' title='bbox 471 4269 670 4324; x_wconf 88' lang='lat' dir='ltr'><strong>sententiarum</strong></span> <span class='ocrx_word' id='word_1_376' title='bbox 692 4275 826 4335; x_wconf 89' lang='lat' dir='ltr'><strong>tenentes,</strong></span> <span class='ocrx_word' id='word_1_377' title='bbox 854 4287 941 4340; x_wconf 90' lang='lat' dir='ltr'><strong>quum</strong></span> <span class='ocrx_word' id='word_1_378' title='bbox 964 4269 1070 4338; x_wconf 87' lang='lat' dir='ltr'><strong>equites</strong></span> <span class='ocrx_word' id='word_1_379' title='bbox 1093 4273 1121 4323; x_wconf 88' lang='lat' dir='ltr'><strong>et</strong></span> <span class='ocrx_word' id='word_1_380' title='bbox 1143 4269 1246 4324; x_wconf 88' lang='lat' dir='ltr'><strong>tribuni</strong></span> <span class='ocrx_word' id='word_1_381' title='bbox 1269 4271 1339 4325; x_wconf 85' lang='lat' dir='ltr'><strong>duas</strong></span> 
     </span>
     <span class='ocr_line' id='line_1_40' title="bbox 212 4357 1338 4428; baseline 0.001 -17"><span class='ocrx_word' id='word_1_382' title='bbox 212 4359 305 4412; x_wconf 85' lang='lat' dir='ltr'><strong>tertias</strong></span> <span class='ocrx_word' id='word_1_383' title='bbox 329 4359 475 4423; x_wconf 84' lang='lat' dir='ltr'><strong>haherent;</strong></span> <span class='ocrx_word' id='word_1_384' title='bbox 504 4359 551 4412; x_wconf 82' lang='lat' dir='ltr'><strong>cfr.</strong></span> <span class='ocrx_word' id='word_1_385' title='bbox 571 4376 598 4428; x_wconf 95' lang='lat' dir='ltr'><strong>p.</strong></span> <span class='ocrx_word' id='word_1_386' title='bbox 617 4357 677 4413; x_wconf 88' lang='grc'>229.</span> <span class='ocrx_word' id='word_1_387' title='bbox 715 4360 844 4414; x_wconf 89' lang='lat' dir='ltr'><strong>Seorsum</strong></span> <span class='ocrx_word' id='word_1_388' title='bbox 868 4359 983 4413; x_wconf 90' lang='lat' dir='ltr'><strong>reiectos</strong></span> <span class='ocrx_word' id='word_1_389' title='bbox 1002 4375 1060 4412; x_wconf 87' lang='lat' dir='ltr'><strong>esse</strong></span> <span class='ocrx_word' id='word_1_390' title='bbox 1079 4358 1250 4413; x_wconf 84' lang='lat' dir='ltr'><strong>diversorum</strong></span> <span class='ocrx_word' id='word_1_391' title='bbox 1268 4357 1338 4412; x_wconf 93' lang='lat' dir='ltr'><strong>ordi·</strong></span> 
     </span>
     <span class='ocr_line' id='line_1_41' title="bbox 212 4446 1339 4517; baseline -0.001 -16"><span class='ocrx_word' id='word_1_392' title='bbox 212 4463 279 4501; x_wconf 90' lang='lat' dir='ltr'><strong>num</strong></span> <span class='ocrx_word' id='word_1_393' title='bbox 303 4447 413 4511; x_wconf 89' lang='lat' dir='ltr'><strong>iudices,</strong></span> <span class='ocrx_word' id='word_1_394' title='bbox 441 4447 500 4502; x_wconf 94' lang='lat' dir='ltr'><strong>sine</strong></span> <span class='ocrx_word' id='word_1_395' title='bbox 523 4463 578 4517; x_wconf 93' lang='lat' dir='ltr'><strong>quo</strong></span> <span class='ocrx_word' id='word_1_396' title='bbox 602 4448 704 4502; x_wconf 86' lang='lat' dir='ltr'><strong>servari</strong></span> <span class='ocrx_word' id='word_1_397' title='bbox 728 4449 835 4503; x_wconf 90' lang='lat' dir='ltr'><strong>numeri</strong></span> <span class='ocrx_word' id='word_1_398' title='bbox 859 4446 1013 4502; x_wconf 84' lang='lat' dir='ltr'><strong>constantia</strong></span> <span class='ocrx_word' id='word_1_399' title='bbox 1035 4463 1091 4501; x_wconf 88' lang='lat' dir='ltr'><strong>non</strong></span> <span class='ocrx_word' id='word_1_400' title='bbox 1113 4452 1229 4517; x_wconf 82' lang='lat' dir='ltr'><strong>poterat,</strong></span> <span class='ocrx_word' id='word_1_401' title='bbox 1255 4462 1339 4516; x_wconf 84' lang='lat' dir='ltr'><strong>supra</strong></span> 
     </span>
     <span class='ocr_line' id='line_1_42' title="bbox 212 4535 801 4605; baseline 0.002 -16"><span class='ocrx_word' id='word_1_402' title='bbox 212 4536 381 4591; x_wconf 88' lang='lat' dir='ltr'><strong>intellectum</strong></span> <span class='ocrx_word' id='word_1_403' title='bbox 400 4541 475 4591; x_wconf 90' lang='lat' dir='ltr'><strong>este</strong></span> <span class='ocrx_word' id='word_1_404' title='bbox 494 4535 618 4605; x_wconf 89' lang='lat' dir='ltr'><strong>Pompeii</strong></span> <span class='ocrx_word' id='word_1_405' title='bbox 635 4535 695 4605; x_wconf 88' lang='lat' dir='ltr'><strong>lege</strong></span> <span class='ocrx_word' id='word_1_406' title='bbox 714 4536 748 4590; x_wconf 89' lang='lat' dir='ltr'><strong>de</strong></span> <span class='ocrx_word' id='word_1_407' title='bbox 765 4536 801 4590; x_wconf 82' lang='lat' dir='ltr'><strong>vi.</strong></span> 
     </span>
    </p>
   </div>
   <div class='ocr_carea' id='block_1_4' title="bbox 0 0 1494 5190">
    <p class='ocr_par' dir='ltr' id='par_1_5' title="bbox 0 0 1494 5190">
     <span class='ocr_line' id='line_1_43' title="bbox 0 0 1494 5190; baseline 0 0"><span class='ocrx_word' id='word_1_408' title='bbox 0 0 1494 5190; x_wconf 95' lang='lat' dir='ltr'><strong> </strong></span> 
     </span>
    </p>
   </div>
  </div>
 </body>
</html>
