2956 5190
623 257 687 323 326

56 449 256 532 pravationis
279 450 461 532 suspicione
486 451 578 516 liberi
602 456 688 531 sunt,
723 471 837 516 verum
865 451 968 517 etiam
991 451 1167 530 interdurn,
1195 453 1237 519 ubi

55 556 207 638 reliquos,
238 556 342 621 bonos
366 577 506 640 quoque,
541 559 698 624 mendum
720 558 854 641 aliquod
875 558 1044 624 occultum
1069 562 1240 641 operumve

55 662 194 742 obsedit,
218 663 419 746 insperatam
437 665 582 730 veritatis
602 666 708 730 lucem
725 665 885 748 praebent,
909 684 1013 747 quam
1030 667 1147 729 tamen
1162 668 1244 731 ceteri

56 789 186 852 quoque
208 768 371 834 nonnullis
394 770 428 834 in
450 771 528 835 locis
552 773 747 854 praeberent,
771 773 800 837 si
823 779 910 837 recte
932 772 1186 854 inspicerentur,
1209 772 1245 839 ita

55 875 117 958 ipsi
139 896 199 959 per
221 895 267 953 se,
285 877 359 959 'qui
387 877 519 959 quidem
550 879 735 943 orationum
758 882 844 956 sunt,
879 897 989 961 neque
1013 877 1247 961 diligentissime
1293 896 1295 913 ¹

55 982 167 1065 scripti
190 986 268 1047 sunt
289 1003 396 1065 neque
419 984 652 1051 additamentis
674 984 779 1062 vacui,
810 984 851 1050 de
880 1005 946 1067 qua
968 1004 1008 1049 re
1031 984 1249 1068 Zumptiusin

55 1088 199 1154 Verrinis
222 1088 356 1165 edendis
380 1093 468 1155 recte
491 1091 655 1171 iudicavit,
686 1093 748 1157 etsi
777 1093 805 1157 is
833 1092 932 1174 paulo
954 1091 1090 1174 longius
1114 1092 1250 1176 progredi

55 1195 135 1260 mihi
159 1195 297 1274 videtur,
327 1196 436 1261 verbis
459 1197 646 1275 dumtaxat3
670 1217 748 1262 nam
770 1216 873 1262 unum
897 1200 931 1261 et
953 1197 1102 1276 alterum
1124 1199 1172 1264 ita
1191 1198 1249 1264 illo·

56 1321 130 1366 rum
153 1303 301 1367 codicum
325 1294 597 1386 praestantissimo
620 1303 772 1387 praesidio
795 1303 989 1368 abutentem
1013 1304 1144 1382 videas,
1172 1305 1251 1371 utin

55 1428 111 1473 eos
135 1409 236 1473 critici
259 1429 388 1489 munus,
425 1413 514 1494 quod
542 1413 612 1494 ipse
644 1411 804 1475 sustinere
834 1429 901 1474 non
929 1410 1046 1492 possit,
1082 1412 1252 1477 transferre

55 1515 137 1580 velle
160 1515 320 1583 videatur.
356 1518 477 1584 Contra
500 1520 534 1585 in
549 1519 697 1600 proxime
717 1516 883 1599 superiore
900 1517 1065 1597 membro,
1090 1519 1152 1583 ubi
1169 1518 1253 1601 vulgo

55 1621 229 1688 edebatur:
266 1632 294 1688 et
323 1625 407 1711 quod
434 1626 565 1709 facinus
595 1626 631 1688 in
659 1625 799 1688 alienum
827 1622 983 1688 bominem
1001 1625 1140 1689 iliotm
1163 1646 1253 1689 acam

55 1731 217 1813 comperet,
253 1731 288 1794 id
318 1734 471 1798 omisisset
501 1752 615 1797 curare
646 1732 681 1794 in
709 1729 852 1816 bospite?
883 1749 958 1795 cum
982 1730 1099 1796 codice
1123 1731 1254 1815 palimp-

15 1850 41 1889 0³
55 1839 152 1914 sesto,
187 1837 221 1900 in
256 1857 321 1921 quo
355 1843 404 1904 est
431 1841 585 1904 intentum
618 1841 651 1902 et
682 1837 800 1902 deinde
829 1838 865 1900 in
892 1836 1057 1921 hospitem,
1092 1842 1131 1903 et
1164 1840 1254 1922 ipsius

53 1944 224 2008 sententiae
248 1947 332 2010 ratio
356 1946 434 2010 facit
457 1945 576 2030 (neque
601 1945 688 2009 enim
711 1944 837 2008 illatum
855 1946 927 2008 erat
942 1942 1083 2023 facinus,
1107 1945 1171 2010 sed
1192 1950 1254 2010 teu·

54 2047 184 2133 tatum),
209 2055 242 2115 et
265 2053 400 2128 accedit,
425 2053 514 2134 quod
529 2054 669 2117 alterum
694 2051 890 2116 vocabulum
913 2049 1064 2133 proxime
1083 2052 1254 2135 praecessit,

54 2160 90 2221 ut
112 2157 184 2240 ipsa
207 2158 357 2240 repetitio
380 2158 560 2241 displiceat.
596 2159 663 2224 Sed
685 2158 765 2222 nihil
788 2161 847 2234 est,
872 2177 929 2221 cur
941 2159 1097 2222 initantum
1116 2163 1255 2224 mutetur

53 2261 306 2342 immantatum
330 2265 431 2330 immo
443 2265 720 2347 frequentativum
740 2264 847 2329 minus
865 2271 914 2328 est
932 2266 1060 2346 aptum.
1097 2265 1254 2331 Tentandi

54 2369 144 2434 notio
167 2391 233 2435 non
256 2374 361 2455 magis
384 2374 418 2436 in
440 2373 503 2437 hoc
527 2393 626 2455 quam
650 2374 683 2436 in
707 2372 761 2436 illo
785 2371 879 2435 inest.
890 2366 916 2452 ¹)

144 2476 179 2541 C.
204 2478 257 2552 24,
282 2479 324 2544 58
349 2479 437 2561 quod
461 2480 582 2544 editur:
607 2481 730 2565 vimque
753 2479 820 2542 eius
843 2475 987 2560 (veneni)
1011 2498 1078 2542 aare
1101 2486 1254 2562 apertam

53 2584 89 2645 in
111 2603 200 2646 seron
223 2585 360 2668 picodum
389 2585 433 2648 ad
461 2607 528 2649 rem
556 2587 661 2670 ipsam
683 2592 813 2669 parato,
848 2584 1001 2648 vitiosum
1037 2603 1112 2649 esse
1145 2584 1181 2649 in
1213 2585 1253 2649 lo·

54 2690 175 2770 quendi
206 2710 334 2772 genere,
370 2693 539 2757 Ernestius
569 2697 658 2757 recte
689 2693 800 2768 sensit,
837 2692 897 2755 etsi
928 2691 1037 2754 minus
1070 2696 1161 2756 recte
1190 2710 1253 2756 rem

54 2796 243 2876 declaravit,
267 2799 353 2863 male
377 2800 534 2863 mendum
558 2799 707 2863 correxit.
751 2798 805 2860 Ad
828 2819 895 2861 rem
918 2799 1022 2880 ipsum
1046 2816 1151 2880 quum
1174 2797 1252 2862 nude

54 2903 180 2981 dicitur,
217 2907 380 2971 contraria
408 2910 484 2971 sunt
512 2906 577 2982 illa,
614 2926 688 2988 quae
718 2905 803 2969 circa
832 2924 903 2969 rem
926 2907 1003 2968 sunt
1025 2904 1123 2986 eique
1148 2904 1252 2969 adhe-

54 3014 136 3087 rent,
172 3013 306 3077 minoris
329 3015 402 3095 ipsa
425 3012 599 3087 momenti3
635 3011 801 3089 hocloco,
835 3012 892 3076 ubi
916 3011 1118 3076 contrarium
1143 3015 1194 3075 est
1215 3008 1252 3073 od

52 3116 175 3180 trullam
200 3119 300 3183 attam
324 3141 390 3184 rem
419 3140 459 3184 ex
488 3120 597 3183 multis
626 3118 687 3182 illis
717 3118 826 3196 rebus,
863 3139 1002 3200 quarum
1038 3138 1141 3184 causa
1175 3118 1251 3182 servi

52 3228 221 3304 parantur,
246 3226 292 3290 ita
315 3230 352 3291 ut
370 3246 483 3291 servus
501 3227 648 3290 adhunc
666 3245 765 3289 unum
786 3245 881 3289 usum
899 3229 1029 3308 emptus
1048 3225 1250 3308 intelligatur.

52 3332 237 3397 necessario
260 3353 441 3415 pronomen
466 3333 654 3397 addendum
679 3339 739 3408 est,
769 3333 859 3395 cuius
891 3331 1099 3413 apertissima
1125 3330 1251 3414 vestigia

53 3442 130 3502 sunt
154 3439 186 3502 in
210 3439 321 3505 codice
349 3441 534 3516 Parisiensi,
571 3440 604 3503 in
635 3438 767 3520 reliquis
799 3438 917 3503 deleta.
964 3438 1126 3504 Scribitur
1158 3439 1250 3505 enim:

54 3545 98 3607 od
121 3546 230 3610 eodem
253 3569 320 3611 rem
349 3551 461 3632 ipsam,
498 3568 538 3612 ex
568 3566 634 3629 quo
663 3545 816 3610 efficitur:
853 3545 897 3608 od
932 3567 1001 3610 earn
1036 3567 1104 3610 rem
1140 3549 1250 3631 ipsam

52 3671 171 3718 manus
194 3655 309 3719 leviter
332 3655 508 3720 aberravit.
517 3650 544 3736 ²)

71 3814 312 3822 ——-—-..-...--..

81 3897 103 3967 ¹)
121 3903 208 3956 Aliter
227 3903 293 3957 olim
312 3904 346 3957 de
366 3904 417 3957 hoc
436 3905 495 3957 loco
514 3902 606 3966 statui,
626 3902 750 3955 nondum
769 3901 836 3954 satis
849 3905 992 3970 perspecta
1005 3900 1132 3955 codicum
1145 3901 1253 3961 mtione,

125 3990 152 4044 in
171 4008 213 4060 ep.
234 3992 268 4045 ad
288 3991 369 4045 Orell.
384 4010 409 4061 p.
425 3992 484 4056 130,
504 3991 638 4044 Lambino
658 3989 819 4044 assentiens.
849 3989 971 4043 llembra
990 3989 1108 4058 aequalia
1126 3990 1254 4060 incipiunt

124 4079 151 4132 in
171 4079 236 4133 illis:
257 4084 329 4149 quod
342 4100 396 4149 per
414 4085 519 4150 ionotoa
537 4087 588 4135 cet.

81 4162 103 4231 ²)
122 4166 251 4220 Extremo
270 4169 322 4223 hoc
342 4170 430 4239 capite
449 4170 543 4224 Orellii
562 4170 747 4240 suspicionem
767 4168 801 4221 de
820 4184 887 4220 voce
901 4168 1025 4234 patrueli
1042 4183 1156 4235 prorsus
1176 4167 1256 4236 probo

124 4257 345 4326 testimonioque,
371 4259 444 4327 quod
464 4276 496 4312 ex
516 4267 585 4314 orat.
606 4264 668 4328 post
686 4257 765 4311 redit.
785 4256 813 4309 in
832 4272 889 4309 san.
909 4255 1046 4319 excitavit,
1069 4255 1152 4320 addo,
1178 4255 1257 4309 etiam

124 4344 152 4396 in
171 4350 238 4398 orat.
258 4345 292 4399 de
311 4348 422 4417 hamsp.
442 4365 511 4417 resp.
526 4367 548 4403 c.
562 4349 606 4409 21,
625 4346 668 4412 45,
689 4363 771 4416 quem
791 4345 882 4398 locum
901 4345 1040 4398 Manutius
1059 4344 1201 4408 indicavit,
1219 4343 1258 4397 bis

123 4434 264 4488 Metellum
284 4435 407 4490 Celerem
427 4438 588 4507 simpliciter
616 4438 730 4491 fratrem
754 4433 841 4488 Clodii
870 4433 931 4497 dici,
959 4432 1006 4501 qui
1034 4432 1168 4487 amitinus
1196 4437 1259 4495 arat,

123 4538 179 4576 non
198 4523 338 4591 patruelis.
