2948 5206
686 1599 792 1748 ru
807 1652 899 1750 un

543 1824 836 1919 Miscellanea
865 1826 1039 1921 Critioa.

710 2042 869 2050 n·—

404 2170 454 2245 A.
510 2140 727 2261 Quintiliani
755 2170 824 2243 loci
852 2171 925 2243 duo
952 2165 1183 2268 emendatif)

544 2326 816 2405 Quintilianus
839 2327 879 2403 X,
907 2289 1035 2404 14'130.

137 2529 177 2569 se
282 2432 512 2557 Quintilianus
536 2489 569 2552 in
592 2487 750 2570 praeclaro
774 2487 815 2552 de
838 2486 963 2552 Seneca
991 2485 1109 2552 iudicio
1138 2489 1186 2553 ita
1214 2488 1328 2565 scribit,
1350 2486 1370 2551 si

191 2593 357 2659 codicibus
381 2598 413 2659 et
435 2595 666 2659 recentissimis
690 2593 887 2659 editionibus
911 2593 992 2658 fides
1014 2594 1172 2660 habenda
1196 2598 1260 2660 est:
1289 2593 1371 2658 Vella

190 2721 259 2763 euin
287 2721 342 2764 creo
372 2702 495 2785 inpeaio
523 2702 657 2782 dixisse,
692 2700 810 2764 iud-icio
839 2701 952 2764 olicino.
1010 2699 1096 2764 Nam
1126 2703 1155 2765 si
1184 2703 1292 2788 aliqua
1316 2722 1371 2765 coo·

189 2809 371 2890 tempsisset,
394 2809 423 2871 si
439 2829 561 2892 parum
584 2829 647 2871 non
669 2808 869 2890 concupisset,
892 2809 921 2870 si
945 2827 1007 2870 lton
1028 2809 1138 2872 omnia
1160 2830 1222 2873 suo
1245 2815 1371 2888 uocaset,

189 2916 217 2975 si
242 2934 348 2977 renem
365 2914 512 2997 ponde-ro
535 2914 754 2979 nrinutissimis
777 2914 938 2977 sententiis
966 2934 1029 2977 riou
1056 2914 1218 2999 frepisset‚
1241 2935 1371 2980 coluerat

186 3021 291 3103 potius
326 3021 521 3085 eruditorum
556 3043 650 3106 quam
673 3041 847 3105 puerorum
876 3040 983 3084 amore
1011 3022 1278 3105 commodaretur.
1320 3020 1372 3087 Sed

190 3131 330 3209 quantas
354 3128 468 3192 turbas
492 3129 703 3193 excitaverint
726 3127 795 3192 illa:
824 3128 853 3191 si
870 3147 992 3210 pamm
1015 3148 1077 3191 non
1100 3133 1298 3215 concupiscet,
1320 3147 1371 3194 uou

190 3238 249 3309 est,
270 3254 327 3298 cur
342 3234 452 3298 multis
468 3255 644 3317 exponam3
667 3255 744 3299 nam
763 3253 804 3298 ex
821 3253 886 3315 quo
904 3234 1111 3318 Spaldingius
1129 3238 1270 3320 negandi
1287 3237 1371 3320 purti-

190 3341 295 3405 culam
321 3361 360 3406 ex
384 3340 549 3406 codicibus
574 3341 691 3406 adiecit
715 3342 899 3423 docuitque,
930 3361 1003 3406 eam
1027 3344 1237 3425 scripturam,
1268 3347 1299 3410 in
1320 3361 1371 3425 qua

189 3449 372 3529 superiores
396 3447 643 3529 acquievissent,
679 3449 824 3530 ineptam
855 3467 936 3525 esse,
968 3468 1033 3514 non
1063 3452 1170 3516 minor
1200 3456 1309 3517 exorta
1334 3452 1371 3514 ed

190 3553 363 3618 difficultas
399 3555 431 3617 in
466 3574 505 3619 ea
540 3554 795 3636 interpretanda,
832 3574 905 3637 quae
941 3575 1027 3619 nunc
1062 3559 1203 3623 tenetur.
1254 3559 1289 3622 ln
1320 3575 1371 3638 quo

191 3665 308 3725 conatu
330 3661 479 3726 homines
503 3660 589 3725 docti
612 3660 695 3726 adeo
719 3681 785 3726 non
809 3661 1025 3735 consentiunt,
1052 3664 1165 3727 utrix
1190 3664 1271 3730 duos
1293 3682 1371 3745 repe

189 3768 264 3844 rias
289 3768 344 3850 qui
367 3768 454 3832 idem
477 3767 633 3849 probent;
657 3787 763 3849 neque
787 3768 820 3832 id
842 3770 961 3833 mirum
986 3769 1140 3852 cuiquam
1162 3771 1262 3836 videri
1279 3771 1372 3835 debet.

190 3875 301 3956 Neque
325 3876 411 3938 euim
434 3874 645 3956 pronuntiare
669 3875 794 3951 dubito,
818 3894 925 3957 neque
948 3875 1049 3940 ullam
1074 3897 1114 3941 ex
1138 3879 1176 3941 iis
1194 3878 1372 3959 interpretu-

189 3980 341 4057 tionibus
366 4000 438 4062 quae
461 3982 637 4063 propositae
660 3985 745 4059 sunt,
771 4000 882 4045 veram
907 4001 978 4046 esse
993 4002 1101 4065 neque
1118 3985 1277 4049 veriorem
1292 4001 1373 4065 repe-

190 4088 241 4151 riri
266 4107 378 4170 posse;
413 4088 484 4170 ipsa
513 4090 599 4152 euim
629 4088 731 4152 verba
761 4090 914 4170 corrupta
942 4091 1034 4164 sunt;
1071 4090 1160 4170 quod
1189 4090 1373 4174 argumentis

189 4194 425 4271 confirmarem,
461 4196 487 4258 si
517 4200 575 4259 aut
603 4194 827 4276 Spaldingium
858 4198 916 4259 aut
939 4195 1169 4260 Frotscherum
1194 4205 1252 4262 aut
1274 4215 1375 4280 quem·

135 4336 174 4376 ³53
189 4320 288 4381 quam
312 4301 410 4365 alium
436 4301 605 4365 sententiae
634 4321 702 4365 suae
735 4300 897 4365 confidere
930 4301 1074 4366 viderem
1105 4321 1145 4366 ac
1176 4322 1252 4379 non,
1287 4320 1374 4385 quum

229 4461 255 4466 .-
260 4461 456 4469 -—-—-.-----

217 4547 238 4613 ⁵)
257 4546 308 4615 [Ex
327 4548 452 4602 Scebodii
470 4549 640 4602 Bibliotheca
658 4548 722 4603 Cril.
742 4564 767 4601 a.
791 4546 857 4599 1828
876 4565 905 4617 p.
925 4548 985 4602 630.
1023 4548 1131 4618 Scripta
1151 4566 1176 4604 a.
1197 4546 1287 4616 1822]
