2956 5190
752 304 816 369 206

188 505 281 565 rent?
315 501 381 566 Sed
409 505 460 565 est
487 500 632 564 eiusdem
656 499 783 582 generis
807 501 971 582 antiquius
995 501 1083 575 aliud
1106 501 1311 584 exemplum,
1342 503 1377 567 ab

187 609 338 672 omnibus
368 608 402 672 in
432 608 494 672 hae
525 608 704 689 quaestione
733 606 927 687 neglectum,
962 607 1051 689 quod
1083 606 1170 672 illius
1209 607 1254 672 de
1288 607 1378 674 Mario

187 715 381 779 narrationis
412 713 713 796 interpretationem
744 712 842 794 plane
873 713 1053 779 confirmat.
1099 714 1187 779 Nam
1219 714 1380 781 OEceroin

187 822 288 886 Bruto
322 820 393 903 (20,
429 819 485 903 79)
520 818 641 897 scribit,
676 819 715 897 Q.
751 818 899 884 Fulvium
934 820 1134 885 Nobiliorem
1169 820 1212 900 Q.
1250 820 1378 886 Ennium

187 932 328 1009 poetam,
364 928 419 1008 qui
454 947 528 992 cum
563 934 657 1009 patre
693 926 761 990 eius
796 926 829 990 in
863 926 979 992 AEtolia
1009 926 1223 1005 militaverat,
1261 926 1380 993 unere

187 1024 337 1109 donasse,
361 1052 462 1128 quum
485 1033 634 1097 triumvir
657 1033 818 1097 coloniam
841 1033 1038 1098 deduxisset.
1075 1032 1248 1099 Triumvir
1270 1034 1379 1100 iseum

186 1140 225 1218 Q
249 1139 351 1204 Fabio
381 1139 533 1204 Labeone
565 1142 598 1203 et
628 1139 670 1203 M.
694 1139 807 1203 Fulvio
838 1140 954 1205 Flacco
984 1160 1014 1204 a.
1041 1140 1105 1204 184
1134 1139 1326 1207 Potentiam
1352 1146 1380 1206 et

186 1246 358 1310 Pisaurum
382 1246 523 1310 colonias
555 1245 699 1322 deduxit,
735 1251 951 1327 querumt
905 1246 951 1311 alt
952 1249 1155 1311 eramutram
1187 1252 1250 1313 aut
1282 1248 1380 1331 potius

186 1354 359 1433 utramque
394 1352 512 1417 civium
547 1352 658 1429 fuisse,
693 1351 768 1415 hinc
803 1354 1015 1434 cognoscitur.
1061 1354 1130 1417 lam
1166 1356 1301 1436 privata
1332 1354 1380 1420 ille
1421 1328 1424 1453 1

187 1459 369 1523 commercii
393 1458 641 1540 connubiique
633 1477 704 1522 rura
721 1462 797 1540 poet
798 1478 827 1522 ee
784 1459 922 1523 tdata
939 1460 1011 1541 quis
1029 1464 1108 1541 pute
1108 1462 1265 1544 tpotius,
1289 1482 1380 1544 quam
1422 1472 1424 1519 :

187 1586 261 1630 eum
284 1567 318 1630 in
341 1565 410 1630 eius
433 1566 544 1648 populi
562 1568 692 1642 coetum,
717 1566 808 1630 cuius
826 1585 878 1630 res
896 1566 1073 1645 cecinisset,
1098 1585 1176 1631 vere
1194 1571 1380 1650 receptum?

133 1691 170 1729 νο
186 1673 227 1736 de
251 1692 315 1753 quo
338 1671 492 1754 gloriatus
517 1676 566 1737 est
589 1672 658 1753 ipse
681 1676 760 1736 noto
783 1692 890 1736 versu.
899 1668 926 1754 ¹)
971 1672 1081 1737 Simile
1109 1673 1242 1751 horum,
1272 1675 1379 1739 sedin

185 1780 381 1843 immensum
406 1784 548 1851 auctum,
573 1778 712 1844 Caesaris
736 1778 768 1842 in
792 1778 918 1843 colonia
934 1779 1049 1844 Latina
1065 1780 1256 1845 institutum
1275 1786 1381 1864 postea

185 1886 460 1951 commemorabo.

274 1993 359 2057 Satis
393 1993 456 2058 hoc
491 1997 540 2058 est
574 1995 841 2074 argumentorum
877 1995 910 2055 et
943 1993 1206 2058 testimoniorum
1244 1994 1381 2076 undique

185 2099 455 2175 concurrentium,
480 2099 598 2180 quibus
622 2099 748 2162 accedit
771 2103 918 2163 extremo
941 2098 1011 2163 loco
1035 2101 1215 2165 auotoritas
1232 2100 1381 2184 Appiani.

184 2207 239 2287 qui
263 2207 385 2287 apertis
408 2205 516 2270 verbis
540 2224 570 2269 e.
587 2206 649 2268 133
673 2205 759 2269 cives
783 2225 822 2268 ex
841 2205 973 2270 coloniis
990 2209 1023 2270 et
1040 2205 1225 2288 municipiis
1243 2206 1381 2272 Romam

185 2311 228 2376 ed
251 2313 381 2376 coniitia
405 2315 437 2375 et
460 2310 503 2374 ed
526 2311 680 2392 suffragia
705 2312 746 2377 de
768 2312 839 2394 lege
862 2313 988 2395 agraria
1014 2312 1064 2376 Ti.
1086 2312 1226 2377 Gracchi
1250 2313 1381 2378 ferenda

185 2418 385 2483 concurrisse
416 2411 573 2498 narrat.²)
627 2418 740 2500 Itaque
771 2419 901 2484 sublato
929 2420 994 2484 iam
1024 2439 1147 2496 errore,
1184 2419 1242 2501 qui
1278 2419 1382 2484 nescio

185 2524 347 2604 quomodo
371 2524 563 2587 inveteravit
586 2525 618 2586 in
642 2524 816 2607 philologia
840 2530 873 2590 et
895 2526 1030 2591 historia
1052 2526 1217 2603 Romana,
1241 2525 1382 2608 primum

184 2630 281 2707 cives,
306 2631 360 2712 qui
384 2631 416 2694 in
440 2630 581 2695 colonias
606 2630 724 2694 civium
742 2631 966 2696 Romanorum
985 2633 1236 2710 deducerentur,
1261 2632 1382 2697 nullam

184 2757 298 2817 pessos
322 2756 394 2802 esse
422 2739 501 2802 iuris
530 2737 789 2802 imminutionem
819 2743 943 2803 certum
975 2742 1127 2820 putamus
1136 2734 1179 2820 8);
1215 2758 1327 2821 neque
1353 2740 1383 2804 in

213 2964 234 3031 ¹)
253 2969 309 3022 Noe
327 2984 421 3021 eumue
439 2970 564 3036 Rotnani,
584 2971 632 3037 qui
647 2970 768 3035 furimus
786 2976 848 3021 ente
866 2970 972 3021 Rudini
989 2966 1053 3034 (Cic.
1073 2968 1107 3022 de
1125 2968 1200 3022 Orat
1221 2968 1269 3033 111,
1289 2968 1346 3034 42).

211 3051 234 3122 ²)
253 3055 310 3109 (liv.
330 3056 350 3120 l,
375 3056 407 3109 10
431 3055 668 3124 (commemoravit
687 3062 751 3110 ente
770 3057 842 3110 cives
861 3056 1005 3122 urbanos):
1033 3056 1138 3118 πλῆθος
1161 3052 1236 3117 ἄλλο,
1266 3054 1335 3107 ὅσοι
1356 3056 1384 3108 ἐν

256 3146 312 3202 ταῖς
329 3140 453 3202 (ἷποίκοις
471 3140 580 3194 πόλεσιν
600 3141 617 3206 ἢ
640 3147 697 3202 ταῖς
719 3144 894 3195 ἰσοπολίτισιν
917 3143 934 3207 ἢ
956 3142 1042 3203 ἄλλως
1065 3141 1207 3196 ἐκοινώνει
1231 3146 1318 3208 τῆσδε
1341 3148 1384 3207 τῆς

254 3235 313 3300 γῆς,
335 3230 458 3292 δεδιότες
476 3229 575 3303 ὁμοίως
592 3229 714 3301 ἐπῄεσαν,
736 3233 780 3283 καὶ
794 3232 820 3291 ἐς
833 3231 973 3301 ἑκατέρους
986 3231 1078 3284 αὐτοῖν
1090 3233 1274 3303 διεμερίζοντο
1288 3251 1313 3284 κ.
1329 3252 1349 3285 r.
1362 3235 1382 3284 ί,

254 3322 294 3375 De
312 3323 451 3377 Niebuhrii
470 3339 561 3377 errore
579 3339 663 3391 supra
682 3323 745 3376 dixi.
774 3321 861 3390 [Quas
880 3323 923 3376 hic
938 3324 1080 3393 Appianus
1095 3321 1282 3381 Ισοπολίτιδας
1296 3319 1385 3380 πόλεις

253 3412 381 3480 appellet,
405 3413 457 3466 hoc
481 3419 522 3466 est
541 3412 696 3481 municipia,
721 3413 774 3466 ibd.
795 3412 829 3464 65
848 3412 989 3469 πολίτιδας
1008 3412 1140 3466 nominat.
1178 3411 1260 3478 Quod
1279 3411 1383 3466 Plutar-

254 3500 322 3553 chus
340 3501 369 3554 T.
384 3486 527 3556 Flaminin.
546 3499 563 3552 2
582 3501 767 3555 Flamininum
787 3502 814 3553 in
833 3502 964 3569 petitione
982 3502 1142 3554 consulatus
1160 3516 1177 3553 a
1196 3500 1302 3554 colonis
1321 3500 1384 3553 Nar·

253 3589 393 3645 aiensibus
421 3597 448 3645 et
473 3591 594 3654 Cosanis,
623 3607 691 3659 quos
719 3590 878 3652 deduxerat,
906 3590 1032 3643 adiutum
1060 3595 1162 3652 narrat,
1191 3588 1384 3650 admonemur,

254 3695 337 3747 quarn
357 3686 437 3734 caute
460 3681 594 3733 utendum
618 3680 653 3733 sil
675 3679 717 3731 his
741 3678 926 3732 Graeculorum
950 3678 1121 3732 testimoniis.
1159 3676 1229 3730 Nam
1252 3677 1385 3731 Narniam

254 3773 280 3820 et
299 3767 397 3821 Cosam
416 3769 527 3822 Latinas
546 3769 630 3822 luisse
649 3767 769 3821 colonias
789 3767 923 3831 novimus,
952 3783 1014 3836 quae
1033 3767 1061 3820 in
1080 3765 1197 3820 comitiis
1216 3764 1313 3835 populi
1333 3766 1385 3819 no

254 3857 328 3910 mani
361 3857 441 3915 nillil.
476 3858 549 3926 quod
584 3863 709 3925 agerent,
742 3856 889 3909 habebant·
936 3857 1037 3909 Contra
1071 3860 1143 3909 recte
1176 3855 1323 3925 Zumptiue
1357 3855 1385 3908 in

253 3962 368 3999 censura
396 3947 489 4015 aliqua
516 3945 597 4000 huius
630 3946 870 3999 commentationis
900 3946 1042 3999 annotavit
1073 3945 1174 3998 civium
1207 3945 1235 3997 in
1270 3945 1386 3999 coloniis

254 4035 403 4089 viventium
428 4037 537 4105 plenam
563 4035 628 4089 iuris
651 4035 851 4104 possessionem
875 4035 1030 4088 confirmari
1056 4034 1096 4098 iis,
1125 4050 1187 4102 quoe
1211 4033 1286 4102 apud
1311 4033 1386 4087 Cice·

252 4141 347 4179 renem
367 4126 401 4179 de
420 4125 465 4180 Or.
485 4125 517 4188 ll,
538 4124 579 4187 71,
607 4123 660 4176 287
687 4123 844 4177 scribuntur
871 4123 905 4176 de
929 4123 962 4177 Μ.
987 4123 1106 4177 Antistio
1135 4123 1227 4191 equite
1246 4122 1386 4175 Romano

253 4230 323 4281 equo
342 4214 450 4282 publico
470 4231 503 4268 ex
522 4214 629 4267 colonia
647 4209 761 4282 Pyrgis]

210 4296 232 4366 ³)
251 4301 328 4355 Unus
351 4303 443 4367 exiis,
472 4303 519 4373 qui
543 4304 593 4356 has
618 4319 661 4356 res
684 4301 838 4355 accuratius
861 4301 1017 4369 attigerunt,
1046 4300 1074 4354 P.
1095 4300 1233 4354 Manutius
1257 4299 1332 4354 eires
1357 4300 1385 4353 in

253 4392 372 4445 colonias
391 4393 522 4447 deductos
541 4391 701 4460 suffragium
722 4391 849 4445 babuisse
872 4391 931 4443 sine
955 4389 1114 4457 exceptione
1141 4389 1210 4442 dixit
1238 4386 1278 4453 <in
1307 4388 1386 4442 libris

253 4481 387 4549 postumia
411 4482 445 4536 de
463 4481 573 4535 civitate
591 4481 718 4534 Romana
743 4498 769 4548 p.
790 4479 823 4531 16
842 4486 908 4533 tom.
928 4480 939 4532 l
957 4479 1038 4532 Thes.
1058 4477 1145 4532 Graev.
1165 4483 1192 4530 et
1211 4478 1245 4531 de
1265 4477 1385 4532 comitiis

253 4586 278 4637 p.
299 4569 350 4621 188
369 4567 443 4638 ibn),
467 4570 514 4624 sed
533 4569 572 4623 ita
590 4586 686 4638 graves
705 4586 811 4624 errores
829 4568 950 4622 adiuncti
969 4572 1056 4631 erant,
1082 4567 1120 4620 ita
1138 4566 1189 4620 sibi
1209 4571 1305 4634 aperte
1321 4582 1385 4619 oon·
