2956 5190
751 333 817 398 396

184 533 311 614 nequit3
335 535 368 595 et
391 535 502 594 tamen
525 529 658 610 vulgata
673 528 836 610 scriptura
851 511 1004 605 offendit}
1028 529 1382 612 exspectabatrueuin

184 659 250 703 non
274 658 378 722 quam,
407 636 466 701 sed
495 635 591 720 quact;
626 634 702 699 huic
726 635 813 698 enim
836 634 898 717 ipsi
920 637 1084 717 tanquam
1107 639 1256 719 peccato
1277 639 1383 721 ignosci

185 745 296 810 Cicero
320 743 399 820 vult,
434 762 500 807 non
531 744 666 824 propter
697 760 770 806 eam
802 761 937 807 causam
970 743 1095 825 ignosci
1124 743 1318 810 nesciocui
1337 746 1384 810 td

183 850 454 933 Antiquissimum
488 849 586 930 igitur
625 847 762 912 subesse
801 848 958 913 mendum
997 852 1096 932 puto,
1138 854 1385 937 permutatoque

185 956 387 1040 compendio,
412 975 513 1037 quum
537 973 596 1036 pro
619 953 702 1039 quod
724 954 848 1018 factum
872 958 959 1019 esset
979 977 1088 1041 quum,
1104 957 1219 1051 ¹simul
1235 960 1385 1024 mutaum

185 1084 267 1142 esse,
297 1062 385 1144 quod
408 1081 428 1126 a
451 1060 606 1126 Cicerone
631 1061 790 1142 scriptum
814 1060 921 1139 fuerit,
944 1064 1086 1146 peperci,
1118 1064 1154 1128 in
1180 1063 1386 1131 Vaticanoiu

178 1171 398 1255 pepercissem,
433 1169 467 1232 in
501 1166 565 1231 alio
600 1170 711 1231 autem
741 1166 861 1245 codice,
897 1186 938 1231 ex
972 1187 1046 1250 quo-
1071 1173 1272 1236 nostrorum
1299 1171 1382 1237 rivuli

184 1275 407 1359 profluxerint,
431 1273 465 1337 in
482 1274 689 1356 pepercerim.
737 1274 840 1354 Qum
863 1294 922 1356 pro
945 1275 1029 1360 quod
1050 1277 1085 1341 in
1111 1277 1187 1342 aod.
1214 1279 1383 1361 mahein»

184 1383 340 1464 scriptum
365 1381 426 1444 fuit
449 1380 548 1444 etiam
573 1400 600 1443 c.
625 1380 655 1457 7,
688 1381 740 1458 11,
772 1380 829 1445 ubi
857 1384 945 1446 recte
968 1382 1163 1449 Schuetzius
1193 1386 1232 1450 et
1255 1384 1382 1450 Oreliius

63 1522 66 1527 ·
184 1490 374 1579 Goveanum
407 1487 509 1551 secuti
532 1490 618 1550 sunt.
665 1486 786 1551 Contra
816 1487 899 1572 quod
928 1508 988 1570 pro
1019 1510 1117 1574 quum
1144 1490 1199 1569 14,
1234 1490 1289 1555 34.
1331 1491 1382 1556 nu

184 1595 396 1661 commutatio
419 1594 496 1658 alibi
520 1612 649 1675 quoque
673 1592 770 1670 facta,
796 1596 833 1657 ut
854 1593 898 1657 ad
920 1594 1011 1659 Fam.
1030 1595 1097 1671 VII,
1125 1597 1168 1661 15
1193 1600 1240 1674 et,
1266 1599 1380 1680 opinor,

183 1722 243 1784 pro
266 1701 331 1766 Mil.
356 1701 408 1777 36,
432 1701 486 1764 99.
521 1700 645 1764 Eodem
669 1718 751 1780 cap„
776 1696 794 1778 ἓ
818 1699 849 1776 8,
873 1700 929 1763 ubi
953 1705 1020 1765 est:
1043 1722 1135 1766 nemo
1158 1703 1384 1769 humanitatem

185 1829 295 1889 meam,
319 1827 408 1870 nemo
430 1805 692 1886 cmuuetudinam,
726 1826 815 1868 nemo
838 1807 1011 1887 amantium,
1046 1829 1137 1873 nemo
1161 1812 1385 1874 cachinnare

184 1915 341 2002 putrebat,
378 1914 479 1979 codex
513 1912 705 1977 Parisiensis
740 1910 856 1976 habet:
896 1934 983 1977 nemo
1019 1914 1273 1999 humanitatem,
1307 1939 1385 1982 nemo

184 2021 435 2086 amasuetudinem
458 2040 570 2100 meam,
600 2017 666 2082 urs.
690 2037 779 2082 nemo
801 2019 1053 2083 cousuetudinem
1076 2042 1192 2106 meam,
1222 2045 1315 2088 ncrno
1335 2023 1385 2087 hu·

48 2183 52 2193 .
186 2131 378 2204 manitatem,
414 2147 455 2191 ex
483 2146 548 2208 quo
570 2125 604 2188 in
628 2143 703 2188 eam
725 2124 942 2206 suspicionem
967 2126 1121 2205 adducor,
1159 2122 1197 2194 ui
1219 2131 1257 2195 in
1280 2130 1383 2195 codice

184 2236 362 2318 archetypo
395 2253 492 2298 voces
526 2252 615 2296 nemo
650 2230 902 2295 consuetudinem
930 2233 1169 2315 interpretandi
1200 2255 1306 2301 causa
1330 2237 1384 2301 ad·

184 2342 321 2424 scriptas
346 2341 445 2405 fuisse
470 2342 582 2421 putem
606 2337 667 2402 illis
690 2358 779 2401 uerno
796 2337 1024 2403 humanitatem
1042 2361 1155 2420 meam,
1181 2361 1289 2425 quum
1306 2363 1384 2426 prae·

184 2449 297 2512 sertim
337 2446 537 2511 consuetudo
577 2444 714 2526 privatae
753 2445 846 2509 vitae·
868 2445 977 2510 minus
1018 2446 1070 2510 hic
1110 2453 1190 2530 apte
1225 2449 1382 2514 nominari

186 2553 345 2629 videatur,
381 2556 423 2628 et,
459 2551 520 2616 iilis
548 2551 696 2629 sublatis,
732 2551 775 2615 ad
803 2552 961 2615 ancilium
983 2552 1145 2618 referatur
1169 2555 1231 2619 fori
1256 2555 1382 2633 mentio,

185 2661 228 2724 ad
251 2660 414 2723 counitam
438 2659 545 2735 curiae,
570 2659 613 2722 ad
632 2658 861 2722 humanitatem
876 2659 1058 2723 studiorum
1074 2660 1197 2725 artium
1214 2663 1381 2739 bonarum,

185 2771 221 2830 ut
255 2765 382 2847 singula
416 2764 542 2846 singula
577 2764 710 2846 singulis
744 2765 933 2829 reddantur.
991 2764 1054 2847 [De
1088 2767 1267 2833 Parisiensi
1304 2769 1380 2834 saiso

132 2890 169 2927 m
186 2871 371 2936 testimonio
395 2871 550 2952 deceptus
574 2870 673 2952 sum]
719 2871 844 2936 Deinde
866 2870 975 2953 sperni
1004 2892 1069 2936 non
1092 2877 1213 2955 potest,
1243 2875 1383 2957 quodin

185 2978 342 3042 Vaticano
374 2982 424 3041 est
455 2976 501 3060 (et
532 2979 565 3042 in
599 2978 752 3041 lemmate
784 2980 873 3042 etin
897 2980 1041 3042 annotat.
1066 2978 1244 3062 extremm:
1278 2982 1383 3064 forum

185 3092 316 3165 nautum,
341 3092 428 3148 muta
452 3086 553 3166 curia,
578 3085 685 3147 omnia
708 3083 840 3169 denique
864 3084 1015 3147 honarum
1040 3086 1159 3148 artium
1178 3087 1291 3152 studia
1313 3088 1384 3152 attu-

186 3199 292 3266 erunt;
330 3190 425 3273 vulgo
461 3191 613 3255 scribitur
642 3189 751 3271 forum
781 3198 933 3255 rrroestam.
990 3191 1139 3256 Graviter
1171 3194 1293 3258 eadem
1325 3214 1382 3260 vox

186 3299 288 3379 repeti
323 3297 460 3375 videtur,
496 3303 532 3362 ut
566 3298 600 3361 in
635 3297 751 3362 eadem
779 3298 897 3362 silentii
925 3300 1057 3364 notione
1086 3301 1243 3382 persistat
1270 3303 1382 3366 oratio.

185 3404 288 3469 Paulo
312 3409 387 3486 post
411 3405 585 3471 delendum
610 3407 659 3469 est
683 3405 727 3467 att
750 3407 826 3468 ante
850 3407 1043 3482 memmium,
1068 3426 1219 3488 proquo
1243 3409 1277 3472 in
1300 3407 1381 3483 Pan,

185 3511 261 3588 Eri,
291 3511 419 3576 duobus
443 3512 524 3577 Oxx.
555 3515 604 3576 est
631 3513 676 3589 ia,
706 3515 814 3575 ortum
843 3532 881 3575 ex
910 3512 1017 3593 prima
1045 3512 1242 3577 substantivi
1267 3515 1382 3587 littera

185 3621 218 3682 et
242 3637 282 3681 ex
306 3618 398 3682 codd.
423 3618 508 3695 Pan,
542 3619 618 3694 1151,
652 3617 749 3681 Barb.
782 3622 815 3681 et
845 3617 919 3682 edd.
950 3623 1027 3682 vett.
1051 3619 1279 3685 scribendum:
1315 3642 1382 3685 curn

185 3725 280 3787 unius
302 3745 372 3788 mea
394 3726 495 3789 salute
517 3746 577 3807 pro
600 3746 669 3788 cum
693 3745 763 3787 mea
786 3726 882 3787 unius
904 3726 1005 3789 salute
1033 3724 1104 3807 (cfr.
1129 3725 1320 3792 Wunderus
1343 3727 1384 3792 ad

184 3832 295 3896 Plane.
319 3852 351 3914 p.
379 3830 466 3913 151).
571 3868 577 3886 ·

274 3939 309 4003 C.
333 3940 364 4015 4,
389 3939 410 4003 9
434 3937 553 4003 codicis
577 3938 661 4013 Pan,
686 3936 793 4014 Rern,
818 3937 878 4002 On.
903 3938 998 4003 unius
1023 3941 1216 4005 auctoritate
1240 3940 1383 4007 tollenda

185 4047 233 4107 est
256 4044 362 4108 inanis
385 4044 535 4126 repetitio
558 4065 621 4107 nou
644 4051 687 4107 est
710 4064 796 4125 eane,
821 4065 883 4107 nan
907 4053 959 4120 ast,
988 4051 1070 4124 orta,
1099 4051 1136 4110 ut
1159 4046 1233 4124 alia,
1265 4049 1300 4112 in
1322 4048 1381 4112 ali·

185 4170 249 4231 quo
284 4151 418 4215 alterius
453 4151 585 4215 familiae
620 4150 730 4215 codice
765 4150 871 4214 minus
902 4151 989 4216 bono
1020 4157 1052 4216 et
1081 4152 1156 4216 inde
1184 4157 1382 4244 propagata3

183 4258 290 4321 nullus
313 4257 365 4321 hic
389 4261 562 4322 esitantes
592 4258 824 4322 asseverationi
848 4262 880 4322 et
903 4258 1113 4324 obtestationi
1137 4260 1226 4324 locus
1250 4259 1285 4324 in
1309 4281 1383 4326 ora-

183 4365 271 4429 tione
294 4385 396 4447 prope
420 4364 462 4429 ad
486 4365 789 4429 sermocinationem
815 4364 1042 4430 descendente.
1079 4365 1181 4430 Paulo
1205 4370 1281 4448 post
1304 4365 1323 4448 ἕ
1342 4368 1384 4431 10

184 4472 272 4536 locus
296 4476 346 4535 est
369 4472 552 4537 lacunosus.
598 4470 682 4534 Nam
711 4472 745 4534 in
773 4470 882 4535 codice
910 4471 1006 4536 Bern.
1036 4477 1069 4536 et
1098 4472 1164 4536 Eri.
1193 4472 1239 4536 sic
1267 4474 1383 4539 scribi·

183 4582 249 4642 tur:
274 4576 337 4641 Sed
359 4578 525 4642 tumendo
548 4576 623 4660 (hoc
646 4597 706 4658 pro
728 4597 767 4640 ne
790 4580 897 4641 ortum
921 4598 960 4642 ex
985 4578 1023 4642 de
1046 4587 1084 4658 te,
1114 4579 1201 4661 quod
1224 4579 1383 4662 praeccdit
