<?xml version="1.0" encoding="UTF-8"?>
<!DOCTYPE html PUBLIC "-//W3C//DTD XHTML 1.0 Transitional//EN"
    "http://www.w3.org/TR/xhtml1/DTD/xhtml1-transitional.dtd">
<html xmlns="http://www.w3.org/1999/xhtml" xml:lang="en" lang="en">
 <head>
  <title>
</title>
<meta http-equiv="Content-Type" content="text/html;charset=utf-8" />
  <meta name='ocr-system' content='tesseract 3.04.00' />
  <meta name='ocr-capabilities' content='ocr_page ocr_carea ocr_par ocr_line ocrx_word'/>
</head>
<body>
  <div class='ocr_page' id='page_1' title='image "./ionicolaimadvig02madvgoog_0361.png"; bbox 0 0 2956 5190; ppageno 0'>
   <div class='ocr_carea' id='block_1_1' title="bbox 814 320 878 386">
    <p class='ocr_par' dir='ltr' id='par_1_1' title="bbox 814 320 878 386">
     <span class='ocr_line' id='line_1_1' title="bbox 814 320 878 386; baseline 0.031 -2"><span class='ocrx_word' id='word_1_1' title='bbox 814 320 878 386; x_wconf 87' lang='grc'>338</span> 
     </span>
    </p>
   </div>
   <div class='ocr_carea' id='block_1_2' title="bbox 140 496 1470 4646">
    <p class='ocr_par' dir='ltr' id='par_1_2' title="bbox 140 496 1470 4646">
     <span class='ocr_line' id='line_1_2' title="bbox 195 496 1443 598; baseline 0.007 -24"><span class='ocrx_word' id='word_1_2' title='bbox 195 536 234 575; x_wconf 70' lang='lat' dir='ltr'>ur</span> <span class='ocrx_word' id='word_1_3' title='bbox 338 513 402 578; x_wconf 88' lang='lat' dir='ltr'>Sed</span> <span class='ocrx_word' id='word_1_4' title='bbox 437 533 549 578; x_wconf 86' lang='lat' dir='ltr'>eorum</span> <span class='ocrx_word' id='word_1_5' title='bbox 584 514 742 590; x_wconf 89' lang='lat' dir='ltr'>codicum,</span> <span class='ocrx_word' id='word_1_6' title='bbox 778 517 833 597; x_wconf 92' lang='lat' dir='ltr'>qui</span> <span class='ocrx_word' id='word_1_7' title='bbox 865 534 905 581; x_wconf 83' lang='lat' dir='ltr'>ex</span> <span class='ocrx_word' id='word_1_8' title='bbox 932 515 986 579; x_wconf 92' lang='lat' dir='ltr'>illo</span> <span class='ocrx_word' id='word_1_9' title='bbox 1015 517 1171 598; x_wconf 90' lang='lat' dir='ltr'>primario</span> <span class='ocrx_word' id='word_1_10' title='bbox 1201 517 1342 583; x_wconf 83' lang='lat' dir='ltr'>derivati</span> <span class='ocrx_word' id='word_1_11' title='bbox 1360 496 1443 593; x_wconf 65' lang='lat' dir='ltr'>snnt⁸</span> 
     </span>
     <span class='ocr_line' id='line_1_3' title="bbox 140 620 1424 707; baseline 0.008 -28"><span class='ocrx_word' id='word_1_12' title='bbox 140 641 233 684; x_wconf 81' lang='lat' dir='ltr'>na-uo</span> <span class='ocrx_word' id='word_1_13' title='bbox 250 620 427 685; x_wconf 85' lang='lat' dir='ltr'>admodum</span> <span class='ocrx_word' id='word_1_14' title='bbox 468 620 548 683; x_wconf 87' lang='lat' dir='ltr'>varii</span> <span class='ocrx_word' id='word_1_15' title='bbox 587 621 694 684; x_wconf 87' lang='lat' dir='ltr'>aetatis</span> <span class='ocrx_word' id='word_1_16' title='bbox 733 622 991 704; x_wconf 74' lang='lat' dir='ltr'>integritatisque</span> <span class='ocrx_word' id='word_1_17' title='bbox 1025 626 1102 687; x_wconf 92' lang='lat' dir='ltr'>sunt</span> <span class='ocrx_word' id='word_1_18' title='bbox 1135 623 1274 704; x_wconf 64' lang='lat' dir='ltr'>medus.</span> <span class='ocrx_word' id='word_1_19' title='bbox 1327 623 1424 707; x_wconf 76' lang='lat' dir='ltr'>[Quen</span> 
     </span>
     <span class='ocr_line' id='line_1_4' title="bbox 248 726 1426 811; baseline 0.005 -19"><span class='ocrx_word' id='word_1_20' title='bbox 248 729 299 792; x_wconf 90' lang='lat' dir='ltr'>his</span> <span class='ocrx_word' id='word_1_21' title='bbox 327 727 531 792; x_wconf 90' lang='lat' dir='ltr'>subieceram</span> <span class='ocrx_word' id='word_1_22' title='bbox 560 726 707 792; x_wconf 92' lang='lat' dir='ltr'>codicum</span> <span class='ocrx_word' id='word_1_23' title='bbox 736 747 794 808; x_wconf 89' lang='lat' dir='ltr'>per</span> <span class='ocrx_word' id='word_1_24' title='bbox 824 736 889 792; x_wconf 90' lang='lat' dir='ltr'>tres</span> <span class='ocrx_word' id='word_1_25' title='bbox 918 727 1057 792; x_wconf 82' lang='lat' dir='ltr'>familias</span> <span class='ocrx_word' id='word_1_26' title='bbox 1086 748 1104 792; x_wconf 98' lang='lat' dir='ltr'>e</span> <span class='ocrx_word' id='word_1_27' title='bbox 1133 731 1295 811; x_wconf 87' lang='lat' dir='ltr'>primario</span> <span class='ocrx_word' id='word_1_28' title='bbox 1322 731 1426 797; x_wconf 79' lang='lat' dir='ltr'>deriu-</span> 
     </span>
     <span class='ocr_line' id='line_1_5' title="bbox 247 833 1424 921; baseline 0.005 -23"><span class='ocrx_word' id='word_1_29' title='bbox 247 839 356 899; x_wconf 91' lang='lat' dir='ltr'>torum</span> <span class='ocrx_word' id='word_1_30' title='bbox 380 833 629 915; x_wconf 81' lang='lat' dir='ltr'>descriptionem</span> <span class='ocrx_word' id='word_1_31' title='bbox 653 837 686 898; x_wconf 92' lang='lat' dir='ltr'>et</span> <span class='ocrx_word' id='word_1_32' title='bbox 709 834 750 897; x_wconf 90' lang='lat' dir='ltr'>de</span> <span class='ocrx_word' id='word_1_33' title='bbox 773 835 905 916; x_wconf 90' lang='lat' dir='ltr'>singulis</span> <span class='ocrx_word' id='word_1_34' title='bbox 930 834 1059 898; x_wconf 88' lang='lat' dir='ltr'>familiis</span> <span class='ocrx_word' id='word_1_35' title='bbox 1082 834 1320 919; x_wconf 79' lang='lat' dir='ltr'>codicibusque</span> <span class='ocrx_word' id='word_1_36' title='bbox 1335 838 1424 921; x_wconf 74' lang='lat' dir='ltr'>dispo</span> 
     </span>
     <span class='ocr_line' id='line_1_6' title="bbox 247 939 1425 1027; baseline 0.003 -22"><span class='ocrx_word' id='word_1_37' title='bbox 247 941 403 1005; x_wconf 89' lang='lat' dir='ltr'>tationem</span> <span class='ocrx_word' id='word_1_38' title='bbox 427 941 586 1003; x_wconf 88' lang='lat' dir='ltr'>minutam</span> <span class='ocrx_word' id='word_1_39' title='bbox 616 944 649 1004; x_wconf 93' lang='lat' dir='ltr'>et</span> <span class='ocrx_word' id='word_1_40' title='bbox 677 939 868 1021; x_wconf 82' lang='lat' dir='ltr'>spinosam,</span> <span class='ocrx_word' id='word_1_41' title='bbox 890 959 929 1004; x_wconf 93' lang='lat' dir='ltr'>ea</span> <span class='ocrx_word' id='word_1_42' title='bbox 963 942 1009 1007; x_wconf 92' lang='lat' dir='ltr'>ita</span> <span class='ocrx_word' id='word_1_43' title='bbox 1037 943 1071 1006; x_wconf 92' lang='lat' dir='ltr'>in</span> <span class='ocrx_word' id='word_1_44' title='bbox 1099 942 1210 1008; x_wconf 83' lang='lat' dir='ltr'>fallaci</span> <span class='ocrx_word' id='word_1_45' title='bbox 1241 944 1425 1027; x_wconf 76' lang='lat' dir='ltr'>instabilique</span> 
     </span>
     <span class='ocr_line' id='line_1_7' title="bbox 247 1045 1424 1134; baseline 0.006 -24"><span class='ocrx_word' id='word_1_46' title='bbox 247 1046 468 1111; x_wconf 86' lang='lat' dir='ltr'>fundamento</span> <span class='ocrx_word' id='word_1_47' title='bbox 485 1045 663 1110; x_wconf 91' lang='lat' dir='ltr'>collationis</span> <span class='ocrx_word' id='word_1_48' title='bbox 694 1046 812 1110; x_wconf 90' lang='lat' dir='ltr'>codicis</span> <span class='ocrx_word' id='word_1_49' title='bbox 840 1047 1031 1112; x_wconf 87' lang='lat' dir='ltr'>Parisiensis</span> <span class='ocrx_word' id='word_1_50' title='bbox 1058 1068 1090 1112; x_wconf 92' lang='grc'>1.</span> <span class='ocrx_word' id='word_1_51' title='bbox 1116 1049 1205 1114; x_wconf 80' lang='grc'><strong>7794</strong></span> <span class='ocrx_word' id='word_1_52' title='bbox 1236 1070 1259 1115; x_wconf 86' lang='lat' dir='ltr'>a</span> <span class='ocrx_word' id='word_1_53' title='bbox 1288 1051 1424 1134; x_wconf 81' lang='lat' dir='ltr'>Kramplo</span> 
     </span>
     <span class='ocr_line' id='line_1_8' title="bbox 247 1153 1424 1235; baseline 0.004 -17"><span class='ocrx_word' id='word_1_54' title='bbox 247 1154 343 1218; x_wconf 86' lang='lat' dir='ltr'>factae</span> <span class='ocrx_word' id='word_1_55' title='bbox 367 1153 541 1217; x_wconf 91' lang='lat' dir='ltr'>constituta</span> <span class='ocrx_word' id='word_1_56' title='bbox 564 1155 645 1230; x_wconf 89' lang='lat' dir='ltr'>erat,</span> <span class='ocrx_word' id='word_1_57' title='bbox 670 1156 706 1216; x_wconf 91' lang='lat' dir='ltr'>ut</span> <span class='ocrx_word' id='word_1_58' title='bbox 728 1172 835 1235; x_wconf 90' lang='lat' dir='ltr'>neque</span> <span class='ocrx_word' id='word_1_59' title='bbox 858 1154 962 1235; x_wconf 89' lang='lat' dir='ltr'>repeti</span> <span class='ocrx_word' id='word_1_60' title='bbox 985 1174 1072 1218; x_wconf 90' lang='lat' dir='ltr'>nunc</span> <span class='ocrx_word' id='word_1_61' title='bbox 1094 1156 1166 1220; x_wconf 91' lang='lat' dir='ltr'>sine</span> <span class='ocrx_word' id='word_1_62' title='bbox 1188 1156 1299 1221; x_wconf 89' lang='lat' dir='ltr'>multa</span> <span class='ocrx_word' id='word_1_63' title='bbox 1321 1177 1424 1223; x_wconf 81' lang='lat' dir='ltr'>correc-</span> 
     </span>
     <span class='ocr_line' id='line_1_9' title="bbox 246 1259 1422 1342; baseline 0.003 -17"><span class='ocrx_word' id='word_1_64' title='bbox 246 1260 334 1325; x_wconf 89' lang='lat' dir='ltr'>tione</span> <span class='ocrx_word' id='word_1_65' title='bbox 363 1260 506 1336; x_wconf 82' lang='lat' dir='ltr'>deberet,</span> <span class='ocrx_word' id='word_1_66' title='bbox 542 1278 647 1341; x_wconf 90' lang='lat' dir='ltr'>neque</span> <span class='ocrx_word' id='word_1_67' title='bbox 676 1259 790 1341; x_wconf 76' lang='lat' dir='ltr'>corrigi</span> <span class='ocrx_word' id='word_1_68' title='bbox 819 1259 1004 1342; x_wconf 88' lang='lat' dir='ltr'>singulatim</span> <span class='ocrx_word' id='word_1_69' title='bbox 1035 1263 1104 1326; x_wconf 90' lang='lat' dir='ltr'>sine</span> <span class='ocrx_word' id='word_1_70' title='bbox 1133 1282 1270 1328; x_wconf 86' lang='lat' dir='ltr'>summa</span> <span class='ocrx_word' id='word_1_71' title='bbox 1298 1265 1422 1329; x_wconf 74' lang='lat' dir='ltr'>molestie</span> 
     </span>
     <span class='ocr_line' id='line_1_10' title="bbox 247 1366 1424 1450; baseline 0.005 -20"><span class='ocrx_word' id='word_1_72' title='bbox 247 1370 280 1430; x_wconf 91' lang='lat' dir='ltr'>et</span> <span class='ocrx_word' id='word_1_73' title='bbox 302 1386 377 1431; x_wconf 87' lang='lat' dir='ltr'>mea</span> <span class='ocrx_word' id='word_1_74' title='bbox 400 1369 430 1431; x_wconf 88' lang='lat' dir='ltr'>et</span> <span class='ocrx_word' id='word_1_75' title='bbox 455 1366 612 1430; x_wconf 89' lang='lat' dir='ltr'>lectorum</span> <span class='ocrx_word' id='word_1_76' title='bbox 636 1369 757 1447; x_wconf 89' lang='lat' dir='ltr'>posset.</span> <span class='ocrx_word' id='word_1_77' title='bbox 793 1366 877 1430; x_wconf 90' lang='lat' dir='ltr'>Nam</span> <span class='ocrx_word' id='word_1_78' title='bbox 901 1367 1109 1450; x_wconf 89' lang='lat' dir='ltr'>Krarupium,</span> <span class='ocrx_word' id='word_1_79' title='bbox 1134 1369 1229 1433; x_wconf 88' lang='lat' dir='ltr'>cuius</span> <span class='ocrx_word' id='word_1_80' title='bbox 1253 1371 1424 1436; x_wconf 83' lang='lat' dir='ltr'>testimoniis</span> 
     </span>
     <span class='ocr_line' id='line_1_11' title="bbox 247 1462 1425 1554; baseline 0.006 -19"><span class='ocrx_word' id='word_1_81' title='bbox 247 1462 404 1554; x_wconf 89' lang='lat' dir='ltr'>perpetuo</span> <span class='ocrx_word' id='word_1_82' title='bbox 432 1491 511 1537; x_wconf 91' lang='lat' dir='ltr'>usus</span> <span class='ocrx_word' id='word_1_83' title='bbox 539 1493 628 1536; x_wconf 89' lang='lat' dir='ltr'>eram</span> <span class='ocrx_word' id='word_1_84' title='bbox 660 1472 703 1536; x_wconf 85' lang='lat' dir='ltr'>ad</span> <span class='ocrx_word' id='word_1_85' title='bbox 733 1472 859 1538; x_wconf 92' lang='lat' dir='ltr'>codices</span> <span class='ocrx_word' id='word_1_86' title='bbox 890 1473 1129 1552; x_wconf 90' lang='lat' dir='ltr'>discernendos,</span> <span class='ocrx_word' id='word_1_87' title='bbox 1166 1478 1200 1540; x_wconf 90' lang='lat' dir='ltr'>et</span> <span class='ocrx_word' id='word_1_88' title='bbox 1229 1477 1336 1542; x_wconf 84' lang='lat' dir='ltr'>multa</span> <span class='ocrx_word' id='word_1_89' title='bbox 1361 1478 1425 1542; x_wconf 87' lang='lat' dir='ltr'>oni·</span> 
     </span>
     <span class='ocr_line' id='line_1_12' title="bbox 246 1579 1425 1665; baseline 0.005 -22"><span class='ocrx_word' id='word_1_90' title='bbox 246 1580 327 1643; x_wconf 85' lang='lat' dir='ltr'>sisse</span> <span class='ocrx_word' id='word_1_91' title='bbox 351 1582 383 1643; x_wconf 91' lang='lat' dir='ltr'>et</span> <span class='ocrx_word' id='word_1_92' title='bbox 406 1579 557 1661; x_wconf 85' lang='lat' dir='ltr'>quaedam</span> <span class='ocrx_word' id='word_1_93' title='bbox 580 1599 646 1644; x_wconf 91' lang='lat' dir='ltr'>non</span> <span class='ocrx_word' id='word_1_94' title='bbox 670 1583 756 1643; x_wconf 88' lang='lat' dir='ltr'>recte</span> <span class='ocrx_word' id='word_1_95' title='bbox 785 1580 901 1662; x_wconf 83' lang='lat' dir='ltr'>legisse</span> <span class='ocrx_word' id='word_1_96' title='bbox 935 1583 967 1644; x_wconf 95' lang='lat' dir='ltr'>et</span> <span class='ocrx_word' id='word_1_97' title='bbox 1001 1583 1152 1664; x_wconf 86' lang='lat' dir='ltr'>antiquas</span> <span class='ocrx_word' id='word_1_98' title='bbox 1189 1583 1312 1649; x_wconf 82' lang='lat' dir='ltr'>codicis</span> <span class='ocrx_word' id='word_1_99' title='bbox 1344 1585 1425 1665; x_wconf 78' lang='lat' dir='ltr'>scrip</span> 
     </span>
     <span class='ocr_line' id='line_1_13' title="bbox 246 1685 1425 1770; baseline 0.003 -21"><span class='ocrx_word' id='word_1_100' title='bbox 246 1690 337 1751; x_wconf 90' lang='lat' dir='ltr'>turas</span> <span class='ocrx_word' id='word_1_101' title='bbox 361 1705 381 1750; x_wconf 95' lang='grc'>1</span> <span class='ocrx_word' id='word_1_102' title='bbox 409 1687 642 1760; x_wconf 77' lang='lat' dir='ltr'>mutationibus</span> <span class='ocrx_word' id='word_1_103' title='bbox 676 1689 708 1749; x_wconf 89' lang='lat' dir='ltr'>et</span> <span class='ocrx_word' id='word_1_104' title='bbox 738 1685 1043 1768; x_wconf 88' lang='lat' dir='ltr'>interpolationibus</span> <span class='ocrx_word' id='word_1_105' title='bbox 1073 1692 1191 1770; x_wconf 89' lang='lat' dir='ltr'>postea</span> <span class='ocrx_word' id='word_1_106' title='bbox 1221 1689 1330 1768; x_wconf 81' lang='lat' dir='ltr'>lactis,</span> <span class='ocrx_word' id='word_1_107' title='bbox 1362 1709 1425 1755; x_wconf 79' lang='lat' dir='ltr'>non</span> 
     </span>
     <span class='ocr_line' id='line_1_14' title="bbox 233 1791 1426 1876; baseline 0.006 -22"><span class='ocrx_word' id='word_1_108' title='bbox 233 1791 341 1856; x_wconf 89' lang='lat' dir='ltr'>nullis</span> <span class='ocrx_word' id='word_1_109' title='bbox 376 1792 470 1874; x_wconf 88' lang='lat' dir='ltr'>longe</span> <span class='ocrx_word' id='word_1_110' title='bbox 504 1792 747 1870; x_wconf 88' lang='lat' dir='ltr'>recentioribus,</span> <span class='ocrx_word' id='word_1_111' title='bbox 784 1813 902 1874; x_wconf 90' lang='lat' dir='ltr'>parum</span> <span class='ocrx_word' id='word_1_112' title='bbox 937 1793 1106 1876; x_wconf 88' lang='lat' dir='ltr'>diligenter</span> <span class='ocrx_word' id='word_1_113' title='bbox 1140 1797 1333 1873; x_wconf 87' lang='lat' dir='ltr'>secrevisse,</span> <span class='ocrx_word' id='word_1_114' title='bbox 1365 1796 1426 1861; x_wconf 83' lang='lat' dir='ltr'>salis</span> 
     </span>
     <span class='ocr_line' id='line_1_15' title="bbox 246 1897 1424 1985; baseline 0.002 -22"><span class='ocrx_word' id='word_1_115' title='bbox 246 1898 396 1963; x_wconf 86' lang='lat' dir='ltr'>Halmius</span> <span class='ocrx_word' id='word_1_116' title='bbox 425 1899 661 1964; x_wconf 85' lang='lat' dir='ltr'>demonstravit</span> <span class='ocrx_word' id='word_1_117' title='bbox 688 1897 783 1980; x_wconf 88' lang='lat' dir='ltr'>(Mus.</span> <span class='ocrx_word' id='word_1_118' title='bbox 813 1899 920 1964; x_wconf 89' lang='lat' dir='ltr'>Rhen.</span> <span class='ocrx_word' id='word_1_119' title='bbox 944 1902 1025 1965; x_wconf 93' lang='lat' dir='ltr'>Nov.</span> <span class='ocrx_word' id='word_1_120' title='bbox 1053 1901 1122 1965; x_wconf 91' lang='lat' dir='ltr'>Ser.</span> <span class='ocrx_word' id='word_1_121' title='bbox 1151 1902 1223 1967; x_wconf 88' lang='lat' dir='ltr'>Vol.</span> <span class='ocrx_word' id='word_1_122' title='bbox 1250 1903 1297 1967; x_wconf 90' lang='lat' dir='ltr'>IX</span> <span class='ocrx_word' id='word_1_123' title='bbox 1324 1902 1424 1985; x_wconf 71' lang='grc'><strong>11311</strong></span> 
     </span>
     <span class='ocr_line' id='line_1_16' title="bbox 246 2003 1425 2089; baseline 0.005 -21"><span class='ocrx_word' id='word_1_124' title='bbox 246 2003 341 2087; x_wconf 81' lang='lat' dir='ltr'>sqq).</span> <span class='ocrx_word' id='word_1_125' title='bbox 388 2005 500 2087; x_wconf 89' lang='lat' dir='ltr'>ltaque</span> <span class='ocrx_word' id='word_1_126' title='bbox 523 2006 575 2069; x_wconf 93' lang='lat' dir='ltr'>hic</span> <span class='ocrx_word' id='word_1_127' title='bbox 598 2005 786 2069; x_wconf 87' lang='lat' dir='ltr'>summatim</span> <span class='ocrx_word' id='word_1_128' title='bbox 809 2005 970 2084; x_wconf 81' lang='lat' dir='ltr'>indicabo,</span> <span class='ocrx_word' id='word_1_129' title='bbox 1006 2008 1083 2089; x_wconf 92' lang='lat' dir='ltr'>quid</span> <span class='ocrx_word' id='word_1_130' title='bbox 1111 2027 1199 2072; x_wconf 91' lang='lat' dir='ltr'>nunc</span> <span class='ocrx_word' id='word_1_131' title='bbox 1227 2029 1271 2074; x_wconf 84' lang='lat' dir='ltr'>ex</span> <span class='ocrx_word' id='word_1_132' title='bbox 1300 2009 1354 2073; x_wconf 91' lang='lat' dir='ltr'>illa</span> <span class='ocrx_word' id='word_1_133' title='bbox 1373 2008 1425 2073; x_wconf 76' lang='lat' dir='ltr'>dis</span> 
     </span>
     <span class='ocr_line' id='line_1_17' title="bbox 246 2111 1470 2195; baseline 0.002 -20"><span class='ocrx_word' id='word_1_134' title='bbox 246 2112 414 2193; x_wconf 89' lang='lat' dir='ltr'>putatione</span> <span class='ocrx_word' id='word_1_135' title='bbox 436 2117 576 2176; x_wconf 88' lang='lat' dir='ltr'>teneam.</span> <span class='ocrx_word' id='word_1_136' title='bbox 624 2111 777 2176; x_wconf 91' lang='lat' dir='ltr'>Omnium</span> <span class='ocrx_word' id='word_1_137' title='bbox 801 2113 907 2194; x_wconf 90' lang='lat' dir='ltr'>igitur,</span> <span class='ocrx_word' id='word_1_138' title='bbox 937 2114 992 2195; x_wconf 92' lang='lat' dir='ltr'>qui</span> <span class='ocrx_word' id='word_1_139' title='bbox 1015 2114 1082 2177; x_wconf 93' lang='lat' dir='ltr'>noti</span> <span class='ocrx_word' id='word_1_140' title='bbox 1105 2117 1192 2191; x_wconf 91' lang='lat' dir='ltr'>sunt,</span> <span class='ocrx_word' id='word_1_141' title='bbox 1224 2114 1427 2180; x_wconf 76' lang='lat' dir='ltr'>parisiensem</span> <span class='ocrx_word' id='word_1_142' title='bbox 1468 2114 1470 2127; x_wconf 93' lang='lat'>&#39;</span> 
     </span>
     <span class='ocr_line' id='line_1_18' title="bbox 246 2217 1427 2303; baseline 0.006 -23"><span class='ocrx_word' id='word_1_143' title='bbox 246 2217 335 2281; x_wconf 88' lang='lat' dir='ltr'>illurn</span> <span class='ocrx_word' id='word_1_144' title='bbox 360 2221 392 2281; x_wconf 91' lang='lat' dir='ltr'>et</span> <span class='ocrx_word' id='word_1_145' title='bbox 415 2222 512 2283; x_wconf 74' lang='lat' dir='ltr'>aetate</span> <span class='ocrx_word' id='word_1_146' title='bbox 536 2218 624 2300; x_wconf 90' lang='lat' dir='ltr'>(noni</span> <span class='ocrx_word' id='word_1_147' title='bbox 650 2218 736 2282; x_wconf 90' lang='lat' dir='ltr'>enim</span> <span class='ocrx_word' id='word_1_148' title='bbox 759 2219 869 2283; x_wconf 87' lang='lat' dir='ltr'>saeculi</span> <span class='ocrx_word' id='word_1_149' title='bbox 893 2218 955 2301; x_wconf 81' lang='lat' dir='ltr'>est)</span> <span class='ocrx_word' id='word_1_150' title='bbox 985 2223 1018 2284; x_wconf 94' lang='lat' dir='ltr'>et</span> <span class='ocrx_word' id='word_1_151' title='bbox 1045 2220 1109 2284; x_wconf 86' lang='lat' dir='ltr'>fide</span> <span class='ocrx_word' id='word_1_152' title='bbox 1132 2221 1427 2303; x_wconf 78' lang='lat' dir='ltr'>praestantissimum</span> 
     </span>
     <span class='ocr_line' id='line_1_19' title="bbox 246 2325 1429 2409; baseline 0.003 -21"><span class='ocrx_word' id='word_1_153' title='bbox 246 2344 319 2389; x_wconf 88' lang='lat' dir='ltr'>esse</span> <span class='ocrx_word' id='word_1_154' title='bbox 343 2344 557 2407; x_wconf 85' lang='lat' dir='ltr'>exposueram</span> <span class='ocrx_word' id='word_1_155' title='bbox 580 2329 613 2390; x_wconf 91' lang='lat' dir='ltr'>et</span> <span class='ocrx_word' id='word_1_156' title='bbox 636 2325 843 2390; x_wconf 88' lang='lat' dir='ltr'>ostenderam</span> <span class='ocrx_word' id='word_1_157' title='bbox 872 2327 905 2390; x_wconf 92' lang='lat' dir='ltr'>in</span> <span class='ocrx_word' id='word_1_158' title='bbox 929 2345 968 2390; x_wconf 90' lang='lat' dir='ltr'>eo</span> <span class='ocrx_word' id='word_1_159' title='bbox 991 2327 1081 2391; x_wconf 89' lang='lat' dir='ltr'>nulla</span> <span class='ocrx_word' id='word_1_160' title='bbox 1103 2346 1175 2392; x_wconf 86' lang='lat' dir='ltr'>esse</span> <span class='ocrx_word' id='word_1_161' title='bbox 1198 2327 1323 2392; x_wconf 89' lang='lat' dir='ltr'>indicia</span> <span class='ocrx_word' id='word_1_162' title='bbox 1344 2329 1429 2409; x_wconf 83' lang='lat' dir='ltr'>scrip</span> 
     </span>
     <span class='ocr_line' id='line_1_20' title="bbox 245 2432 1430 2516; baseline 0.002 -21"><span class='ocrx_word' id='word_1_163' title='bbox 245 2434 328 2496; x_wconf 76' lang='lat' dir='ltr'>turae</span> <span class='ocrx_word' id='word_1_164' title='bbox 362 2432 483 2498; x_wconf 91' lang='lat' dir='ltr'>sensim</span> <span class='ocrx_word' id='word_1_165' title='bbox 519 2435 551 2496; x_wconf 90' lang='lat' dir='ltr'>et</span> <span class='ocrx_word' id='word_1_166' title='bbox 585 2433 678 2513; x_wconf 91' lang='lat' dir='ltr'>quasi</span> <span class='ocrx_word' id='word_1_167' title='bbox 712 2432 874 2513; x_wconf 89' lang='lat' dir='ltr'>gradatim</span> <span class='ocrx_word' id='word_1_168' title='bbox 910 2436 1080 2515; x_wconf 81' lang='lat' dir='ltr'>corruptae,</span> <span class='ocrx_word' id='word_1_169' title='bbox 1115 2435 1177 2498; x_wconf 90' lang='lat' dir='ltr'>nisi</span> <span class='ocrx_word' id='word_1_170' title='bbox 1214 2438 1377 2516; x_wconf 85' lang='lat' dir='ltr'>quatenus</span> <span class='ocrx_word' id='word_1_171' title='bbox 1404 2433 1430 2497; x_wconf 89' lang='lat' dir='ltr'>in</span> 
     </span>
     <span class='ocr_line' id='line_1_21' title="bbox 246 2537 1430 2623; baseline 0.001 -21"><span class='ocrx_word' id='word_1_172' title='bbox 246 2538 400 2620; x_wconf 90' lang='lat' dir='ltr'>primario</span> <span class='ocrx_word' id='word_1_173' title='bbox 423 2540 488 2603; x_wconf 91' lang='lat' dir='ltr'>iarn</span> <span class='ocrx_word' id='word_1_174' title='bbox 512 2537 670 2601; x_wconf 90' lang='lat' dir='ltr'>mendosa</span> <span class='ocrx_word' id='word_1_175' title='bbox 703 2543 797 2603; x_wconf 90' lang='lat' dir='ltr'>esset.</span> <span class='ocrx_word' id='word_1_176' title='bbox 834 2541 866 2602; x_wconf 93' lang='lat' dir='ltr'>et</span> <span class='ocrx_word' id='word_1_177' title='bbox 895 2539 1012 2604; x_wconf 92' lang='lat' dir='ltr'>deinde</span> <span class='ocrx_word' id='word_1_178' title='bbox 1043 2542 1181 2623; x_wconf 85' lang='lat' dir='ltr'>expletae</span> <span class='ocrx_word' id='word_1_179' title='bbox 1214 2545 1248 2606; x_wconf 88' lang='lat' dir='ltr'>et</span> <span class='ocrx_word' id='word_1_180' title='bbox 1280 2546 1430 2622; x_wconf 87' lang='lat' dir='ltr'>utcunque</span> 
     </span>
     <span class='ocr_line' id='line_1_22' title="bbox 154 2644 1470 2733; baseline 0.002 -25"><span class='ocrx_word' id='word_1_181' title='bbox 154 2660 157 2665; x_wconf 84' lang='grc'><em>·</em></span> <span class='ocrx_word' id='word_1_182' title='bbox 245 2649 398 2710; x_wconf 81' lang='lat' dir='ltr'>correctae</span> <span class='ocrx_word' id='word_1_183' title='bbox 422 2646 605 2710; x_wconf 90' lang='lat' dir='ltr'>coniectura</span> <span class='ocrx_word' id='word_1_184' title='bbox 634 2664 673 2707; x_wconf 86' lang='lat' dir='ltr'>ex</span> <span class='ocrx_word' id='word_1_185' title='bbox 702 2644 762 2708; x_wconf 92' lang='lat' dir='ltr'>illis</span> <span class='ocrx_word' id='word_1_186' title='bbox 792 2645 870 2727; x_wconf 90' lang='lat' dir='ltr'>ipsis</span> <span class='ocrx_word' id='word_1_187' title='bbox 898 2649 1088 2730; x_wconf 90' lang='lat' dir='ltr'>corruptelis</span> <span class='ocrx_word' id='word_1_188' title='bbox 1119 2648 1228 2725; x_wconf 88' lang='lat' dir='ltr'>ducta,</span> <span class='ocrx_word' id='word_1_189' title='bbox 1264 2652 1429 2730; x_wconf 89' lang='lat' dir='ltr'>patereque</span> <span class='ocrx_word' id='word_1_190' title='bbox 1466 2726 1470 2733; x_wconf 21' lang='grc' dir='ltr'>ι</span> 
     </span>
     <span class='ocr_line' id='line_1_23' title="bbox 244 2750 1428 2837; baseline 0.004 -23"><span class='ocrx_word' id='word_1_191' title='bbox 244 2751 278 2815; x_wconf 88' lang='grc'>11</span> <span class='ocrx_word' id='word_1_192' title='bbox 301 2771 340 2816; x_wconf 88' lang='grc'>11</span> <span class='ocrx_word' id='word_1_193' title='bbox 363 2751 466 2815; x_wconf 89' lang='lat' dir='ltr'>multa</span> <span class='ocrx_word' id='word_1_194' title='bbox 488 2750 624 2832; x_wconf 84' lang='lat' dir='ltr'>vestigia</span> <span class='ocrx_word' id='word_1_195' title='bbox 647 2752 761 2831; x_wconf 87' lang='lat' dir='ltr'>primae</span> <span class='ocrx_word' id='word_1_196' title='bbox 784 2753 953 2834; x_wconf 84' lang='lat' dir='ltr'>scripturae</span> <span class='ocrx_word' id='word_1_197' title='bbox 976 2758 1091 2835; x_wconf 89' lang='lat' dir='ltr'>postea</span> <span class='ocrx_word' id='word_1_198' title='bbox 1114 2755 1290 2832; x_wconf 85' lang='lat' dir='ltr'>occultata,</span> <span class='ocrx_word' id='word_1_199' title='bbox 1322 2755 1428 2837; x_wconf 87' lang='lat' dir='ltr'>planis·</span> 
     </span>
     <span class='ocr_line' id='line_1_24' title="bbox 244 2857 1427 2942; baseline 0.003 -21"><span class='ocrx_word' id='word_1_200' title='bbox 244 2858 390 2940; x_wconf 89' lang='lat' dir='ltr'>simeque</span> <span class='ocrx_word' id='word_1_201' title='bbox 413 2857 555 2939; x_wconf 84' lang='lat' dir='ltr'>intelligi,</span> <span class='ocrx_word' id='word_1_202' title='bbox 591 2858 754 2938; x_wconf 90' lang='lat' dir='ltr'>quomodo</span> <span class='ocrx_word' id='word_1_203' title='bbox 783 2879 822 2922; x_wconf 85' lang='lat' dir='ltr'>ex</span> <span class='ocrx_word' id='word_1_204' title='bbox 851 2861 898 2937; x_wconf 90' lang='lat' dir='ltr'>iis,</span> <span class='ocrx_word' id='word_1_205' title='bbox 934 2880 1008 2942; x_wconf 82' lang='lat' dir='ltr'>quae</span> <span class='ocrx_word' id='word_1_206' title='bbox 1037 2862 1089 2924; x_wconf 91' lang='lat' dir='ltr'>hic</span> <span class='ocrx_word' id='word_1_207' title='bbox 1112 2860 1226 2925; x_wconf 87' lang='lat' dir='ltr'>leviter</span> <span class='ocrx_word' id='word_1_208' title='bbox 1250 2863 1365 2926; x_wconf 87' lang='lat' dir='ltr'>vitiata</span> <span class='ocrx_word' id='word_1_209' title='bbox 1385 2879 1427 2924; x_wconf 76' lang='lat' dir='ltr'>os·</span> 
     </span>
     <span class='ocr_line' id='line_1_25' title="bbox 244 2964 1428 3048; baseline 0 -19"><span class='ocrx_word' id='word_1_210' title='bbox 244 2970 326 3042; x_wconf 89' lang='lat' dir='ltr'>sent,</span> <span class='ocrx_word' id='word_1_211' title='bbox 351 2965 548 3048; x_wconf 90' lang='lat' dir='ltr'>reliquorum</span> <span class='ocrx_word' id='word_1_212' title='bbox 572 2964 740 3044; x_wconf 87' lang='lat' dir='ltr'>scripturae</span> <span class='ocrx_word' id='word_1_213' title='bbox 764 2969 844 3029; x_wconf 88' lang='lat' dir='ltr'>ortae</span> <span class='ocrx_word' id='word_1_214' title='bbox 868 2972 986 3043; x_wconf 85' lang='lat' dir='ltr'>essent,</span> <span class='ocrx_word' id='word_1_215' title='bbox 1014 2967 1048 3029; x_wconf 93' lang='grc'>11</span> <span class='ocrx_word' id='word_1_216' title='bbox 1071 2986 1136 3048; x_wconf 92' lang='lat' dir='ltr'>qua</span> <span class='ocrx_word' id='word_1_217' title='bbox 1160 2966 1428 3032; x_wconf 86' lang='lat' dir='ltr'>demonstratione</span> 
     </span>
     <span class='ocr_line' id='line_1_26' title="bbox 244 3070 1430 3156; baseline 0.002 -21"><span class='ocrx_word' id='word_1_218' title='bbox 244 3072 371 3137; x_wconf 90' lang='lat' dir='ltr'>duobus</span> <span class='ocrx_word' id='word_1_219' title='bbox 396 3070 551 3152; x_wconf 86' lang='lat' dir='ltr'>exemplis</span> <span class='ocrx_word' id='word_1_220' title='bbox 579 3089 658 3133; x_wconf 86' lang='lat' dir='ltr'>usus</span> <span class='ocrx_word' id='word_1_221' title='bbox 686 3090 786 3148; x_wconf 87' lang='lat' dir='ltr'>eram,</span> <span class='ocrx_word' id='word_1_222' title='bbox 817 3092 843 3136; x_wconf 91' lang='lat' dir='ltr'>c.</span> <span class='ocrx_word' id='word_1_223' title='bbox 871 3074 921 3150; x_wconf 87' lang='lat'>16,</span> <span class='ocrx_word' id='word_1_224' title='bbox 951 3074 991 3137; x_wconf 77' lang='lat'>37</span> <span class='ocrx_word' id='word_1_225' title='bbox 1022 3071 1239 3156; x_wconf 74' lang='lat' dir='ltr'>(poptdariter</span> <span class='ocrx_word' id='word_1_226' title='bbox 1267 3076 1430 3138; x_wconf 74' lang='lat' dir='ltr'>aiatiaeter·</span> 
     </span>
     <span class='ocr_line' id='line_1_27' title="bbox 244 3174 1429 3265; baseline 0 -22"><span class='ocrx_word' id='word_1_227' title='bbox 244 3179 314 3265; x_wconf 81' lang='lat' dir='ltr'>que)</span> <span class='ocrx_word' id='word_1_228' title='bbox 338 3183 371 3244; x_wconf 91' lang='lat' dir='ltr'>et</span> <span class='ocrx_word' id='word_1_229' title='bbox 392 3179 446 3255; x_wconf 87' lang='lat'>49,</span> <span class='ocrx_word' id='word_1_230' title='bbox 472 3177 536 3240; x_wconf 84' lang='lat'>104</span> <span class='ocrx_word' id='word_1_231' title='bbox 558 3174 669 3258; x_wconf 85' lang='lat' dir='ltr'>(otium</span> <span class='ocrx_word' id='word_1_232' title='bbox 692 3178 899 3259; x_wconf 77' lang='lat' dir='ltr'>malexatur);</span> <span class='ocrx_word' id='word_1_233' title='bbox 923 3180 981 3243; x_wconf 90' lang='lat' dir='ltr'>sed</span> <span class='ocrx_word' id='word_1_234' title='bbox 1002 3183 1223 3262; x_wconf 77' lang='lat' dir='ltr'>praeterquam</span> <span class='ocrx_word' id='word_1_235' title='bbox 1242 3179 1333 3261; x_wconf 88' lang='lat' dir='ltr'>qnod</span> <span class='ocrx_word' id='word_1_236' title='bbox 1349 3179 1429 3243; x_wconf 84' lang='lat' dir='ltr'>vanis</span> 
     </span>
     <span class='ocr_line' id='line_1_28' title="bbox 244 3282 1430 3368; baseline -0.002 -18"><span class='ocrx_word' id='word_1_237' title='bbox 244 3285 441 3368; x_wconf 90' lang='lat' dir='ltr'>quibusdam</span> <span class='ocrx_word' id='word_1_238' title='bbox 463 3282 588 3348; x_wconf 90' lang='lat' dir='ltr'>indiciis</span> <span class='ocrx_word' id='word_1_239' title='bbox 617 3283 768 3347; x_wconf 89' lang='lat' dir='ltr'>inductus</span> <span class='ocrx_word' id='word_1_240' title='bbox 797 3305 888 3348; x_wconf 91' lang='lat' dir='ltr'>eram</span> <span class='ocrx_word' id='word_1_241' title='bbox 923 3286 955 3349; x_wconf 91' lang='lat' dir='ltr'>in</span> <span class='ocrx_word' id='word_1_242' title='bbox 991 3285 1105 3349; x_wconf 83' lang='lat' dir='ltr'>falsam</span> <span class='ocrx_word' id='word_1_243' title='bbox 1142 3286 1373 3368; x_wconf 90' lang='lat' dir='ltr'>suspicionem,</span> <span class='ocrx_word' id='word_1_244' title='bbox 1403 3285 1430 3348; x_wconf 87' lang='lat' dir='ltr'>in</span> 
     </span>
     <span class='ocr_line' id='line_1_29' title="bbox 243 3389 1433 3475; baseline -0.002 -18"><span class='ocrx_word' id='word_1_245' title='bbox 243 3394 314 3475; x_wconf 92' lang='lat' dir='ltr'>ipso</span> <span class='ocrx_word' id='word_1_246' title='bbox 337 3391 511 3456; x_wconf 89' lang='lat' dir='ltr'>Parisiensi</span> <span class='ocrx_word' id='word_1_247' title='bbox 534 3389 646 3471; x_wconf 91' lang='lat' dir='ltr'>paucis</span> <span class='ocrx_word' id='word_1_248' title='bbox 670 3389 793 3473; x_wconf 88' lang='lat' dir='ltr'>aliquot</span> <span class='ocrx_word' id='word_1_249' title='bbox 817 3392 894 3456; x_wconf 91' lang='lat' dir='ltr'>locis</span> <span class='ocrx_word' id='word_1_250' title='bbox 918 3393 1083 3474; x_wconf 90' lang='lat' dir='ltr'>propriam</span> <span class='ocrx_word' id='word_1_251' title='bbox 1107 3396 1273 3456; x_wconf 88' lang='lat' dir='ltr'>versatam</span> <span class='ocrx_word' id='word_1_252' title='bbox 1297 3392 1433 3457; x_wconf 83' lang='grc'><strong>111111·</strong></span> 
     </span>
     <span class='ocr_line' id='line_1_30' title="bbox 242 3496 1433 3581; baseline -0.001 -19"><span class='ocrx_word' id='word_1_253' title='bbox 242 3499 501 3581; x_wconf 89' lang='lat' dir='ltr'>terpolationem,</span> <span class='ocrx_word' id='word_1_254' title='bbox 526 3496 555 3560; x_wconf 92' lang='lat' dir='ltr'>ei</span> <span class='ocrx_word' id='word_1_255' title='bbox 577 3499 736 3577; x_wconf 89' lang='lat' dir='ltr'>tanquam</span> <span class='ocrx_word' id='word_1_256' title='bbox 760 3518 861 3580; x_wconf 88' lang='lat' dir='ltr'>prope</span> <span class='ocrx_word' id='word_1_257' title='bbox 885 3518 998 3580; x_wconf 90' lang='lat' dir='ltr'>parem</span> <span class='ocrx_word' id='word_1_258' title='bbox 1024 3502 1056 3562; x_wconf 91' lang='lat' dir='ltr'>et</span> <span class='ocrx_word' id='word_1_259' title='bbox 1079 3501 1242 3580; x_wconf 85' lang='lat' dir='ltr'>separatae</span> <span class='ocrx_word' id='word_1_260' title='bbox 1266 3518 1308 3563; x_wconf 83' lang='lat' dir='ltr'>ex</span> <span class='ocrx_word' id='word_1_261' title='bbox 1328 3497 1433 3563; x_wconf 87' lang='lat' dir='ltr'>arche·</span> 
     </span>
     <span class='ocr_line' id='line_1_31' title="bbox 243 3602 1434 3689; baseline -0.003 -19"><span class='ocrx_word' id='word_1_262' title='bbox 243 3608 321 3689; x_wconf 88' lang='lat' dir='ltr'>typo</span> <span class='ocrx_word' id='word_1_263' title='bbox 345 3603 474 3686; x_wconf 85' lang='lat' dir='ltr'>originis</span> <span class='ocrx_word' id='word_1_264' title='bbox 497 3602 708 3667; x_wconf 83' lang='lat' dir='ltr'>adiunxeram</span> <span class='ocrx_word' id='word_1_265' title='bbox 734 3604 878 3668; x_wconf 87' lang='lat' dir='ltr'>codicem</span> <span class='ocrx_word' id='word_1_266' title='bbox 903 3606 1101 3670; x_wconf 87' lang='lat' dir='ltr'>Bernensem</span> <span class='ocrx_word' id='word_1_267' title='bbox 1127 3606 1280 3688; x_wconf 87' lang='lat' dir='ltr'>priorem,</span> <span class='ocrx_word' id='word_1_268' title='bbox 1305 3609 1344 3669; x_wconf 93' lang='lat' dir='ltr'>ut</span> <span class='ocrx_word' id='word_1_269' title='bbox 1366 3608 1434 3669; x_wconf 90' lang='lat' dir='ltr'>tunc</span> 
     </span>
     <span class='ocr_line' id='line_1_32' title="bbox 241 3709 1434 3794; baseline 0.001 -20"><span class='ocrx_word' id='word_1_270' title='bbox 241 3711 412 3793; x_wconf 91' lang='lat' dir='ltr'>putabam,</span> <span class='ocrx_word' id='word_1_271' title='bbox 435 3709 545 3774; x_wconf 89' lang='lat' dir='ltr'>saeculi</span> <span class='ocrx_word' id='word_1_272' title='bbox 569 3709 695 3786; x_wconf 89' lang='lat' dir='ltr'>decimi,</span> <span class='ocrx_word' id='word_1_273' title='bbox 728 3715 764 3774; x_wconf 94' lang='lat' dir='ltr'>ut</span> <span class='ocrx_word' id='word_1_274' title='bbox 787 3732 871 3776; x_wconf 88' lang='lat' dir='ltr'>nunc</span> <span class='ocrx_word' id='word_1_275' title='bbox 896 3716 1033 3790; x_wconf 88' lang='lat' dir='ltr'>constat,</span> <span class='ocrx_word' id='word_1_276' title='bbox 1063 3712 1191 3776; x_wconf 92' lang='lat' dir='ltr'>duobus</span> <span class='ocrx_word' id='word_1_277' title='bbox 1215 3711 1346 3775; x_wconf 86' lang='lat' dir='ltr'>saeculis</span> <span class='ocrx_word' id='word_1_278' title='bbox 1368 3713 1434 3794; x_wconf 78' lang='lat' dir='ltr'>post</span> 
     </span>
     <span class='ocr_line' id='line_1_33' title="bbox 242 3816 1435 3901; baseline -0.002 -18"><span class='ocrx_word' id='word_1_279' title='bbox 242 3820 409 3900; x_wconf 89' lang='lat' dir='ltr'>scripturn,</span> <span class='ocrx_word' id='word_1_280' title='bbox 439 3836 580 3899; x_wconf 92' lang='lat' dir='ltr'>eumque</span> <span class='ocrx_word' id='word_1_281' title='bbox 609 3816 742 3881; x_wconf 90' lang='lat' dir='ltr'>alterius</span> <span class='ocrx_word' id='word_1_282' title='bbox 767 3818 936 3883; x_wconf 90' lang='lat' dir='ltr'>cuiusdam</span> <span class='ocrx_word' id='word_1_283' title='bbox 961 3819 1093 3883; x_wconf 75' lang='lat' dir='ltr'>familiae</span> <span class='ocrx_word' id='word_1_284' title='bbox 1116 3817 1297 3900; x_wconf 90' lang='lat' dir='ltr'>principem</span> <span class='ocrx_word' id='word_1_285' title='bbox 1322 3835 1435 3901; x_wconf 84' lang='lat' dir='ltr'>posue·</span> 
     </span>
     <span class='ocr_line' id='line_1_34' title="bbox 242 3923 1435 4007; baseline -0.001 -18"><span class='ocrx_word' id='word_1_286' title='bbox 242 3945 324 4003; x_wconf 92' lang='lat' dir='ltr'>ram,</span> <span class='ocrx_word' id='word_1_287' title='bbox 360 3944 456 4007; x_wconf 90' lang='lat' dir='ltr'>quern</span> <span class='ocrx_word' id='word_1_288' title='bbox 492 3943 587 3999; x_wconf 90' lang='lat' dir='ltr'>nunc,</span> <span class='ocrx_word' id='word_1_289' title='bbox 623 3926 797 4005; x_wconf 88' lang='lat' dir='ltr'>postquam</span> <span class='ocrx_word' id='word_1_290' title='bbox 830 3927 982 4007; x_wconf 88' lang='lat' dir='ltr'>apparuit</span> <span class='ocrx_word' id='word_1_291' title='bbox 1014 3945 1116 3989; x_wconf 88' lang='lat' dir='ltr'>vanas</span> <span class='ocrx_word' id='word_1_292' title='bbox 1145 3943 1217 3988; x_wconf 91' lang='lat' dir='ltr'>esse</span> <span class='ocrx_word' id='word_1_293' title='bbox 1246 3923 1435 3988; x_wconf 85' lang='lat' dir='ltr'>discriminis</span> 
     </span>
     <span class='ocr_line' id='line_1_35' title="bbox 241 4029 1435 4113; baseline -0.003 -18"><span class='ocrx_word' id='word_1_294' title='bbox 241 4035 337 4097; x_wconf 89' lang='lat' dir='ltr'>notas</span> <span class='ocrx_word' id='word_1_295' title='bbox 359 4052 425 4096; x_wconf 90' lang='lat' dir='ltr'>non</span> <span class='ocrx_word' id='word_1_296' title='bbox 448 4030 553 4095; x_wconf 91' lang='lat' dir='ltr'>solum</span> <span class='ocrx_word' id='word_1_297' title='bbox 578 4050 617 4094; x_wconf 80' lang='lat' dir='ltr'>ex</span> <span class='ocrx_word' id='word_1_298' title='bbox 641 4030 803 4113; x_wconf 86' lang='lat' dir='ltr'>Krarupii,</span> <span class='ocrx_word' id='word_1_299' title='bbox 828 4032 886 4095; x_wconf 93' lang='lat' dir='ltr'>sed</span> <span class='ocrx_word' id='word_1_300' title='bbox 910 4034 1009 4095; x_wconf 89' lang='lat' dir='ltr'>etiam</span> <span class='ocrx_word' id='word_1_301' title='bbox 1034 4051 1074 4095; x_wconf 84' lang='lat' dir='ltr'>ex</span> <span class='ocrx_word' id='word_1_302' title='bbox 1091 4029 1201 4094; x_wconf 91' lang='lat' dir='ltr'>Orellii</span> <span class='ocrx_word' id='word_1_303' title='bbox 1219 4030 1399 4095; x_wconf 84' lang='lat' dir='ltr'>erroribus·</span> <span class='ocrx_word' id='word_1_304' title='bbox 1407 4032 1435 4093; x_wconf 87' lang='lat' dir='ltr'>et</span> 
     </span>
     <span class='ocr_line' id='line_1_36' title="bbox 242 4138 1435 4220; baseline 0 -17"><span class='ocrx_word' id='word_1_305' title='bbox 242 4139 470 4203; x_wconf 90' lang='lat' dir='ltr'>omissionibus</span> <span class='ocrx_word' id='word_1_306' title='bbox 504 4140 663 4219; x_wconf 72' lang='lat' dir='ltr'>sumptas</span> <span class='ocrx_word' id='word_1_307' title='bbox 699 4156 739 4200; x_wconf 86' lang='grc'>111</span> <span class='ocrx_word' id='word_1_308' title='bbox 772 4138 945 4202; x_wconf 82' lang='lat' dir='ltr'>Parisiensi</span> <span class='ocrx_word' id='word_1_309' title='bbox 977 4138 1175 4220; x_wconf 89' lang='lat' dir='ltr'>descriptum</span> <span class='ocrx_word' id='word_1_310' title='bbox 1206 4156 1279 4201; x_wconf 89' lang='lat' dir='ltr'>esse</span> <span class='ocrx_word' id='word_1_311' title='bbox 1308 4155 1435 4220; x_wconf 85' lang='lat' dir='ltr'>prorsus</span> 
     </span>
     <span class='ocr_line' id='line_1_37' title="bbox 242 4240 1435 4328; baseline -0.001 -19"><span class='ocrx_word' id='word_1_312' title='bbox 242 4244 373 4309; x_wconf 91' lang='lat' dir='ltr'>Halmio</span> <span class='ocrx_word' id='word_1_313' title='bbox 398 4245 565 4308; x_wconf 89' lang='lat' dir='ltr'>assentior.</span> <span class='ocrx_word' id='word_1_314' title='bbox 612 4244 736 4309; x_wconf 89' lang='lat' dir='ltr'>Deinde</span> <span class='ocrx_word' id='word_1_315' title='bbox 760 4246 882 4309; x_wconf 88' lang='lat' dir='ltr'>iterna</span> <span class='ocrx_word' id='word_1_316' title='bbox 913 4240 1027 4310; x_wconf 67' lang='lat' dir='ltr'>codice*</span> <span class='ocrx_word' id='word_1_317' title='bbox 1046 4244 1221 4308; x_wconf 90' lang='lat' dir='ltr'>Parisiensi</span> <span class='ocrx_word' id='word_1_318' title='bbox 1249 4262 1435 4328; x_wconf 79' lang='lat' dir='ltr'>segregare-</span> 
     </span>
     <span class='ocr_line' id='line_1_38' title="bbox 241 4350 1436 4433; baseline -0.001 -17"><span class='ocrx_word' id='word_1_319' title='bbox 241 4371 312 4416; x_wconf 88' lang='lat' dir='ltr'>ram</span> <span class='ocrx_word' id='word_1_320' title='bbox 338 4356 370 4416; x_wconf 91' lang='lat' dir='ltr'>et</span> <span class='ocrx_word' id='word_1_321' title='bbox 392 4352 426 4415; x_wconf 92' lang='lat' dir='ltr'>in</span> <span class='ocrx_word' id='word_1_322' title='bbox 448 4352 545 4415; x_wconf 89' lang='lat' dir='ltr'>tertia</span> <span class='ocrx_word' id='word_1_323' title='bbox 561 4350 684 4415; x_wconf 83' lang='lat' dir='ltr'>familia</span> <span class='ocrx_word' id='word_1_324' title='bbox 701 4371 873 4433; x_wconf 89' lang='lat' dir='ltr'>posueram</span> <span class='ocrx_word' id='word_1_325' title='bbox 892 4352 1018 4416; x_wconf 91' lang='lat' dir='ltr'>codices</span> <span class='ocrx_word' id='word_1_326' title='bbox 1035 4372 1055 4415; x_wconf 89' lang='lat' dir='ltr'>a</span> <span class='ocrx_word' id='word_1_327' title='bbox 1071 4351 1231 4415; x_wconf 89' lang='lat' dir='ltr'>Gulielmo</span> <span class='ocrx_word' id='word_1_328' title='bbox 1253 4354 1286 4414; x_wconf 89' lang='lat' dir='ltr'>et</span> <span class='ocrx_word' id='word_1_329' title='bbox 1303 4350 1436 4415; x_wconf 86' lang='lat' dir='ltr'>Grutero</span> 
     </span>
     <span class='ocr_line' id='line_1_39' title="bbox 242 4450 1437 4539; baseline -0.002 -17"><span class='ocrx_word' id='word_1_330' title='bbox 242 4461 426 4539; x_wconf 72' lang='lat' dir='ltr'>usurpatos</span> <span class='ocrx_word' id='word_1_331' title='bbox 450 4457 560 4522; x_wconf 87' lang='lat' dir='ltr'>Sancti</span> <span class='ocrx_word' id='word_1_332' title='bbox 583 4457 729 4531; x_wconf 86' lang='lat' dir='ltr'>Victoris,</span> <span class='ocrx_word' id='word_1_333' title='bbox 754 4450 1035 4536; x_wconf 86' lang='lat' dir='ltr'>Gemblacensem,</span> <span class='ocrx_word' id='word_1_334' title='bbox 1060 4458 1245 4523; x_wconf 88' lang='lat' dir='ltr'>Palatinum</span> <span class='ocrx_word' id='word_1_335' title='bbox 1268 4478 1394 4524; x_wconf 91' lang='lat' dir='ltr'>nonum</span> <span class='ocrx_word' id='word_1_336' title='bbox 1408 4460 1437 4521; x_wconf 90' lang='lat' dir='ltr'>et</span> 
     </span>
     <span class='ocr_line' id='line_1_40' title="bbox 239 4560 1435 4646; baseline -0.002 -18"><span class='ocrx_word' id='word_1_337' title='bbox 239 4565 275 4628; x_wconf 89' lang='lat' dir='ltr'>in</span> <span class='ocrx_word' id='word_1_338' title='bbox 298 4564 413 4628; x_wconf 90' lang='lat' dir='ltr'>ceteris</span> <span class='ocrx_word' id='word_1_339' title='bbox 436 4567 509 4629; x_wconf 92' lang='lat' dir='ltr'>octo</span> <span class='ocrx_word' id='word_1_340' title='bbox 532 4564 733 4628; x_wconf 85' lang='lat' dir='ltr'>orationibus</span> <span class='ocrx_word' id='word_1_341' title='bbox 751 4565 973 4629; x_wconf 81' lang='lat' dir='ltr'>Erfurtensem</span> <span class='ocrx_word' id='word_1_342' title='bbox 994 4564 1083 4646; x_wconf 87' lang='lat' dir='ltr'>(narn</span> <span class='ocrx_word' id='word_1_343' title='bbox 1101 4565 1252 4629; x_wconf 88' lang='lat' dir='ltr'>Sestiana</span> <span class='ocrx_word' id='word_1_344' title='bbox 1275 4565 1304 4629; x_wconf 90' lang='lat' dir='ltr'>is</span> <span class='ocrx_word' id='word_1_345' title='bbox 1325 4560 1435 4644; x_wconf 87' lang='lat' dir='ltr'>caret).</span> 
     </span>
    </p>
   </div>
   <div class='ocr_carea' id='block_1_3' title="bbox 0 0 1482 5190">
    <p class='ocr_par' dir='ltr' id='par_1_3' title="bbox 0 0 1482 5190">
     <span class='ocr_line' id='line_1_41' title="bbox 0 0 1482 5190; baseline 0 0"><span class='ocrx_word' id='word_1_346' title='bbox 0 0 1482 5190; x_wconf 95' lang='lat' dir='ltr'> </span> 
     </span>
    </p>
   </div>
  </div>
 </body>
</html>
