2948 5206
686 277 729 341 47

132 477 294 542 Schneider.
324 475 368 540 ad
396 474 546 556 Xenoph.
570 473 704 539 Conriv.
729 473 766 548 ll,
799 471 868 554 19.]
913 473 998 536 Nam
1021 472 1077 549 VI,
1108 472 1173 536 263
1201 492 1309 554 neque

133 585 309 649 adversum
338 601 447 664 neque
475 583 518 646 ad
546 581 795 663 grammaticam
824 583 858 643 et
891 579 958 642 rim
992 578 1167 643 verborum
1202 583 1309 644 atten-

133 691 238 767 derunt,
261 690 317 772 qui
339 689 375 754 in
396 688 448 754 his
471 687 597 752 verbis:

889 798 968 858 anta

296 901 476 985 poplitibus
499 900 623 979 sedeat,
648 921 746 982 quarn
771 813 889 965 densqou
898 888 1000 965 tascii't
1023 900 1116 975 libro,

134 1067 177 1127 aut
194 1083 254 1128 non
277 1062 440 1138 viderunt,
464 1060 508 1125 ad
530 1079 644 1125 vocem
666 1059 773 1142 soccia
796 1062 934 1125 verbum
957 1080 1024 1125 non
1051 1061 1209 1125 omissum
1239 1078 1311 1123 esse

135 1189 217 1251 posse,
250 1168 339 1251 quod
368 1169 401 1232 in
424 1166 586 1250 prioribus
609 1167 766 1232 memhris
790 1167 991 1249 exprimatur
1015 1165 1065 1250 (ut
1087 1166 1220 1242 Weber,
1255 1166 1311 1246 qui

133 1275 391 1359 tumidissimum
431 1275 482 1337 illi
523 1273 609 1337 adsit
641 1273 737 1338 nobis
777 1272 953 1354 obtrudit),
993 1274 1053 1338 sed
1094 1273 1311 1355 repetendum

133 1382 226 1460 edent,
259 1386 327 1459 aut
362 1381 426 1446 hoc
454 1381 627 1458 intellecto,
661 1400 728 1444 non
756 1385 938 1458 senserunt,
973 1401 1039 1446 non
1062 1399 1159 1462 posse
1182 1379 1311 1443 diversa

134 1508 189 1553 esse
212 1489 308 1553 huius
337 1487 428 1552 verbi
457 1487 614 1564 subiecta,
650 1487 710 1551 sed
737 1506 840 1551 unum
869 1484 1042 1568 (fasciam),
1078 1505 1139 1550 neo
1174 1484 1310 1549 verbum

134 1596 218 1676 priore
240 1596 311 1661 loco
334 1594 430 1659 aliter
452 1594 540 1675 poni,
569 1593 688 1658 deinde
711 1593 775 1658 alio
798 1613 897 1658 sensu
926 1594 1040 1675 repeti.
1086 1595 1200 1675 ltaque
1223 1596 1311 1657 recte

134 1701 226 1766 hanso
247 1703 281 1766 in
304 1701 376 1767 loco
399 1705 514 1783 aperto
536 1701 599 1765 hoc
622 1701 685 1765 dici
707 1700 803 1765 vidit:
828 1708 958 1785 quanto,
982 1721 1077 1787 quom
1101 1700 1196 1764 denso
1219 1698 1311 1778 libro,

134 1808 217 1888 forcia
250 1808 357 1873 sedeat
388 1807 568 1891 poplitibus,
603 1811 640 1872 ut
673 1807 754 1872 illud
782 1815 903 1892 quanto
933 1807 1050 1872 deinde
1079 1806 1311 1889 amplificetur;

136 1934 211 1995 quem
233 1915 416 1980 contraite
438 1915 617 1996 Rupertius
649 1918 682 1978 et
703 1913 827 1978 Weber
854 1920 1011 1996 pugnant,
1047 1918 1083 1978 ut
1111 1934 1175 1978 non
1205 1913 1311 1977 solum

136 2020 166 2084 de
184 2022 351 2086 verborum
376 2021 526 2085 iunctura
548 2020 628 2085 nihil
652 2021 772 2098 dicant,
801 2020 861 2084 sed
883 2025 935 2085 ne'
948 2021 981 2085 id
1005 2020 1137 2102 quidem
1161 2020 1310 2090 doceant,

136 2127 178 2191 ubi
191 2127 360 2212 poplitibus
382 2126 490 2191 sedere
511 2128 554 2191 sit
570 2126 745 2211 poplitibus
765 2148 797 2192 se
820 2129 960 2211 excipere
982 2127 1057 2209 (etsi
1076 2126 1208 2203 Weber,
1233 2124 1311 2207 quid

137 2234 217 2299 rerba
237 2235 428 2318 significent,
463 2235 626 2317 ignorans,
662 2234 790 2299 ridetur
813 2234 960 2316 accipere
983 2254 1043 2316 pro
1067 2253 1115 2310 eo,
1152 2232 1240 2315 quod
1263 2235 1314 2296 est

136 2348 202 2405 dore
217 2343 355 2426 proieew
372 2340 478 2425 pete),
507 2360 568 2405 nec
591 2341 743 2424 cogitent,
779 2341 835 2422 qui
857 2341 919 2406 hoc
942 2345 1031 2406 statu
1055 2343 1198 2416 utantur,
1235 2358 1312 2404 con-

137 2449 244 2513 baherc
265 2469 302 2513 se
325 2468 366 2513 ac
387 2449 529 2514 minores
553 2448 672 2524 facere,
707 2468 773 2513 non
803 2447 853 2528 (ut
880 2448 925 2511 illi
953 2452 1089 2513 narrant
1117 2452 1151 2512 et
1177 2466 1314 2511 narrare

138 2559 273 2636 coguntur
296 2560 430 2638 propter
453 2576 566 2621 vocem
590 2553 723 2640 quanta)
748 2555 888 2619 extendi.
936 2554 1125 2619 Gravissimi
1157 2574 1197 2618 ex
1225 2553 1314 2617 mala

137 2662 287 2727 verborum
312 2663 538 2727 coniunctione
566 2681 693 2726 errores
722 2662 784 2726 orti
812 2666 888 2725 sunt
915 2662 948 2724 in
977 2661 1126 2743 septimae
1149 2661 1258 2726 satirae
1282 2681 1313 2723 r.

139 2768 188 2831 1ῖὸ
208 2790 285 2852 sqq,
309 2769 366 2834 ubi
390 2770 436 2833 ita
459 2768 615 2851 scriptum
640 2774 704 2832 est:

856 2875 972 2952 Tenta,

276 2982 506 3066 Chrysogonus
530 2983 642 3064 quanti
667 2981 793 3055 doceat,
819 2983 869 3045 vel
892 2981 994 3046 Pollio
1018 2984 1131 3064 quanti

276 3091 455 3154 Lautorum
478 3109 607 3171 pueros
632 3093 737 3154 artem
760 3088 912 3153 scindens
936 3089 1110 3154 Theodori.

209 3248 307 3312 Poeta
325 3250 490 3314 rhetorem
511 3249 694 3330 alloquitur,
719 3268 817 3330 quern
840 3248 952 3313 schola
969 3249 1022 3312 vix
1038 3245 1161 3328 alat¹),‘
1175 3267 1315 3329 eumque
1331 3275 1358 3315 eo

133 3352 221 3430 iubet
244 3359 369 3419 mutata
392 3360 473 3431 arte,
497 3359 624 3420 tentare
648 3354 727 3435 (non
751 3356 937 3436 quaerend0,
961 3359 999 3419 ut
1020 3355 1198 3437 Rupertius
1216 3374 1316 3436 expo·

155 3650 175 3719 ¹)
191 3656 274 3724 Vulgo
293 3673 388 3710 versus
406 3657 559 3725 superiores
579 3657 641 3710 inde
660 3658 695 3710 nb
715 3656 767 3709 166
785 3656 940 3725 intelligunt
953 3658 987 3711 de
1000 3658 1117 3721 rhetore,
1136 3657 1183 3724 qui
1195 3654 1318 3708 scholam

193 3745 330 3813 reliquerit
353 3751 380 3798 et
403 3746 555 3799 causidicus
578 3746 666 3799 factus
689 3747 731 3799 sit.
774 3747 876 3799 Verum
900 3746 967 3798 nihil
992 3746 1103 3810 dicitur,
1132 3760 1181 3799 cur
1210 3747 1238 3799 in
1266 3742 1317 3795 hoc

193 3850 262 3887 noro
280 3834 344 3887 ritae
361 3850 461 3903 genere
480 3851 535 3887 non
553 3841 672 3889 maneat.
710 3836 806 3903 ltaque
825 3837 930 3889 haerent
949 3841 996 3889 aut
1020 3837 1122 3889 haerere
1146 3836 1258 3899 debent,
1282 3850 1318 3887 ne

192 3923 245 3976 alia
262 3940 485 3987 commemorem,
504 3924 533 3977 in
551 3925 686 3992 particula
704 3927 779 3992 Erpo
798 3940 823 3979 v.
846 3924 905 3988 171,
925 3926 959 3978 de
978 3942 1032 3993 qua
1050 3924 1212 3993 Rupertius:
1239 3941 1318 3990 ,erpo

193 4013 242 4065 bns
259 4013 295 4065 ob
313 4029 418 4076 causas,
438 4012 490 4065 nisi
508 4013 599 4081 potius
618 4014 721 4067 dictum
742 4030 791 4082 pro
810 4017 942 4067 enimvero
961 4019 1008 4067 aut
1022 4013 1170 4082 profecto“.
1199 4012 1257 4066 Hoc
1276 4018 1317 4065 est

193 4101 275 4154 rerba
298 4101 484 4170 interpretari!
522 4102 658 4156 luvenalis
681 4103 820 4156 rhetorem
849 4103 984 4166 describit,
1012 4119 1067 4155 non
1095 4102 1195 4155 scholae
1218 4101 1318 4155 valedi-

193 4195 308 4253 centem,
336 4191 393 4254 sed,
421 4196 451 4244 ut
474 4191 629 4245 mercedem
649 4190 770 4244 debitam
795 4207 812 4243 a
834 4197 912 4260 patre
936 4192 1060 4259 discipuli
1079 4194 1248 4257 extorqueat,
1277 4207 1319 4242 ac-

194 4278 294 4332 tionem
323 4279 351 4331 in
379 4296 443 4333 eum
467 4280 609 4333 instituere
633 4286 767 4334 coactum.
805 4281 883 4347 Quod
913 4281 976 4349 quia
1004 4296 1114 4333 necesse
1142 4280 1177 4332 sit
1205 4279 1319 4347 ipsaque

194 4384 305 4431 merces,
333 4384 395 4435 quae
418 4374 496 4421 tanta
518 4368 644 4422 molestia
667 4375 781 4433 constet,
810 4369 915 4438 exigua,
943 4374 1024 4437 poeta
1047 4369 1152 4432 suadet,
1181 4370 1211 4420 ut
1231 4373 1319 4421 artem

195 4455 293 4509 mittat.
326 4457 456 4526 Apparet,
475 4458 568 4511 omnia
587 4458 621 4511 de
640 4458 749 4511 rhetore
767 4458 930 4512 scholastico
948 4457 1009 4520 dici,
1029 4474 1084 4510 non
1103 4457 1248 4516 causidico.
1269 4458 1320 4511 etsi

195 4561 273 4598 suum
292 4545 349 4614 ipse
368 4546 443 4598 litem
463 4546 644 4613 persequitur.
