2956 5190
750 269 813 334 184

183 459 216 524 in
240 461 345 524 curias
370 461 568 541 convenisse,
593 482 658 528 non
680 464 826 546 negarim
849 461 921 545 (cir.
944 462 1038 527 Nieb.
1062 461 1091 527 Π
1114 481 1149 545 p.
1174 458 1264 543 261).
1302 461 1357 528 lure

184 574 294 631 autem
317 567 513 632 Niebuhrius
536 570 689 634 observat
712 569 763 653 (ll,
787 567 853 651 52),
888 568 922 634 in
951 568 1001 634 his
1028 566 1267 650 antiquissimis
1292 569 1360 634 uolo·

183 672 245 737 niis
268 673 401 739 colouiae
424 694 544 740 nomen
566 678 696 760 proprie
719 676 912 759 pertinuisse
941 678 1069 740 tantum
1098 673 1142 739 ad
1173 677 1295 739 coetnm
1315 674 1363 740 bo·

184 779 309 843 minum
333 780 556 859 deductorum,
580 803 600 847 a
624 783 787 848 veteribus
811 783 923 848 incolis
945 781 978 847 in
1002 784 1097 864 parte
1121 781 1195 864 agri
1219 783 1253 846 et
1272 780 1364 864 oppidi

184 885 303 949 relictis
315 894 485 965 secretum,
510 888 607 971 idque
625 894 745 972 praeter
761 890 964 955 definitiones
982 888 1188 953 colonianmr
1204 894 1365 971 sequuntur

185 990 283 1055 etiam
316 992 520 1073 aliquatenus
550 994 692 1061 historiae
723 997 911 1078 scriptores,
947 997 1001 1078 qui
1037 1014 1233 1079 quanquam
1263 992 1366 1077 opptu

185 1098 335 1163 universe
369 1101 510 1164 colonias
546 1103 726 1184 appellant,
762 1111 873 1168 temen
907 1103 1028 1166 colonos
1061 1122 1082 1166 a
1117 1100 1239 1166 ceteris
1272 1098 1366 1164 ineolis

185 1225 273 1287 saepe
297 1205 498 1288 distinguunt
521 1207 564 1289 (v.
588 1229 616 1273 c.
640 1210 772 1293 Dionys.
796 1209 876 1288 VIII,
904 1210 959 1273 14:
986 1215 1028 1267 ἐπὶ
1048 1220 1193 1283 umnam
1209 1209 1297 1273 πόλιν,
1315 1210 1342 1264 tv
1354 1200 1368 1281 l

185 1318 330 1387 κληροῦχοι
343 1315 481 1390 Ῥωμαίων
495 1317 563 1384 ἦσαν
575 1319 633 1393 ἅμα
647 1326 701 1382 τοῖς
710 1323 866 1393 ἐπιχωρίοις
882 1312 1108 1396 πολιτευόμενοι).
1133 1315 1222 1379 Nam
1231 1311 1368 1396 quaenul·

185 1419 233 1483 los
256 1419 394 1484 haberet
417 1424 543 1486 veteres
566 1424 698 1502 incolas,
727 1423 812 1489 inter
834 1426 894 1489 has
917 1425 1068 1506 antiquas
1090 1441 1158 1485 una
1182 1438 1368 1485 commemo·

185 1532 277 1589 ratur
299 1525 401 1603 Ostia,
437 1530 600 1592 uraritima
629 1529 683 1612 (de
711 1551 775 1612 quo
804 1549 922 1613 genere
950 1529 1048 1613 paulo
1072 1531 1148 1612 post
1170 1523 1304 1608 dicam),
1334 1524 1368 1589 ad

185 1631 312 1695 Ancum
336 1632 493 1698 Marcium
517 1655 582 1701 non
605 1636 825 1715 deductorem,
855 1636 913 1701 sed
941 1636 1141 1701 conditorem
1170 1634 1277 1699 relata
1299 1631 1367 1716 (lir.

132 1738 209 1815 ²²11,
234 1739 286 1817 33,
312 1739 376 1804 Cic.
401 1740 441 1804 de
465 1741 505 1806 R.
522 1742 557 1806 P.
582 1743 619 1821 ll,
646 1743 696 1821 18,
720 1742 833 1827 Polyb.
857 1743 909 1821 VI,
934 1745 964 1821 2,
988 1743 1019 1821 9,
1042 1741 1176 1825 Dionys.
1200 1739 1307 1805 Halic.
1327 1737 1368 1813 ill

184 1846 238 1922 44,
263 1846 375 1929 Steph.
400 1848 533 1932 Byzant.
559 1846 644 1930 cet).
691 1850 804 1932 ltaque
828 1869 867 1914 ea
889 1869 1058 1932 nunquam
1083 1847 1245 1913 deiecisse
1267 1864 1368 1911 narra·

185 1960 253 2030 tur;
290 1957 472 2018 ceterarum
501 1959 627 2020 veteres
655 1956 769 2021 incolae
798 1957 985 2039 frequenter
1007 1954 1192 2019 libertatem
1219 1952 1370 2016 vindicare

186 2061 293 2124 eonati
317 2061 500 2141 traduntur,
536 2064 654 2145 quibus
681 2061 924 2127 narrationibus
947 2070 983 2126 ut
1005 2058 1205 2144 singulatim,
1242 2057 1370 2123 maxime

185 2168 219 2230 in
241 2167 290 2244 iis,
320 2187 398 2255 quaev
416 2168 456 2231 de
481 2168 660 2233 Camerinis
684 2168 864 2251 ceterisque
886 2167 1054 2233 Romuleis
1077 2166 1266 2245 traduntur,
1293 2163 1371 2230 nullu

185 2272 267 2337 fides
291 2274 341 2350 sit,
376 2273 527 2338 universa
557 2294 608 2339 res
632 2276 712 2340 satis
736 2279 787 2339 est
810 2278 908 2352 certa,
944 2274 1131 2355 laetumque
1154 2274 1245 2338 idem
1268 2276 1371 2356 postes

186 2380 252 2443 iam
275 2383 403 2444 mutata
426 2380 628 2461 aliquantum
653 2381 758 2446 forma
788 2400 907 2446 rerum.
954 2381 1066 2446 Coloni
1089 2378 1305 2445 eiiciebantur
1324 2380 1372 2442 aut

132 2494 173 2535 2⁸⁸
186 2482 507 2566 interficiebantur¹),
542 2492 578 2551 ut
607 2488 746 2552 multum
776 2491 898 2565 errent,
934 2489 989 2569 qui
1017 2488 1077 2552 hos
1105 2488 1195 2570 ipsos
1226 2484 1372 2550 deiecisse

257 2754 384 2807 videntur
403 2753 493 2817 luisse,
522 2754 619 2808 missos
642 2754 742 2818 scribit,
771 2761 798 2808 et
816 2771 840 2808 a.
859 2753 911 2806 384
935 2753 1070 2807 Satricum
1093 2752 1148 2806 duo
1167 2752 1257 2806 millia
1274 2751 1373 2813 civium,

260 2843 306 2911 qui
329 2859 460 2896 numerus
483 2849 578 2911 postea
597 2848 631 2909 (a.
652 2842 713 2907 183)
738 2842 932 2897 Mutinensium
956 2848 984 2895 et
1007 2841 1200 2895 Parmensium
1222 2842 1375 2895 colonorum

258 2932 358 2986 civium
378 2931 436 2985 luit.
474 2931 527 2985 Sed
546 2933 604 2985 haec
623 2933 657 2985 ad
676 2932 723 2985 illa
741 2938 866 3000 tempora
884 2947 939 2984 non
962 2930 1107 3000 pertinent
1131 2930 1232 2997 quibus
1257 2930 1376 2999 vigebant

258 3021 347 3086 curiae,
371 3026 398 3074 et
422 3021 456 3073 ad
476 3021 557 3074 aliam
577 3022 693 3075 formam
713 3022 882 3075 coloniarum
900 3024 1033 3088 spectant.
1070 3017 1217 3082 Plutarchi,
1242 3018 1291 3087 qui
1308 3017 1375 3071 Fide

258 3126 307 3163 nas
326 3110 473 3163 altomulo
486 3109 562 3163 MMD
582 3110 692 3164 colonos
711 3110 808 3164 missos
826 3109 919 3162 scribit
937 3107 1027 3173 (Rom.
1047 3125 1070 3161 c.
1089 3106 1144 3171 23),
1163 3106 1223 3161 iure
1243 3107 1313 3161 ratio
1327 3121 1376 3159 nou

258 3200 381 3253 habetur.

215 3284 237 3351 ¹)
255 3287 391 3340 Camerini
410 3287 565 3341 deficientes
587 3283 646 3343 τούς
662 3287 714 3356 μὲν
731 3283 888 3338 animam
916 3289 969 3336 τῶν
987 3285 1108 3347 ἐποίκων,
1131 3281 1191 3340 τούς
1214 3279 1244 3333 δ’
1263 3282 1380 3349 ἐξίβαλιν

257 3374 379 3444 (Dionys.
399 3376 436 3439 ll,
465 3374 518 3442 54).
560 3378 655 3444 ltaque
679 3376 813 3431 Romulus
837 3376 914 3429 victis
938 3381 1037 3444 prater
1060 3374 1173 3428 tertiam
1196 3378 1307 3443 partem
1329 3372 1381 3442 agri

258 3469 322 3517 ante
345 3465 503 3534 ademptam
527 3465 643 3519 alteram
665 3466 775 3519 tertiam
800 3470 906 3535 partem
936 3464 1039 3518 ademit
1066 3461 1126 3530 (cir.
1146 3463 1217 3516 Plut
1242 3463 1324 3516 Rom.
1340 3461 1380 3525 24,

258 3552 313 3620 qui,
341 3569 426 3620 quum
450 3553 505 3607 iam
530 3554 591 3607 duae
614 3560 705 3622 partes
728 3556 785 3624 agri
811 3555 969 3608 colonorum
993 3557 1093 3615 essent,
1120 3554 1173 3601 τῶν
1197 3545 1382 3620 inoperimus

259 3645 405 3711 Καμιρίων
423 3642 578 3698 διπλασίους
596 3641 625 3694 ἐκ
643 3638 745 3713 Ῥώμης
759 3645 964 3705 κατοικισθῆναι
982 3639 1094 3705 narrat).
1122 3640 1250 3695 Veientes
1263 3639 1381 3709 (Dionys.

259 3732 290 3796 ll,
310 3728 355 3797 54)
374 3748 390 3785 a
409 3732 527 3786 Romulo
545 3732 694 3800 postulant,
713 3738 744 3786 ut
764 3733 872 3786 Fidenis
890 3731 1048 3800 praesidium
1067 3725 1125 3796 (τήν
1138 3724 1273 3797 φρουράν)
1287 3728 1383 3784 educat

259 3837 409 3889 agrumque
432 3821 568 3889 prioribus
591 3822 709 3875 dominis
732 3823 837 3876 reddat.
873 3820 938 3886 (Gir.
962 3819 1050 3873 simile
1074 3819 1269 3873 Auruncorum
1295 3823 1383 3888 postu·

259 3910 346 3964 latum
373 3910 447 3977 apud
475 3910 552 3963 Dion.
583 3910 630 3974 Vl,
663 3909 716 3975 32.)
762 3911 871 3964 Fidenae
903 3909 938 3963 ab
971 3909 1091 3962 Etruscis
1123 3912 1210 3976 captu
1238 3911 1383 3961 narrantur

259 3993 455 4050 στασιασάντων
472 3993 538 4066 πρὸς
556 3992 686 4060 ἀλλήλους
704 4001 757 4050 τῶν
774 3997 804 4049 ἐν
822 3993 887 4068 αὕη)
905 3997 996 4063 (Dion.
1009 3998 1055 4060 lll,
1074 3995 1127 4063 δῖ),
1147 4012 1181 4050 ox
1199 3996 1301 4064 quibus
1320 4012 1383 4049 non·

259 4089 326 4142 nulli
346 4092 423 4142 erant
442 4086 542 4136 ἔποικοι
561 4084 605 4136 καὶ
624 4090 741 4155 φρουροί
757 4086 823 4151 (ibd.
843 4085 876 4137 58
896 4086 982 4152 extr).
1020 4086 1118 4140 Postea
1136 4084 1280 4154 aliquoties
1299 4089 1384 4154 captu

259 4182 414 4239 narrantur,
434 4176 509 4229 nulla
527 4176 634 4229 adiecta
653 4176 765 4230 coloniae
778 4175 931 4235 mentione;
951 4175 1050 4229 deinde
1062 4174 1168 4228 colonia
1181 4190 1254 4227 nova
1267 4174 1379 4228 deducta

259 4266 376 4320 traditur
399 4264 441 4332 (V,
465 4263 519 4333 43).
557 4266 657 4319 lisdem
684 4265 793 4319 Fidenis
821 4270 916 4333 postca
943 4263 977 4330 (a.
997 4262 1068 4329 428),
1096 4279 1183 4332 quum
1210 4262 1294 4331 paulo
1322 4266 1382 4316 ente

259 4360 321 4423 post
340 4354 529 4420 deiectionem,
549 4353 576 4408 in
596 4371 651 4423 qua
670 4354 751 4423 legati
764 4353 883 4407 Romani
902 4353 1036 4406 interiecti
1055 4357 1141 4416 erant,
1160 4351 1281 4405 subacta
1294 4353 1382 4405 ment

259 4443 316 4497 Liv.
329 4443 374 4509 lV,
394 4441 445 4509 17),
464 4460 618 4512 parumque
637 4443 669 4497 iis
682 4443 847 4506 crederetur,
866 4443 1019 4496 colonorum
1038 4443 1148 4495 additus
1165 4457 1296 4494 κνιιιοηιο
1308 4455 1380 4508 ager·

259 4550 309 4600 poc
329 4535 363 4585 iia
386 4533 452 4586 betto
476 4535 697 4600 interemptorum
720 4535 877 4600 assipmuua
900 4528 969 4597 (Liv.
988 4531 1032 4595 lV,
1055 4528 1108 4595 30).
1146 4530 1222 4584 idem
1245 4528 1381 4584 accidebat
