2956 5190
755 290 816 353 166

189 480 284 545 nibus
308 482 354 545 ita
378 481 502 560 datum,
534 491 570 548 ut
594 483 638 548 illi
661 484 834 566 populares
858 484 958 548 etiam
982 482 1116 565 fugiant,
1147 480 1304 547 iudicium
1323 502 1372 564 po·

72 599 77 612 ·
188 586 255 669 puli
278 591 368 670 puto.

277 693 324 758 De
347 688 528 778 Philippica
551 696 694 761 secunda
717 716 824 779 pauca
847 696 964 775 dicam,
994 696 1150 778 quoniam
1173 694 1375 776 scripturaea

188 820 241 864 me
264 804 404 883 receptae
428 802 495 866 fere
518 802 661 867 rationes
684 804 808 867 habent
831 806 962 885 apertas
985 805 1044 867 aut
1066 803 1109 866 ab
1133 801 1207 867 aliis
1224 802 1377 883 expositas

188 911 247 972 aut
269 908 466 990 significatas
490 909 617 987 saltem,
642 929 702 974 nec
725 909 821 974 ullius
844 909 892 973 rei
914 909 1065 974 subtilius
1088 907 1311 991 exsequendae
1331 927 1377 972 oc·

189 1015 353 1080 casionem
376 1014 535 1097 praebent.
581 1015 694 1097 Neque
718 1017 815 1093 enim,
851 1020 888 1080 ut
913 1016 975 1081 hoc
1005 1014 1155 1097 exemplo
1179 1019 1267 1092 utar,
1303 1014 1379 1096 quod

188 1122 221 1184 in
244 1141 271 1186 c.
297 1122 326 1199 8,
354 1122 393 1185 19
417 1122 599 1204 improbavi
622 1121 733 1187 Orellii
756 1122 966 1204 scripturam:
1002 1122 1082 1187 Hoer
1111 1129 1146 1187 tu
1174 1141 1241 1185 non
1262 1127 1380 1204 proper

189 1227 359 1291 audaciam
383 1228 463 1292 dicia
485 1235 551 1292 tam
573 1229 781 1312 impudenter,
809 1228 873 1310 scd,
902 1231 957 1313 qui
984 1235 1108 1293 tortam
1134 1247 1248 1292 rerum
1278 1248 1379 1311 repro

187 1336 334 1397 cantiam
356 1354 419 1397 noo
441 1333 560 1416 videos,
595 1334 677 1398 nibil
694 1335 838 1419 profecto
866 1337 964 1419 sapia,
999 1338 1079 1417 puto
1102 1335 1284 1399 obscurum
1308 1353 1380 1415 esse,

187 1441 329 1521 primum
352 1441 386 1505 in
409 1441 508 1504 aliam
531 1442 726 1507 sententiam
750 1443 838 1507 exire
861 1419 974 1520 verba,
998 1461 1098 1524 quam
1118 1460 1193 1523 quae
1212 1441 1380 1523 flagitetur,

188 1566 289 1627 quum
311 1547 373 1611 hoc
396 1547 504 1629 ipsum
526 1568 586 1630 per
609 1568 644 1612 se
668 1550 824 1613 affirmari
843 1550 972 1625 debeat,
996 1546 1175 1611 Antonium
1193 1566 1261 1612 non
1280 1547 1381 1611 videre

188 1672 297 1717 rerum
320 1656 581 1736 repugnantiam,
612 1659 645 1718 et
672 1659 742 1719 tum
772 1676 812 1720 ex
835 1676 874 1721 eo
898 1657 967 1719 eius
991 1654 1129 1718 stultitia
1151 1653 1380 1727 demonstrari:

190 1759 307 1824 deinde
330 1780 396 1825 non
425 1764 550 1825 rectam
581 1780 652 1826 esse
682 1763 877 1839 orationem:
912 1781 989 1826 nam
1024 1760 1113 1825 istud
1146 1762 1203 1846 qui
1236 1759 1382 1825 adiuncto

188 1866 390 1932 coniunctivo
420 1887 554 1932 causam
583 1869 751 1950 significat,
788 1889 827 1932 ex
858 1888 923 1950 qua
952 1868 1031 1950 quid
1058 1870 1216 1949 sequatur
1247 1865 1298 1949 (ut
1325 1868 1381 1952 qui,

187 1975 301 2057 quippe
324 1971 401 2059 qai),
425 1978 462 2038 ut
484 1976 546 2040 hoc
570 1976 711 2040 dicatur:
736 1983 779 2056 tu,
803 1983 837 2038 ut
860 1977 914 2060 qui
936 1982 1059 2038 tantam
1082 1994 1190 2036 rerum
1208 1994 1381 2058 repuqncr·

187 2083 333 2144 cantiam
355 2102 418 2144 non
442 2082 560 2163 videos,
584 2082 666 2147 nihil
688 2083 785 2165 safris,
810 2084 995 2165 permutato
1018 2080 1082 2157 illo,
1107 2079 1197 2161 quod
1219 2079 1313 2161 prius
1329 2082 1381 2153 est

187 2186 295 2263 atille,
310 2188 397 2269 quod
409 2189 649 2253 secundarium.
673 2189 863 2253 Necessario
876 2189 971 2268 igitur
982 2187 1075 2251 aliter
1084 2185 1309 2268 disiungendae
1318 2204 1382 2251 sen·

133 2306 173 2348 2⁰⁶
187 2293 297 2357 tentiae
315 2299 423 2372 erant:
447 2295 506 2359 sed
524 2316 565 2359 ne
584 2296 774 2377 sicquidem
790 2293 1134 2380 qaiservaripoterat3
1157 2311 1237 2356 nam
1249 2292 1285 2356 id
1297 2292 1384 2356 aliter

187 2398 373 2480 adiungitur
396 2402 560 2482 primariae
584 2403 769 2476 sententiae:
805 2401 861 2465 ubi
889 2403 1004 2482 aperta
1033 2403 1083 2463 est
1111 2418 1220 2463 causae
1250 2398 1384 2463 redditio

187 2507 450 2589 contrariumque
468 2516 600 2592 propter
624 2507 699 2590 (noo
717 2515 850 2591 propter
872 2507 927 2569 hoc
951 2541 992 2550 —
1015 2505 1070 2568 aed
1086 2503 1192 2590 quod),
1217 2504 1283 2570 dici
1301 2504 1384 2570 nullo

187 2612 284 2676 modo
307 2617 425 2694 potest,
454 2635 519 2679 nou
543 2616 647 2696 magis
671 2634 781 2697 quam,
818 2615 868 2678 cui
898 2611 1085 2694 respondet,
1121 2632 1227 2696 quierit.
1276 2612 1384 2693 ltaque

187 2738 227 2781 ex
249 2719 406 2784 Vaticano
431 2723 628 2785 sumendum
652 2724 722 2785 erat
746 2722 831 2805 quia,
863 2720 920 2784 sed
951 2720 1048 2784 simul
1079 2719 1166 2783 uides
1194 2738 1255 2800 pro
1281 2719 1385 2782 odeo

186 2826 405 2905 scribendum,
430 2826 580 2893 liberiore
598 2828 696 2909 paulo
714 2829 904 2904 mutatione,
928 2826 987 2890 sed
1005 2819 1235 2905 necessaria.¹)
1271 2823 1386 2906 [Aliter

186 2932 293 2996 locum
318 2935 442 2998 correxi
466 2934 550 2997 Adv.
576 2934 653 2998 Crit.
677 2934 718 2997 Ill
742 2953 774 3014 p.
801 2934 864 2997 152
888 2931 974 3015 squ]

276 3038 310 3102 C.
336 3039 388 3118 26,
421 3041 465 3105 64
488 3041 636 3118 OrelliuS‚
673 3059 773 3120 quum
803 3040 929 3103 ederet:
966 3038 1073 3101 Hasta
1096 3039 1203 3120 posito
1228 3058 1294 3121 pro
1324 3037 1387 3101 crde

188 3143 273 3208 Iocis
307 3143 444 3210 Statoris
478 3146 558 3208 bono
593 3144 754 3226 (miserum
791 3148 857 3209 ine!
894 3146 1083 3228 consumptis
1117 3146 1200 3208 enim
1235 3145 1386 3225 lacrima,

187 3258 292 3314 tamen
321 3254 439 3335 infixus
470 3254 577 3315 altimo
606 3251 704 3316 leret
731 3250 833 3333 dolor)
863 3251 952 3331 bona,
990 3254 1128 3336 inquom,
1166 3249 1221 3314 Cn.
1247 3251 1388 3335 Pompeii

189 3357 304 3441 Mapni
337 3362 403 3423 voci
430 3358 639 3423 acerbissima
673 3343 809 3423 subiecto
839 3360 1006 3442 preconis,
1042 3378 1082 3422 ne
1118 3359 1387 3423 commemoravit

187 3464 323 3546 quidem
344 3467 438 3530 aliter
461 3466 532 3547 legi.
580 3465 620 3528 Et
642 3469 752 3530 tamen
782 3465 879 3546 plane
908 3463 1021 3528 vitiose
1049 3464 1119 3527 haec
1148 3464 1195 3527 ita
1224 3463 1385 3543 dicuntur,

188 3572 279 3652 quasi
304 3571 337 3634 in
361 3570 510 3635 bonorum
533 3573 693 3648 auctione,
722 3591 788 3635 non
815 3571 848 3634 in
873 3569 1023 3633 bonorum
1047 3569 1187 3652 Pompeii
1209 3571 1386 3654 indignitas

187 3679 233 3741 rei
257 3678 363 3760 posita
386 3679 442 3753 sit:
466 3698 543 3742 nam
568 3679 600 3742 in
623 3678 679 3742 illa
702 3697 780 3742 voce
805 3677 967 3741 exclamat
990 3683 1023 3739 et
1046 3696 1118 3740 eam
1142 3677 1272 3759 repetit.
1320 3678 1386 3743 Sed

188 3804 288 3866 quum
311 3785 344 3848 in
368 3784 478 3849 codice
500 3785 657 3849 Vaticano
686 3787 782 3862 esset,
813 3783 893 3846 bona
920 3782 1057 3846 subiecto
1082 3782 1138 3846 Co.
1163 3783 1305 3867 Pompeii
1328 3787 1385 3848 mi·

186 3912 292 3954 aarum
326 3913 373 3954 me
408 3895 480 3969 cet,
515 3898 602 3956 recte
633 3890 758 3973 pridem
790 3890 934 3954 Faernus
966 3895 999 3954 et
1027 3889 1173 3954 Graevius
1197 3889 1384 3956 ediderant:

216 4100 238 4170 ¹)
257 4105 388 4158 Similiter
406 4110 437 4157 ut
455 4104 499 4157 hic
517 4104 546 4157 in
564 4107 619 4173 qui,
639 4108 759 4156 erratum
778 4102 807 4155 in
825 4105 952 4170 quoniam
972 4102 1000 4156 in
1020 4102 1094 4155 Verr.
1114 4101 1134 4166 1,
1158 4102 1183 4167 9,
1202 4101 1245 4156 24.
1283 4103 1385 4158 Contra

258 4192 447 4247 coniunctivas
465 4198 527 4263 post
550 4196 598 4261 qui
620 4192 729 4246 causale
751 4192 923 4245 oblitteratas
946 4195 1005 4244 erat
1023 4196 1050 4244 et
1069 4205 1086 4242 a
1107 4206 1153 4243 me
1175 4190 1319 4245 restitutus
1342 4197 1385 4246 est

258 4299 308 4349 pro
326 4282 380 4336 Mil.
399 4281 425 4346 3,
448 4281 465 4334 8
488 4279 677 4350 (responderit)
701 4297 734 4335 ex
757 4281 854 4334 Barar.
878 4285 905 4333 et
928 4280 982 4333 Eri.
1007 4284 1034 4333 et
1058 4279 1085 4332 in
1109 4278 1160 4333 hac
1183 4264 1242 4349 ipsa
1264 4280 1383 4350 Philipp.

258 4373 379 4425 secunda
396 4371 422 4436 4,
445 4368 463 4423 8
485 4368 598 4438 (doceat)
622 4386 655 4422 ex
678 4368 763 4422 Vatic.
804 4369 901 4422 Mirum
928 4375 977 4432 est,
1006 4383 1089 4436 quam
1113 4368 1252 4422 interdum
1276 4369 1312 4423 ad
1335 4369 1382 4423 illa

259 4461 325 4528 ipsa,
350 4477 411 4529 qua
429 4460 464 4513 ad
483 4463 585 4513 rectam
604 4458 734 4512 orationis
753 4459 869 4512 ienuam
894 4457 1039 4527 pertinent,
1063 4474 1095 4510 ex
1114 4457 1224 4526 optimis
1243 4457 1382 4513 codicibus

259 4548 413 4617 recipienda
430 4548 548 4602 editores
566 4547 636 4601 tardi
654 4548 716 4602 sint.
