2948 5206
199 95 276 160 Huic
300 96 410 160 futuro
433 95 628 159 coniunctivi
651 96 757 161 activo
779 100 894 160 notum
918 96 1023 159 estin
1046 95 1176 177 passiva
1194 95 1299 160 fonna
1314 113 1353 153 10⁶

135 202 299 266 breundo
322 201 522 283 respondere
544 222 583 265 ne
605 210 772 267 corninotua
794 203 839 269 sis
861 206 895 266 et
919 202 1036 266 similia
1065 201 1143 284 (vid.
1167 202 1298 267 Terent.
1314 220 1353 259 10⁷

137 306 290 385 HeautIV,
314 308 337 371 4
353 306 411 389 (6),
437 307 490 385 22,
513 307 647 372 Phorm.
658 309 711 387 lII,
728 306 819 390 215),
837 309 890 386 29,
914 308 979 374 Cic.
995 328 1054 391 pro
1069 308 1152 373 Mur.
1169 308 1222 386 31,
1246 308 1299 385 65,

135 414 165 478 ad
180 413 338 492 Famllll,
364 414 416 489 18,
440 414 471 493 3,
496 414 538 478 ad
561 415 630 479 Att.
643 415 681 493 11,
706 415 759 494 24,
786 416 814 494 1,
838 415 883 480 ad
898 415 960 494 Qu.
977 414 1079 492 Full,
1106 414 1147 479 12
1163 413 1244 497 (10),
1268 415 1299 491 5,

134 518 182 585 lin.
200 522 231 599 V,
253 521 308 599 53,
332 520 364 598 3,
388 520 442 598 IX,
469 522 507 584 11
533 525 615 585 extr.
639 519 794 603 (moratam
816 523 857 586 sit
879 519 998 603 recuso);
1026 541 1100 585 neve
1121 520 1226 603 fueris
1250 542 1300 585 os-

134 646 222 706 nnem,
244 627 310 694 Cic.
329 627 433 691 Acad.
451 626 514 708 1Ιὲ
535 628 614 704 125;
637 649 676 692 ne
699 635 804 692 tame-n
827 630 956 692 territus
976 628 1091 711 fueris,
1116 627 1195 692 Tac.
1213 626 1299 691 Hist.

133 730 212 810 l,16;
244 755 282 799 ne
303 735 435 818 piprere
463 734 553 816 apud
576 735 641 800 Cic.
672 736 715 800 ad
737 736 806 799 Att.
829 734 911 813 XIV,
942 737 958 798 1
990 733 1112 817 pendet
1139 753 1159 798 a
1187 754 1300 819 quom,

133 840 196 920 quod
215 838 393 923 praecedit).
439 840 474 904 Id
499 860 660 923 nequem
686 845 891 906 commoveat
914 845 1072 923 tanquam
1101 840 1145 905 ad
1174 839 1300 922 perfec·

132 946 182 1010 lun
207 967 303 1029 quam
335 947 378 1011 ad
409 948 555 1012 futurum
587 947 684 1012 activi
707 947 985 1014 accommodatius
1019 982 1062 991 —
1098 944 1300 1029 (quanquam

131 1118 367 1132 5——

182 1230 219 1286 l'r.
235 1231 283 1285 lib.
303 1232 324 1296 1,
347 1230 364 1282 4
383 1230 441 1284 init.
460 1229 600 1284 scribitur:
629 1231 733 1284 Amabo
751 1238 784 1297 te,
809 1233 847 1283 mi
863 1232 961 1298 frater,
985 1247 1018 1283 ne
1035 1233 1166 1297 oseipuea,
1189 1229 1226 1283 ibi
1245 1245 1300 1283 non

180 1337 222 1389 per
238 1338 268 1376 se
286 1318 399 1390 ponitur
417 1336 450 1372 ne
473 1321 603 1387 mstpnes,
630 1319 679 1372 sed
702 1318 730 1372 iu
754 1318 881 1373 familiari
904 1335 1031 1374 sermone
1053 1320 1155 1389 pendet
1178 1337 1195 1374 a
1217 1320 1303 1373 verbo

179 1410 277 1474 ambo,
305 1406 539 1478 quemadmodum
563 1409 637 1477 apud
660 1408 789 1463 Plautum
814 1413 842 1463 et
859 1408 1018 1462 Terentium
1038 1407 1137 1462 dicitur
1155 1409 1251 1462 amobe
1268 1416 1301 1476 te,

178 1506 204 1551 ef
218 1501 318 1565 socios.
355 1493 421 1564 [Cfr.
440 1496 476 1550 ad
494 1497 569 1550 Fam.
588 1496 644 1559 XV,
669 1497 712 1562 17,
730 1494 768 1565 4.]
805 1498 849 1551 Ad
867 1499 923 1551 Att.
943 1497 963 1562 1,
987 1496 1030 1562 13,
1054 1496 1071 1550 3
1095 1493 1131 1563 (ia
1152 1497 1207 1562 fuit
1222 1498 1302 1564 priu-

179 1603 240 1655 oepe,
268 1603 302 1640 ne
325 1593 356 1639 tu
376 1587 447 1653 forte
465 1587 582 1654 nilquem
601 1594 725 1640 matrum
737 1585 829 1654 putes)
848 1586 986 1655 quomodo
1005 1585 1170 1654 adiungatur
1187 1602 1228 1649 ne,
1256 1601 1302 1653 ap·

180 1679 253 1743 paret
271 1690 306 1728 ex
323 1674 365 1740 iis,
384 1690 446 1743 quae
464 1673 520 1728 dixi
539 1674 575 1727 ad
594 1674 647 1729 Cic.
666 1675 724 1729 Fin.
744 1673 804 1741 1Ιὲ
823 1675 864 1729 77.
902 1672 953 1742 [De
971 1674 1040 1739 loco,
1063 1674 1111 1743 qui
1129 1679 1171 1728 est
1188 1674 1223 1728 ad
1244 1673 1301 1727 Ait.

178 1763 242 1828 XIII,
259 1762 306 1832 49,
324 1760 342 1814 2
360 1759 422 1828 (titi
438 1764 546 1827 mando,
570 1765 602 1817 de
619 1765 666 1817 1110
683 1771 776 1818 nostro
794 1768 932 1832 exquiras,
956 1765 987 1816 de
1005 1780 1046 1816 me
1063 1781 1096 1818 ne
1114 1760 1229 1830 labores)
1247 1764 1302 1818 suf·

178 1849 229 1905 ficit
246 1851 400 1905 admonitio
417 1851 605 1921 Wesenbergii
623 1853 652 1906 in
671 1853 827 1907 Emendstt.
846 1853 958 1922 Epistol.
976 1851 1067 1921 Cicp·
1080 1851 1115 1905 26
1133 1857 1199 1917 not,
1218 1851 1302 1907 idem·

179 1956 228 2009 qne
246 1940 281 1994 de
299 1940 360 1994 loco
378 1945 508 2011 corrupto
526 1941 560 1995 ad
580 1941 662 1996 Attio.
680 1942 753 2006 XIII,
771 1940 807 1995 23
826 1947 894 1996 extr.
913 1942 1046 2010 exposuit.
1084 1938 1174 2009 1842]
1210 1940 1302 1996 Relin-

178 2029 266 2098 quitur
284 2029 321 2084 ad
338 2030 396 2084 ait.
414 2029 459 2095 tx,
480 2028 522 2091 18,
541 2029 571 2083 3:
598 2033 647 2098 Ite,
666 2033 776 2100 metm
795 2039 887 2085 amum
904 2049 937 2085 ne
955 2048 1031 2099 epae,
1051 2031 1125 2099 quod
1143 2031 1227 2085 habet
1244 2045 1303 2099 spe

178 2118 243 2173 ciem
260 2117 441 2188 proverbialis
459 2118 555 2172 formas
573 2135 606 2172 ex
625 2119 739 2188 antiquo
757 2136 884 2175 sermone
907 2125 1030 2174 servatae.
1067 2119 1133 2173 Hac
1155 2135 1242 2188 quum
1265 2118 1303 2172 ita

178 2213 273 2273 essent,
292 2206 387 2262 Cicero
405 2207 439 2261 de
457 2200 546 2261 Divin.
567 2208 591 2261 11
609 2206 627 2274 ἕ
646 2207 697 2260 127
716 2225 772 2263 non
791 2208 927 2263 contrane
945 2208 1037 2277 posuit
1052 2210 1145 2276 facim,
1164 2226 1197 2262 ne
1213 2209 1303 2275 facias

179 2295 236 2360 (nec
253 2312 288 2350 ne
303 2293 408 2364 facito),
426 2296 474 2350 sed
492 2297 585 2365 facito,
603 2316 636 2352 ne
653 2300 757 2365 feceris,
777 2314 867 2367 neque
881 2297 1067 2365 Quintilianus
1081 2299 1101 2362 1,
1120 2295 1146 2362 5,
1165 2296 1200 2349 50
1215 2312 1302 2366 quum
1399 2312 1409 2323 ’

180 2383 210 2438 de
228 2402 261 2438 ne
279 2390 381 2438 elnon
398 2384 538 2448 scriberet,
561 2387 652 2452 fociae
670 2387 775 2441 addidit
796 2385 898 2455 (neque
920 2385 986 2453 fac),
1009 2386 1056 2440 sed
1081 2387 1185 2452 feceris
1221 2384 1303 2454 Apud

178 2470 283 2527 Livium
301 2472 410 2527 nullum
428 2473 541 2527 omnino
561 2475 728 2529 contrarium
752 2476 910 2543 exemplum
934 2481 975 2528 est
997 2473 1049 2528 uisi
1073 2474 1102 2528 in
1124 2474 1184 2528 loco
1202 2473 1304 2543 pravis·

178 2560 242 2615 sime
260 2566 390 2630 corrupto
402 2561 484 2626 XXX,
503 2561 546 2626 44,
567 2561 591 2625 7,
610 2563 657 2616 ubi
671 2562 808 2616 Hannibal
821 2565 849 2617 in
862 2562 1104 2617 vehementissIma
1115 2561 1304 2632 obiurgatione

177 2654 332 2705 senatorum
358 2651 632 2720 Carthaginiensium,
657 2657 687 2705 ut
705 2669 779 2706 nuno
797 2653 929 2722 scriptum
955 2657 1005 2716 est,
1028 2651 1066 2706 sic
1089 2651 1223 2721 loquitur:
1251 2653 1304 2705 Nec

177 2754 228 2792 cese
245 2741 277 2791 fn
294 2755 341 2793 voe
363 2742 424 2794 odio
448 2747 534 2794 vestre
552 2741 587 2794 ab
604 2742 736 2794 &menie
755 2744 905 2796 amoenum
923 2744 1048 2795 credetis
1085 2741 1153 2808 Quoe
1171 2740 1255 2794 verba
1273 2736 1315 2793 ut

179 2826 281 2895 possint
299 2827 352 2881 hoc
370 2828 534 2897 significare:
563 2831 617 2882 Nec
634 2831 771 2884 Romnum
794 2833 852 2885 ideo
876 2839 932 2885 tana
956 2831 1048 2884 acerbe
1067 2833 1097 2883 fn
1114 2831 1304 2885 absumsisse

171 2919 343 2984 murale,
361 2924 391 2969 eet
409 2919 502 2971 odium
519 2934 600 2970 suum
618 2919 754 2987 captarent
771 2916 837 2985 (non
856 2925 972 2989 possunt
993 2924 1096 2983 autem,
1125 2935 1207 2973 nemo
1230 2917 1303 2971 enim

176 3020 297 3073 unquam
315 3004 354 3058 sic
373 3005 441 3059 dixit
459 3008 595 3060 consulere
613 3009 643 3059 fn
662 3008 778 3075 ailquem
796 3010 857 3062 octo
875 3011 941 3073 eiua,
964 3023 1016 3062 nec
1038 3007 1131 3061 Livius
1153 3010 1246 3061 odium
1263 3023 1304 3060 oe-

178 3101 265 3147 strum
283 3109 334 3162 pro
351 3097 435 3148 vestri
451 3092 562 3163 posuit),
586 3095 634 3148 sed
653 3100 684 3148 ut
702 3096 816 3164 possint,
844 3098 910 3166 quid
933 3097 1078 3151 absurdius
1097 3111 1180 3164 quam
1200 3093 1304 3149 Hanni-

175 3181 266 3237 balem
294 3181 387 3238 iuduci
415 3183 555 3238 Romanos
587 3183 780 3239 defendentem
813 3189 841 3240 et
872 3185 1041 3240 crudelitatis
1073 3183 1176 3238 cumen
1209 3184 1244 3237 ab
1272 3183 1304 3236 iis

176 3270 384 3325 removentem?
412 3268 508 3341 ssaque
531 3272 753 3326 emendationem
777 3278 885 3328 tentant
908 3274 1033 3328 editores.
1072 3273 1124 3326 Sed
1148 3288 1247 3341 parum
1266 3278 1304 3325 at·

177 3360 295 3415 tendunt
314 3360 410 3425 adea,
435 3377 497 3429 quae
514 3367 676 3429 sequuntur.
701 3361 728 3414 in
749 3361 849 3429 quibus
868 3364 926 3417 boec
944 3363 1013 3416 ratio
1032 3361 1179 3431 superioris
1196 3365 1305 3414 senten·

176 3448 221 3502 tiae
238 3446 396 3502 subiicitur:
416 3449 500 3502 Nullo
518 3467 620 3517 mapno
637 3453 732 3503 ciritae
743 3453 793 3504 diu
810 3455 943 3519 quiescere
956 3459 1058 3519 potem
1076 3453 1101 3504 ei
1117 3451 1188 3516 forte
1205 3451 1304 3503 boetem

174 3556 229 3592 non
246 3538 335 3603 baba,
363 3540 437 3592 domi
454 3540 562 3591 incenit.
600 3538 664 3592 Haee
683 3555 746 3592 cum
765 3540 950 3607 superioribus
973 3539 1158 3601 cohaerebunt,
1185 3537 1209 3591 si
1227 3537 1305 3592 intel-

171 3627 278 3681 lectum
296 3627 358 3691 erit,
385 3626 420 3679 de
438 3630 491 3680 otto
510 3626 784 3696 Carthaginiensium,
813 3645 868 3682 non
887 3629 921 3682 de
940 3631 1000 3682 odIo
1019 3627 1202 3682 Hannibalem
1221 3626 1305 3694 loqui.

170 3715 268 3778 Erant,
296 3715 344 3784 qui
368 3731 446 3769 mma
463 3715 601 3785 adempta,
629 3717 754 3771 incensas
772 3733 865 3781 naves,
895 3717 1070 3771 interdictum
1089 3716 1208 3770 externis
1226 3714 1305 3769 bellis

171 3822 207 3860 ea
225 3803 356 3873 opinione
374 3805 589 3868 consolarentur,
609 3805 687 3873 quasi
707 3823 739 3859 eo
758 3805 845 3873 pretio
864 3806 952 3860 otium
970 3806 1068 3860 saltem
1084 3811 1209 3874 emptum
1225 3811 1304 3858 esset.

170 3893 231 3948 Hos
251 3892 390 3946 Hannibal
408 3892 520 3947 refellit:
550 3895 603 3947 Nec
621 3901 668 3961 est,
693 3912 743 3946 cur
766 3912 812 3947 vos
835 3897 887 3947 otto
910 3901 998 3947 vestro
1016 3912 1033 3947 a
1053 3897 1184 3948 Romania
1202 3896 1304 3948 consul·

169 3993 231 4037 tum
264 3984 390 4036 ονοᾶαίίε.
442 3979 508 4048 [cfr.
533 3983 591 4036 Em.
615 3982 672 4035 Liv.
697 3999 722 4050 p.
746 3981 800 4035 440
823 4000 882 4051 sqq.
906 3984 948 4037 ed.
972 3980 1009 4049 2.]
1060 3981 1111 4049 (Ne
1143 3986 1230 4037 flmete
1261 3982 1304 4035 Li·

169 4071 235 4126 vius
263 4071 350 4125 semel
377 4070 458 4136 dlxit,
489 4071 537 4125 sed
571 4071 600 4124 in
629 4071 831 4124 asseveratione
858 4070 990 4139 superiori
1018 4071 1162 4125 sententiae
1188 4072 1304 4135 adiecta,

167 4159 220 4223 111,
239 4158 267 4223 2,
285 4156 323 4226 9.)
