2956 5190
621 295 684 360 401

144 490 298 555 Extremo
322 489 429 571 capite
453 509 493 553 ex
516 489 602 567 Par,
626 490 733 567 Bern,
763 491 829 556 Eri.
854 493 1062 560 scribendum
1087 500 1152 561 est:
1180 519 1256 582 pra·
1271 516 1310 556 m

50 598 120 664 uae
142 595 199 661 tiu
222 616 315 680 apere
337 594 440 678 debeo,
475 595 558 680 quod
585 617 634 660 me
659 617 697 660 ea
717 597 965 678 fortissimorum
989 603 1104 667 ciuium
1126 625 1257 669 uumero

51 702 282 788 raimundum
305 723 368 766 nou
384 704 519 786 putam.
566 701 675 781 Quum
698 704 855 770 mendose
878 708 1035 790 scriptum
1059 717 1145 774 esset
1157 718 1257 794 puae

52 810 165 895 (utin
187 810 329 892 quinque
352 806 504 891 Osann),
540 829 644 890 pravo
676 810 767 875 verbi
798 818 946 895 tempore
977 816 1121 880 offensus
1154 817 1258 883 editor

52 917 175 1001 aliquis
203 917 334 1000 prioris
368 917 515 981 correxit.
574 916 776 982 Coniunctivi
811 939 911 985 causa
944 922 1033 987 nulla
1068 926 1128 987 est.
1182 924 1259 989 Mox

52 1024 193 1091 meliore
215 1022 328 1088 ordine
351 1022 385 1087 in
407 1023 482 1087 Par.
507 1025 540 1086 et
563 1022 629 1087 urs.
654 1031 703 1088 est
727 1030 799 1089 tuae
821 1027 875 1090 ille
897 1034 1004 1092 tautae
1026 1046 1086 1111 pro
1108 1030 1163 1093 iiie
1185 1037 1258 1096 rum

53 1140 167 1199 tantur
189 1130 358 1214 (sequente
382 1129 604 1207 substantivm
629 1130 722 1195 aliter
744 1131 955 1198 iudicandum
978 1139 1050 1200 erat
1065 1155 1165 1218 supra
1181 1157 1208 1202 c.
1227 1141 1257 1215 1,

57 1241 89 1318 1,
114 1235 344 1322 praecedente).
1208 1248 1211 1254 “

136 1341 184 1409 C.
209 1346 260 1422 11,
285 1344 327 1408 26
351 1341 501 1422 Orellius,
533 1343 746 1408 Garatonium
770 1364 920 1426 sequens,
956 1347 1067 1426 edidit,
1104 1353 1260 1414 revocata

55 1452 162 1518 luntoe
187 1455 219 1516 et
241 1450 317 1515 Aldi
340 1451 515 1532 scriptura:
545 1451 814 1534 promuiparieue,
848 1453 1062 1535 impurissime
1093 1461 1120 1518 et
1146 1456 1258 1539 perdi·

56 1544 183 1625 mam
200 1557 306 1638 toea,
330 1557 529 1642 questionem
552 1556 591 1620 ae
613 1563 655 1620 m
678 1557 882 1640 amplissimis
905 1567 933 1622 a
956 1559 1072 1624 ratem
1094 1562 1183 1643 uus,
1210 1563 1259 1625 u-

57 1666 126 1731 dici
167 1663 265 1728 Vettio
292 1664 434 1747 proemia
468 1664 675 1747 amplissima.
726 1664 792 1729 Sed
826 1665 859 1730 in
894 1665 1045 1730 omnihus
1081 1667 1257 1746 codicibus,

56 1792 198 1856 quorum
222 1769 331 1852 aliqua
360 1774 411 1834 est
443 1770 620 1840 auctoritas
655 1769 753 1852 (Par,
789 1771 822 1836 S.
845 1771 938 1850 Vict,
973 1771 1065 1854 Eri),
1101 1778 1151 1839 est
1172 1775 1259 1851 iudi·

56 1881 152 1956 mum,
176 1898 217 1942 ex
240 1896 304 1960 quo
328 1879 436 1951 ortum
460 1878 511 1940 est
533 1878 632 1941 etiarn
656 1877 910 1960 depravatorum
929 1879 1085 1944 mendum
1103 1881 1259 1946 iudicium

54 1988 116 2051 uui
145 1984 254 2049 Vettio.
299 1983 340 2047 ut
362 1982 463 2046 iudici
485 2002 618 2064 prorsus
642 2002 921 2066 supervacaneum
951 1988 1010 2063 est,
1040 1990 1087 2066 ut,
1116 1988 1169 2052 illo
1198 2008 1258 2071 po·

56 2093 130 2170 sito,
162 2110 283 2156 nomen
305 2089 484 2172 proprium,
514 2090 602 2171 quod
625 2094 713 2155 certe
735 2091 881 2173 praeponi
905 2091 1058 2171 debebat,
1094 2094 1128 2158 in
1150 2095 1258 2176 suspi-

57 2199 186 2264 cionem
211 2193 339 2262 'adduci
373 2197 485 2278 possit.
537 2196 684 2262 Alteram
718 2198 915 2279 scripturam
950 2198 1146 2265 Garatonius
1181 2200 1259 2265 ferri
1329 2243 1337 2286 f

57 2324 156 2388 posse
189 2307 297 2386 negat,
333 2303 431 2384 quod,
466 2302 584 2367 indicio
618 2305 684 2367 iam
719 2308 854 2385 accepto
883 2307 916 2369 et
944 2306 1016 2387 ipsa
1039 2306 1159 2371 Vatinii
1188 2308 1259 2390 lege

57 2411 283 2494 comprobato,
319 2410 397 2473 data
426 2410 526 2473 etiam
549 2413 626 2474 ante
649 2429 669 2473 a
693 2415 810 2474 senatu
832 2410 897 2474 fide
921 2411 1052 2493 publica
1076 2412 1191 2496 (Epist.
1216 2415 1260 2479 ad

58 2518 158 2584 Attio.
182 2518 219 2594 Π,
244 2515 311 2598 24),
339 2534 406 2580 non
428 2516 571 2598 potuerit
593 2535 680 2580 nunc
703 2517 835 2581 demum
859 2517 914 2582 illa
937 2518 1008 2600 lege
1031 2519 1196 2598 indicium,
1227 2521 1261 2585 id

58 2628 120 2702 est,
155 2622 319 2689 indicandi
347 2625 494 2704 potestas
523 2621 664 2687 decerni.
710 2623 831 2688 Verum
860 2626 1003 2706 primum
1027 2626 1107 2691 illud
1130 2627 1171 2691 de
1194 2626 1260 2717 tide

58 2732 192 2815 publica
215 2730 293 2794 data
317 2729 435 2793 salsum
459 2732 518 2792 cst.
565 2728 649 2792 Nam
673 2730 714 2793 ‘in
743 2729 799 2794 illa
831 2731 979 2813 epistola,
1014 2733 1042 2798 si
1071 2752 1184 2797 veram
1207 2752 1261 2797 se-

58 2837 192 2919 quimur
215 2837 333 2911 codicis
357 2834 492 2900 Medicei
515 2834 721 2917 scripturam,
751 2841 871 2919 negata
900 2838 1018 2903 dicitur
1041 2839 1071 2903 ei
1093 2839 1175 2904 fides
1198 2859 1261 2922 pu·

58 2944 146 3019 blica
169 2941 388 3024 (reclamatum
417 2949 475 3017 ert3
510 2940 620 3023 inepte
653 2942 815 3008 diceretur
845 2944 934 3009 haud
963 2947 1169 3010 reclamatum
1202 2965 1262 3027 pro

59 3051 141 3115 doto
164 3049 231 3131 eet).
277 3049 318 3113 Et
340 3052 452 3113 tamen
475 3047 585 3113 omnia
607 3049 769 3126 narravit;
804 3056 875 3116 erat
904 3051 991 3116 enim
1021 3051 1064 3115 ad
1093 3070 1167 3115 eam
1191 3069 1263 3115 rem

59 3157 200 3241 pecunia
223 3161 257 3221 et
278 3157 446 3238 promissis
476 3156 665 3221 conductus.
711 3157 835 3223 Deinde
864 3159 952 3241 apud
980 3158 1149 3224 Romanos
1180 3176 1262 3221 non·

59 3265 142 3329 dum
164 3263 320 3327 iudicium
342 3262 498 3340 habebat,
531 3263 587 3343 qui
610 3269 811 3343 narraverat,
841 3284 1044 3347 quaecunque
1068 3267 1173 3341 norat,
1203 3263 1262 3328 sed

61 3372 88 3436 is
112 3371 257 3448 demum,
287 3369 379 3434 cuius
406 3370 551 3433 narratio
575 3374 611 3433 ut
632 3369 763 3452 publice
785 3370 1004 3453 susciperetur
1027 3373 1121 3453 eique
1145 3390 1186 3435 ea
1208 3390 1261 3434 res

59 3479 149 3543 bono
173 3481 260 3541 esset
283 3480 317 3540 et
339 3475 383 3540 ad
405 3495 538 3559 poenam
562 3476 729 3541 vitandam
754 3482 786 3541 et
809 3478 852 3542 ad
867 3478 1004 3559 praemia
1020 3477 1260 3559 consequenda,

59 3585 228 3649 decretum
253 3586 332 3648 erat.
367 3583 404 3648 ld
427 3584 461 3647 in
483 3582 591 3647 Vettio
615 3584 738 3658 tactum
760 3585 906 3649 nondum
931 3589 1011 3661 erat,
1036 3585 1128 3649 cuius
1144 3602 1259 3647 narra·
1276 3606 1317 3647 aa

59 3692 184 3756 tionem
219 3693 353 3756 senatus
388 3693 425 3754 ut
458 3690 567 3757 fictam
605 3689 773 3755 deriserat.
819 3691 933 3772 Itaque
964 3692 998 3755 in
1030 3690 1102 3772 ipsa
1132 3689 1187 3754 illa
1218 3688 1261 3753 ad

59 3799 206 3863 Atticum
241 3797 379 3880 epistola
409 3796 535 3862 Vettius
569 3796 695 3874 dicitur,
731 3798 759 3862 si
793 3797 968 3862 damnatus
1003 3796 1109 3873 tuerit,
1145 3803 1261 3878 postea

132 4029 229 4095 torma,
248 4046 298 4098 pro
317 4045 359 4094 eo,
378 4028 452 4097 quod
471 4032 513 4081 est
531 4026 560 4079 in
578 4025 654 4079 libris
666 4025 773 4095 scriptis
786 4031 814 4080 et
826 4026 896 4091 edd,
915 4028 1056 4095 obtinebat,
1076 4044 1153 4095 quem
1165 4029 1263 4090 virum,

131 4118 265 4173 invitante
291 4118 326 4171 ad
350 4117 536 4172 coniecturam
561 4115 712 4168 earundem
737 4113 891 4169 litterarum
919 4114 1066 4179 vicinitate,
1095 4115 1265 4169 monendum

131 4213 181 4271 est,
200 4207 316 4261 alteram
335 4222 445 4275 quoque
465 4205 542 4259 iilam
561 4204 679 4257 formem
692 4220 747 4258 non
761 4204 964 4272 infrequentem
977 4219 1053 4266 esse3
1073 4204 1126 4257 vid.
1140 4203 1176 4256 ad
1189 4202 1264 4256 Fam.

132 4295 176 4360 tx,
195 4294 244 4349 20:
269 4297 398 4349 Verrium
416 4303 494 4347 tuum
511 4301 536 4346 et
558 4293 704 4361 Cardiam,
723 4311 778 4362 qua
795 4294 931 4345 munditia
943 4293 1071 4358 domimo,
1090 4309 1145 4360 qua
1164 4292 1266 4358 elepan-

132 4387 189 4438 tio!
205 4390 232 4439 et
250 4385 285 4438 ad
304 4383 336 4450 Q.
356 4383 442 4437 Fratr.
460 4382 482 4448 1,
501 4379 518 4433 2
537 4399 560 4434 c.
579 4379 596 4432 2
615 4380 631 4448 5
650 4381 680 4435 6:
702 4384 793 4448 Quid?
808 4382 842 4435 L.
865 4382 1002 4434 Cacitium
1020 4397 1110 4434 uouue
1129 4383 1203 4434 omui
1220 4397 1267 4433 ra.

132 4477 204 4528 tione
221 4475 351 4542 placarit
376 4488 454 4541 auem
477 4473 627 4526 homiuem!
652 4489 707 4539 quo
732 4474 794 4524 irat
824 4486 876 4539 quo
899 4472 1019 4537 spiritu!
1053 4465 1135 4535 [Add.
1154 4469 1184 4522 N.
1204 4469 1236 4522 D.
1256 4468 1267 4522 I

131 4560 210 4629 572,
229 4563 264 4616 de
283 4561 342 4616 Div.
361 4562 374 4615 1
392 4561 409 4628 fi
428 4560 471 4625 52,
490 4561 525 4615 de
543 4560 622 4629 Legg.
641 4560 680 4614 111
697 4559 714 4627 fl
732 4559 776 4626 20,
796 4576 846 4630 pro
869 4558 922 4612 Mil.
943 4557 959 4625 θ
979 4555 1035 4624 ta]

1016 4645 1053 4700 26
