2956 5190
749 1650 831 1745 Vll.

242 1820 304 1915 De
331 1820 442 1915 locis
469 1820 647 1961 aliquot
674 1820 956 1957 selectarum
984 1819 1209 1917 Ciceronis
1236 1849 1328 1919 ora·

388 2086 391 2092 7
443 1965 626 2057 tionum
654 1963 908 2082 disputatio
937 1961 1135 2065 alteret

84 2386 89 2396 Ι
140 2307 179 2349 ¹⁷⁵
283 2247 405 2372 Quum
428 2304 594 2387 superiore
617 2303 836 2386 disputatione
860 2304 901 2368 de
920 2303 1092 2386 praecipuis
1108 2303 1188 2369 locis
1204 2302 1364 2370 orationum

192 2429 214 2474 a
235 2428 289 2473 me
312 2406 473 2475 emtarum
496 2431 571 2476 mea
599 2411 784 2477 coniectura
813 2409 946 2475 mutatis
978 2410 1163 2493 expositum
1192 2414 1288 2489 esset,
1318 2426 1368 2476 noo

191 2515 507 2599 praetermittendum
536 2518 659 2599 putavi,
695 2516 782 2599 quin,
817 2518 864 2594 ut,
899 2521 1060 2598 quantum
1088 2516 1158 2582 lleri
1182 2520 1301 2599 posset,
1331 2535 1370 2591 ea,

191 2641 265 2704 que
298 2641 375 2688 vera
406 2625 440 2687 et
469 2630 560 2688 recta
591 2623 670 2689 milri
700 2623 770 2688 visa
793 2627 911 2700 essent,
948 2623 1019 2688 aliis
1055 2624 1242 2706 probarem,
1277 2643 1315 2690 ex
1343 2622 1373 2687 iis

192 2747 321 2811 quoque
344 2728 432 2805 locis,
468 2749 549 2811 quos
578 2729 725 2795 codicum
749 2729 968 2794 editionumve
991 2728 1288 2795 vetustissimarum
1309 2748 1377 2795 auc·

191 2835 323 2900 tor-itate
345 2835 567 2913 correxissem,
591 2836 690 2917 paulo
713 2836 832 2918 plures,
857 2855 957 2918 quam
978 2834 1118 2917 exempli
1135 2854 1238 2901 causa
1254 2837 1287 2901 in
1303 2855 1378 2919 pre-

192 2939 314 3007 fatione
337 2940 487 3007 editionis
511 2943 862 3021 commemoravissem
892 2941 1072 3024 seligerent,
1100 2941 1245 3007 maxime
1268 2942 1377 3008 scilicet

191 3067 258 3127 eos,
292 3047 348 3131 qui
383 3051 441 3113 aut
473 3048 681 3131 insigniorem
714 3047 857 3131 aliquam
885 3048 1046 3113 haberent
1080 3049 1297 3114 mutationem
1330 3050 1379 3113 aut

191 3155 395 3221 occasionem
418 3154 603 3237 praeberent
630 3173 730 3220 unam
759 3154 938 3219 alteramve
970 3173 1039 3219 rem
1071 3154 1115 3218 ad
1145 3154 1288 3220 formam
1317 3174 1380 3220 ser·

190 3263 297 3327 monis
327 3247 433 3327 Latini
467 3263 684 3345 pertinentem
714 3261 904 3344 attingendi,
939 3265 973 3326 et
1006 3260 1048 3325 de
1082 3261 1201 3343 quibus
1235 3261 1279 3327 ab
1314 3261 1380 3327 aliis

191 3366 314 3456 dictum
336 3388 403 3434 non
432 3372 528 3446 esset,
562 3369 621 3434 sed
651 3371 764 3434 tamen
794 3367 968 3434 nonnullos
998 3386 1127 3450 quoque
1154 3368 1290 3434 minoris
1319 3387 1382 3445 mo

191 3475 302 3551 menti,
326 3476 360 3539 et
382 3474 477 3540 iniis
500 3474 695 3558 corrigendis
719 3476 798 3558 quid
821 3495 928 3540 essem
945 3477 1087 3551 secutus,
1111 3473 1383 3552 ostenderem,in

191 3597 256 3662 quo
278 3580 374 3647 simul
397 3581 508 3646 liceret
530 3600 631 3647 unum
655 3585 688 3647 et
711 3583 849 3648 alienun
879 3581 987 3646 locum
1016 3581 1050 3644 in
1078 3578 1245 3662 superiore
1273 3580 1382 3664 dispu-

190 3686 314 3751 tatione
348 3688 516 3753 brevitatis
551 3688 659 3753 studio
693 3688 850 3754 omissum
886 3704 1153 3753 commemorare.
1210 3685 1277 3751 Sed
1312 3705 1384 3769 quoe

190 3812 320 3858 summa
343 3797 414 3858 erat
436 3792 470 3857 in
492 3795 654 3861 nonnullis
677 3793 878 3860 orationibus
901 3796 983 3869 turn,
1019 3812 1120 3874 quum
1148 3810 1205 3856 eos
1233 3792 1383 3870 edebam,

191 3898 375 3978 difficultas,
410 3900 499 3982 meod
528 3902 676 3967 codicum
708 3901 876 3983 scripturae
910 3918 1017 3981 neque
1046 3899 1152 3983 plenae
1182 3917 1291 3982 neque
1314 3898 1385 3964 dili·

190 4008 303 4086 genter
326 4007 467 4073 enotatae
489 4011 592 4083 erant,
623 4027 696 4074 eam
724 4011 799 4090 post
826 4006 906 4071 illud
934 4009 1064 4088 tempus
1086 4022 1206 4088 magna
1229 4024 1271 4070 ex
1293 4009 1386 4089 parte

191 4110 304 4176 tollere
326 4113 433 4195 potuit
456 4132 494 4178 ac
517 4112 641 4191 debuit,
665 4115 720 4197 qui
744 4113 879 4178 easdem
903 4113 1076 4189 orationes,
1101 4110 1239 4177 exclusis
1256 4115 1385 4177 tantum

190 4215 377 4300 Philippicis
401 4221 434 4282 et
457 4217 591 4283 adiectis
615 4219 663 4297 iis,
694 4240 767 4303 quae
790 4239 850 4302 pro
874 4218 1009 4283 Murena
1033 4222 1066 4282 et
1088 4217 1240 4284 Marcello
1263 4218 1387 4285 habitae

191 4326 277 4399 sunt,
302 4324 403 4388 edidit
425 4324 620 4407 Mogontiaci
644 4346 674 4393 a.
700 4326 795 4404 1833,
826 4325 936 4392 multis
960 4323 1113 4390 adhibitis
1137 4324 1313 4408 codicibus,
1342 4327 1385 4393 Io.

221 4566 242 4635 ¹)
262 4566 350 4636 [Nunc
371 4571 491 4640 primum
509 4570 590 4627 edita
629 4569 718 4641 1834]
