2948 5206
641 304 708 370 405

118 519 233 582 sponsum
267 501 408 566 deesset.
466 500 589 565 Eadem
624 503 736 564 autem
771 499 907 581 vestigia
941 501 973 564 in
1013 500 1161 581 pluribus
1195 501 1273 567 locis

118 608 274 671 recurrentia
308 610 413 671 totum
448 606 511 671 hoc
545 606 775 688 disputationis
810 625 913 688 genus
941 605 1037 670 valde
1068 606 1273 671 confirmant.

116 709 198 793 [diter
216 713 323 778 locum
347 713 524 777 emendare
547 716 683 778 conatus
706 733 780 776 sum
802 713 887 776 Adv.
904 713 982 777 Grit.
998 713 1040 776 III
1056 733 1087 795 p.
1107 714 1170 778 143
1186 714 1273 797 sqq]

174 819 275 896 014,
299 819 354 896 33,
376 818 434 883 ubi
458 820 578 884 editur:
614 840 683 882 crem
712 820 899 883 clarissimis
927 821 1006 883 uiris
1033 840 1163 884 eausam
1185 826 1272 884 tuam

115 945 156 989 uer
171 928 368 1004 aramum,
393 945 494 1008 quum
519 925 622 991 codex
644 925 836 990 Parisiensis
852 925 992 991 habeat:
1016 945 1087 989 cum
1103 926 1275 990 clarissimi

115 1033 413 1109 antecrescentem,
448 1052 546 1098 nemo
577 1033 671 1098 facile
702 1032 876 1109 dubitabit,
912 1032 991 1114 quin
1018 1031 1115 1096 scribi
1139 1032 1273 1096 debeat:

115 1158 159 1201 runc
175 1140 341 1204 clarissimi
368 1140 433 1202 ciri
459 1148 668 1204 causaturum
692 1160 755 1204 esse
777 1141 984 1203 coniunctam.
1029 1138 1140 1202 Unum
1164 1138 1274 1203 Caesa·

115 1262 158 1308 run
183 1245 348 1328 significat,
383 1245 549 1310 consulem
582 1266 602 1310 a
632 1246 761 1311 Vatinio
791 1245 923 1310 tribuno
957 1244 1116 1309 adiutum.
1163 1245 1274 1324 Quan-
1288 1263 1328 1302 ω

115 1368 180 1431 ruam
211 1351 366 1435 loquendi
399 1371 501 1434 genus
536 1353 675 1418 alterum
693 1421 695 1423 .
710 1352 905 1435 reprehendi
933 1370 999 1416 non
1022 1354 1140 1434 potest,
1176 1353 1274 1434 quod,

115 1454 183 1522 uuo
203 1457 364 1540 frequenti
388 1458 507 1524 codicis
530 1459 597 1524 Erf.
627 1464 669 1537 et,
705 1463 742 1524 ut
773 1479 812 1524 ex
844 1458 1016 1524 Cratandri
1033 1477 1177 1546 'quoque
1209 1459 1275 1524 edi-

115 1560 171 1627 icnc
188 1569 335 1647 apparet,
359 1565 496 1631 aliorum
513 1566 661 1630 codicum
677 1566 807 1644 menda,
832 1565 1071 1630 restituendum
1088 1569 1146 1642 est,
1171 1565 1275 1631 Gara·

115 1668 171 1734 boio
196 1691 325 1753 quoque
348 1676 491 1749 auctore,
528 1676 675 1737 extrema
706 1673 853 1738 oratione
884 1670 1027 1753 (caueam
1051 1671 1183 1736 Milonis
1205 1694 1276 1736 cum

115 1771 148 1838 irc
163 1779 351 1843 monetam
374 1777 576 1860 existimari),
611 1780 691 1843 satis
721 1779 892 1843 defensum
917 1798 966 1852 eo,
1002 1779 1089 1859 quod
1113 1779 1274 1862 sequitur:

115 1883 202 1965 picem
224 1886 293 1949 eiua
315 1905 445 1949 corcram
468 1887 641 1970 coniunyc's.
688 1883 794 1967 [Verr.
819 1887 860 1950 III
884 1885 902 1967 ἓ
928 1884 1018 1967 153.]

172 1990 318 2074 Sequitur
341 1992 440 2074 paulo
463 1997 551 2074 post:
573 1991 738 2074 fecerisne,
763 1993 845 2076 qaod
867 1995 903 2056 irc
925 1992 985 2056 leuc
1008 1991 1191 2076 republica
1213 2012 1276 2056 nore

115 2095 174 2159 rulo
190 2097 313 2180 sudum
336 2106 409 2162 ente
431 2120 595 2184 nunquam
618 2106 671 2181 eat,
695 2098 750 2161 ced
772 2101 808 2162 irc
823 2101 909 2162 omni
925 2100 1078 2162 memoria
1094 2101 1135 2163 sit
1151 2101 1276 2163 omuino

115 2200 267 2282 ramirum,
292 2205 464 2288 dupliciter
482 2206 616 2279 soloece;
639 2225 718 2269 nam
735 2225 842 2287 neque
866 2224 924 2287 per
947 2224 982 2268 se
1005 2204 1039 2269 in
1062 2205 1199 2270 relativa
1221 2205 1276 2269 illa

115 2311 239 2375 amaria
260 2311 437 2394 pertinenti
461 2312 505 2376 ad
527 2313 711 2376 subiectum
735 2312 940 2376 indefinitum
969 2315 1005 2376 et
1030 2315 1159 2376 tanturn
1189 2312 1275 2393 cogi-

115 2413 186 2480 urum
207 2417 400 2482 indicativus
430 2418 507 2500 poni
535 2422 665 2501 poterat
694 2417 824 2501 (quaerit
853 2421 939 2484 enirn
964 2419 1085 2496 Cicero,
1121 2420 1275 2483 feceritne

115 2516 189 2595 'tide
210 2544 273 2606 quo
296 2523 376 2588 illud
399 2524 462 2588 dici
485 2524 612 2608 possit),
636 2546 742 2608 neque
766 2526 932 2608 coniungi:
957 2547 1017 2589 non
1042 2525 1132 2588 medo
1153 2525 1276 2607 factum

115 2630 221 2706 uctred
242 2632 293 2695 cit
317 2631 509 2695 ineruditam.
544 2632 740 2714 Quanquam
765 2632 885 2697 Orellio
908 2637 995 2696 recte
1012 2633 1140 2696 ridetur
1155 2635 1276 2714 opponi

115 2748 148 2794 rus
164 2741 243 2801 certa
266 2736 407 2820 (factum
431 2735 486 2819 est)
511 2739 643 2803 incertae
672 2737 727 2820 (sit
749 2736 954 2820 inauditum)
1001 2740 1058 2802 Est
1085 2739 1147 2803 hoc
1174 2758 1274 2802 unurn

115 2854 140 2900 tx
155 2839 273 2908 infinitis
297 2844 359 2908 illis
382 2844 535 2926 peccatis,
571 2865 645 2927 quae
673 2846 821 2909 oriuntur
848 2846 1014 2910 translatis
1044 2845 1087 2909 ad
1110 2866 1276 2927 gramma-

115 2943 182 3012 ticam
212 2951 381 3033 categoriis
415 2950 466 3033 (ut
499 2953 619 3016 usitato
654 2952 748 3016 nobis
777 2952 937 3017 vocabulo
970 2972 1039 3016 rem
1074 2950 1275 3034 significem),

115 3067 164 3129 quae
181 3057 220 3121 ad
240 3061 488 3139 grammaticam
518 3059 597 3122 nihil
626 3060 799 3140 pertinent.
846 3059 930 3122 Nam
959 3063 1082 3122 certum
1112 3063 1146 3122 et
1171 3059 1277 3122 incer-

115 3157 161 3222 tum
178 3165 278 3229 modis
301 3184 367 3229 non
392 3165 593 3246 exprimitur.
640 3164 705 3229 Sed
733 3166 774 3230 de
803 3169 864 3230 hoc
888 3169 956 3230 toto
979 3185 1097 3246 genere
1121 3165 1204 3229 alius
1228 3169 1277 3229 est

115 3270 262 3347 cunutus
286 3271 414 3335 dicendi
438 3271 537 3335 locus.
584 3271 656 3336 Hoc
679 3272 749 3336 loco
773 3272 806 3335 id
830 3272 911 3347 dico,
941 3271 1028 3352 quod
1061 3271 1123 3335 dici
1147 3291 1277 3353 semper

115 3375 191 3447 potest
211 3378 244 3441 in
265 3377 454 3442 huiusmodi
478 3378 680 3453 commentis,
705 3379 833 3442 etiamsi
856 3399 970 3442 verum
994 3378 1073 3441 illud
1090 3378 1140 3455 sit,
1165 3382 1277 3442 tamen

115 3475 262 3549 tdlocum
296 3486 500 3567 propositum
535 3504 600 3548 non
636 3485 818 3549 conuenire.
865 3484 950 3562 Quid
985 3485 1093 3548 enim?
1131 3483 1276 3565 Magisne

115 3588 205 3653 tutum
239 3591 354 3656 Cicero
388 3593 528 3673 putabat
562 3592 705 3655 viderire
748 3591 878 3656 volebat
919 3612 981 3655 esse
1022 3591 1056 3653 id
1096 3590 1274 3653 traunditrcrn

115 3704 181 3766 uam
203 3718 263 3760 nen
287 3718 351 3762 esse
371 3686 515 3779 factum?
555 3697 691 3773 Scilicet,
717 3702 753 3761 ut
775 3700 812 3762 fit
835 3698 868 3761 in
891 3699 954 3761 ista
977 3698 1113 3771 ratione,
1137 3697 1186 3759 vir
1209 3695 1275 3759 cla·

115 3792 226 3867 fluimus
250 3804 397 3869 confudit
421 3804 566 3867 auditura
590 3825 653 3867 esse
676 3808 709 3868 et
731 3825 797 3867 reru
822 3804 976 3880 auditam,
1012 3805 1045 3867 in
1075 3822 1140 3884 qua
1162 3803 1276 3866 incerti

115 3898 202 3986 lliquid
225 3911 308 3975 solet
332 3930 413 3975 esse.
460 3911 570 3975 Codex
592 3911 783 3975 Parisiensis
807 3912 923 3975 habet:
958 3932 1019 3973 uon
1041 3910 1132 3973 modo
1153 3909 1274 3992 foetum

115 4017 158 4074 rra
182 4037 345 4102 nunquam
376 4025 429 4098 est,
459 4019 493 4079 ire
523 4018 609 4080 marci
631 4020 784 4081 memorio
806 4020 847 4081 sit
870 4021 941 4093 cet,
972 4037 1012 4080 ex
1035 4036 1099 4098 quo
1123 4016 1275 4080 efficitur:

115 4134 145 4182 'err
165 4122 253 4187 mode
274 4123 398 4206 factum
426 4145 598 4209 nunquam,
633 4131 687 4187 set
719 4126 752 4187 irc
783 4126 868 4187 enecti
900 4125 1051 4187 memorio
1080 4125 1122 4187 sc't
1152 4123 1277 4185 emrrirro

115 4228 269 4293 medicam.
333 4228 395 4312 [De
430 4231 604 4296 Parisiensi
640 4231 738 4312 paulo
773 4231 867 4295 aliter
901 4230 1051 4294 Halmius
1087 4228 1276 4293 correctioni

115 4336 287 4420 sentiens]

161 4444 198 4510 In
224 4443 343 4510 eodem
366 4444 472 4526 capite
496 4443 514 4524 ἓ
539 4445 581 4508 34
606 4443 707 4508 codex
731 4445 916 4521 Vaticanus
946 4446 1166 4526 praeterquam
1189 4442 1330 4524 quodem

115 4574 127 4620 r
152 4548 361 4616 adscenderit
383 4551 486 4616 habet
509 4551 668 4628 exciderit,
694 4571 734 4614 ex
758 4572 821 4633 quo
839 4556 926 4615 recte
949 4549 1053 4614 Maius
1078 4550 1155 4614 lecit
1178 4570 1276 4614 escen·
