2948 5206
132 105 189 170 280:
219 102 269 167 Me
302 102 393 166 nulia
427 101 495 166 dies
528 111 595 167 tum
627 102 764 185 fortibus
799 104 887 167 aues
921 102 1103 168 dissimilem
1134 104 1298 189 Arpnerit.

84 282 87 287 ,
133 209 182 293 (111)
199 210 269 275 Cius
292 210 430 292 generis
460 209 548 291 quod
572 229 671 292 supra
696 213 848 291 quartum
873 210 944 287 feci,
976 229 1077 292 quum
1101 227 1154 273 res
1177 208 1298 290 signifi·

135 320 239 394 caretur,
263 336 338 399 quae
360 315 522 398 tantisper
544 319 577 380 et
600 316 644 381 ad
666 320 797 399 tempus
817 320 979 399 ageretur,
1004 316 1093 399 apud
1109 314 1298 380 Ciceronem

135 422 285 504 exemplum
309 427 360 488 est
382 423 426 487 ad
448 423 546 487 Attic.
570 423 608 500 V,
635 424 650 487 1
677 422 695 504 ἕ
719 423 753 487 3:
783 421 832 486 Tn
853 424 955 486 innita
977 423 1145 502 mulieres;
1168 441 1222 505 epo
1245 441 1299 484 uc·

135 530 209 593 civero
222 550 338 613 pueros
360 527 426 610 (ich
455 520 564 594 werde
593 529 807 594 unterdessen
837 526 923 609 cet).
970 527 1038 611 (tv)
1061 526 1299 609 Frequentissi·

81 714 83 727 Ι
136 620 189 700 mus
207 636 317 700 deinde
340 640 390 700 est
413 636 502 718 apud
526 636 714 701 Ciceronem
739 638 771 699 et
794 635 874 700 alios
898 635 999 699 futuri
1028 635 1133 699 erecti
1164 653 1243 697 usus
1267 633 1300 695 in

81 784 84 797 ·
136 740 281 806 differendo
314 740 416 824 (quod
440 743 587 825 quintum
612 762 712 824 supra
743 739 837 822 erat),
872 760 933 806 nec
962 745 1075 806 tamen
1107 741 1178 804 haec
1209 739 1300 803 verbi

135 845 214 912 iorna
232 849 381 914 universe
404 868 478 913 eam
502 849 769 932 significationem
793 847 934 925 retinuit,
964 848 1033 925 sed,
1063 851 1100 912 ut
1126 848 1164 911 fit
1186 846 1300 928 saepis·

136 953 195 1018 siue
213 952 309 1037 (quod
332 954 373 1020 de
394 955 475 1038 fano
498 955 638 1020 vidimus
654 953 754 1036 ante),
780 955 812 1018 in
828 974 893 1019 uno
911 955 1010 1020 verbo
1026 953 1156 1030 mansit,
1180 951 1300 1033 videro,

135 1055 244 1159 (viderie
267 1060 392 1138 uiderit,
423 1082 504 1144 quos
528 1062 649 1127 frustra
672 1061 892 1126 coniunctivos
916 1058 1107 1142 appellant).
1117 1055 1144 1141 ¹)
1190 1059 1301 1124 Unum

136 1169 263 1247 preterea
285 1187 339 1232 me
362 1168 469 1250 legere
493 1187 580 1232 nunc
604 1167 747 1244 memini,
769 1167 881 1250 suerit,
906 1166 972 1231 Cic.
997 1166 1129 1231 Tuscul.
1153 1166 1181 1229 V
1205 1163 1223 1246 ἕ
1244 1165 1300 1230 1οι

81 1326 83 1333 .
138 1269 210 1337 &ine
227 1274 263 1338 de
285 1273 457 1357 disciplina
480 1274 571 1338 alind
593 1283 714 1358 tempus
734 1273 836 1356 feeerit
856 1273 993 1356 somnone
1010 1273 1146 1337 dicendi.
1183 1271 1236 1354 (V)
1260 1272 1301 1336 il·

138 1374 182 1440 lius
202 1380 330 1461 generis
366 1381 454 1463 quod
481 1401 582 1463 supra
611 1389 793 1445 extremum
829 1384 861 1444 et
896 1383 1024 1444 sextum
1059 1381 1164 1462 posui,
1199 1398 1300 1443 unum

88 1560 100 1577 ⁶
138 1486 232 1565 reperio
254 1487 440 1568 exemplum
471 1486 559 1569 apud
592 1489 781 1553 Ciceronem
813 1487 857 1551 ad
878 1487 947 1550 Att.
970 1486 1052 1563 XIV,
1089 1486 1137 1563 16,
1165 1487 1199 1549 1;
1228 1492 1302 1568 post
1315 1505 1341 1543 er

138 1586 164 1651 in
187 1589 240 1654 iae
272 1592 447 1657 Puteolano
482 1601 510 1657 et
546 1594 691 1658 Cumano
728 1615 828 1678 repna
863 1594 1062 1676 reeeovipcro.
1119 1591 1302 1674 Intelligent

139 1711 230 1775 onnes,
260 1701 331 1763 haec
354 1699 400 1763 ita
423 1718 497 1764 cum
521 1701 569 1777 iis,
599 1719 672 1781 quae
697 1699 737 1763 de
761 1699 891 1764 comicis
916 1699 1089 1782 disputavi,
1118 1699 1301 1775 convenire,

81 1830 83 1837 ·
139 1800 229 1883 uita,
251 1824 326 1887 quae
348 1804 394 1868 ibi
416 1807 520 1886 posui,
544 1825 664 1889 genera
681 1825 747 1871 non
771 1806 839 1870 sine
864 1826 963 1870 causa
980 1825 1019 1870 ex
1037 1807 1222 1888 promiscuo
1240 1823 1302 1869 usu
1362 1882 1366 1891 Ι

81 1894 84 1917 ‘
140 1910 308 1975 tenererim.
351 1910 464 1975 Futuri
488 1913 593 1976 exacti
616 1931 748 1993 prorsus
771 1932 831 1993 pro
854 1912 991 1993 simplici
1014 1913 1111 1995 positi
1135 1911 1302 1976 rarissima

81 2016 85 2113 ζ
140 2013 204 2091 apud
229 2021 343 2099 poetas
377 2017 509 2099 optimae
538 2018 643 2082 aetatis
673 2018 823 2100 exempla
851 2017 1077 2096 animadverti,
1113 2017 1201 2101 apud
1230 2017 1302 2081 Vir·

81 2116 91 2183 t
141 2115 221 2197 gitium
239 2121 394 2204 nn.[v1,
419 2124 477 2188 88:
501 2123 671 2206 defuerint,
697 2125 829 2189 deinde:
853 2144 933 2208 quoe
948 2144 1011 2187 eron
1026 2126 1168 2189 oraveris
1190 2122 1305 2187 nrbes?

81 2222 97 2329 t'
141 2220 176 2305 ti]
191 2226 234 2308 IX,
263 2230 326 2295 297
357 2227 516 2315 (Namque
544 2232 605 2295 erit
632 2233 694 2295 isto
716 2231 796 2294 miei
817 2232 961 2314 penetrin
982 2251 1153 2316 nomenque
1178 2230 1303 2294 Cretense

81 2332 86 2437 i
142 2323 219 2396 itinn
238 2333 388 2419 desuerit)
412 2341 444 2399 et
467 2337 507 2412 X,
531 2336 596 2401 503
620 2336 773 2421 (Tempus
796 2339 865 2418 erit,
895 2358 1009 2422 enupno
1032 2359 1127 2423 quem
1151 2338 1304 2421 optaverit

81 2446 89 2573 t
142 2436 251 2521 ‘mptum'
264 2442 424 2507 inactum
447 2441 611 2525 Pallanta)
635 2447 668 2507 et
690 2444 743 2522 XI,
768 2444 843 2523 688,
868 2445 957 2527 apud
979 2445 1185 2527 Propertium
1209 2443 1247 2513 ΙΙ,
1271 2444 1302 2520 5,

81 2576 86 2609 ·.
142 2536 213 2610 tlet
226 2549 279 2614 22:
304 2547 370 2613 Nec
393 2547 450 2612 tibi
466 2551 600 2632 periuro
623 2551 770 2614 scindam
788 2551 827 2614 de
849 2572 977 2634 corpore
999 2559 1121 2631 uectem,
1146 2547 1211 2614 Nee
1233 2570 1302 2613 meo

81 2688 83 2695 ·
139 2653 279 2726 neumas
299 2656 434 2740 freper'it
458 2658 510 2720 iro
531 2656 618 2739 fores
642 2662 701 2722 cet.
748 2656 830 2739 [Cir.
855 2658 877 2734 Ι,
905 2658 955 2735 15,
981 2659 1022 2722 29
1047 2662 1081 2722 θῖ
1103 2653 1217 2739 30.]²).

81 2764 85 2841 t
205 2760 358 2840 Quoniam
394 2763 434 2827 de
468 2763 642 2829 indicativo
674 2764 771 2830 modo
799 2766 896 2829 huius
924 2766 1079 2846 temporis
1110 2769 1142 2829 et
1165 2769 1304 2847 utraque

81 2848 85 2925 ἰ
142 2852 218 2930 forma
238 2868 359 2933 dictum
383 2873 442 2948 est,
478 2872 626 2935 venimus
654 2871 698 2935 ad
721 2872 971 2948 coniunctivum,
1006 2871 1039 2935 in
1064 2873 1154 2935 cuius
1178 2873 1304 2935 ratione

81 2934 85 3113 ἰ
143 2968 300 3048 explicanda
323 2976 516 3041 multisunt
540 2979 704 3060 etmagni
728 2998 863 3055 errores,
899 2998 939 3042 ex
970 2998 1035 3043 tino
1058 2978 1148 3042 fonte
1171 2997 1304 3060 proma·

81 3124 89 3175 l
122 3080 237 3158 ,nune
259 3082 348 3164 quod
371 3102 446 3147 eum
470 3084 513 3148 ab
537 3084 710 3148 indicativo
734 3104 794 3148 suo
819 3083 917 3148 futuri
941 3085 1096 3165 temporis
1120 3086 1304 3148 seiunctum

81 3184 88 3267 i
141 3176 171 3242 td
190 3187 362 3266 perfectum
390 3189 623 3267 adiunxerunt;
658 3195 781 3255 rectem
817 3191 904 3255 viam
939 3209 1035 3254 nemo
1063 3190 1180 3265 adhuc,
1218 3190 1305 3272 quod

81 3282 84 3369 ξ
140 3285 224 3371 Situ,
257 3294 421 3378 ingressus
449 3299 508 3361 est.
554 3298 700 3362 Primum
729 3297 835 3380 igitur,
870 3301 908 3361 ut
931 3316 950 3360 a
971 3295 1051 3378 fuxo
1074 3298 1111 3359 fit
1132 3296 1248 3377 facien,
1285 3317 1305 3361 a

138 3385 229 3464 teneo
250 3402 406 3480 levascim,
441 3403 556 3468 eadem
589 3404 782 3468 coniunctivi
813 3403 1050 3478 terminatione,
1087 3423 1160 3484 quae
1192 3407 1242 3467 est
1271 3404 1305 3467 in

135 3499 178 3566 tin
197 3509 228 3571 et
247 3508 340 3571 veiim
364 3514 396 3573 et
419 3509 511 3587 edim,
536 3510 581 3574 sic
604 3510 647 3574 ab
672 3531 819 3574 centenero
834 3511 870 3573 fit
887 3512 1070 3573 ornaverim.
1107 3510 1192 3587 Eius,
1218 3512 1305 3592 quod

143 3803 162 3874 ¹)
178 3808 319 3878 Exempla,
338 3809 361 3861 si
379 3825 448 3877 opus
468 3814 516 3868 est,
536 3810 703 3878 collegerunt
722 3810 874 3864 Matthiaeus
894 3811 910 3863 Ι.
930 3828 952 3863 c.
968 3828 993 3878 p.
1009 3809 1051 3874 26,
1070 3812 1183 3866 Ramsh.
1203 3831 1229 3882 p.
1245 3810 1305 3875 603,

179 3897 249 3951 Zum
271 3897 326 3951 tius
378 3897 438 3950 511.
488 3900 541 3951 Sed
559 3902 649 3954 nidero
673 3900 725 3952 Cic.
750 3900 784 3953 ad
832 3917 857 3953 u.
876 3900 918 3953 Fr.
938 3901 970 3963 ll,
996 3900 1029 3951 15
1060 3899 1113 3963 13,
1136 3899 1161 3963 ’2,
1186 3903 1256 3954 sati

178 3914 295 4040 sumine
314 3894 450 4054 cogitandi
469 3897 496 4040 it
514 4004 543 4041 se
563 3988 777 4041 deliberaturum
797 3901 978 4056 pgomittens.)
1046 3898 1056 3962 (
1093 3898 1103 3965 )
1200 3919 1217 3970 p
1259 3919 1304 3955 ⁰1¹¹

134 4073 157 4144 ')
177 4074 262 4142 Quod
287 4073 378 4128 editur
400 4075 429 4128 in
452 4075 589 4129 Ciceronis
612 4076 647 4128 ad
671 4076 725 4130 Αῖῖ.
745 4077 815 4141 ΧΙΙΙ,
839 4077 886 4139 21,
910 4076 939 4129 2:
969 4080 1093 4131 continuo
1117 4081 1220 4141 scieris,
1244 4095 1306 4131 con·

176 4166 287 4219 iectura
304 4179 361 4217 non
380 4168 454 4217 recta
472 4169 569 4218 natum
589 4172 637 4218 est.
