<?xml version="1.0" encoding="UTF-8"?>
<!DOCTYPE html PUBLIC "-//W3C//DTD XHTML 1.0 Transitional//EN"
    "http://www.w3.org/TR/xhtml1/DTD/xhtml1-transitional.dtd">
<html xmlns="http://www.w3.org/1999/xhtml" xml:lang="en" lang="en">
 <head>
  <title>
</title>
<meta http-equiv="Content-Type" content="text/html;charset=utf-8" />
  <meta name='ocr-system' content='tesseract 3.04.00' />
  <meta name='ocr-capabilities' content='ocr_page ocr_carea ocr_par ocr_line ocrx_word'/>
</head>
<body>
  <div class='ocr_page' id='page_1' title='image "./ionicolaimadvig02madvgoog/ionicolaimadvig02madvgoog_0454.png"; bbox 0 0 2956 5190; ppageno 0'>
   <div class='ocr_carea' id='block_1_1' title="bbox 630 279 694 344">
    <p class='ocr_par' dir='ltr' id='par_1_1' title="bbox 630 279 694 344">
     <span class='ocr_line' id='line_1_1' title="bbox 630 279 694 344; baseline -0.031 0"><span class='ocrx_word' id='word_1_1' title='bbox 630 279 694 344; x_wconf 86' lang='lat'>431</span> 
     </span>
    </p>
   </div>
   <div class='ocr_carea' id='block_1_2' title="bbox 63 442 1266 557">
    <p class='ocr_par' dir='ltr' id='par_1_2' title="bbox 63 442 1266 557">
     <span class='ocr_line' id='line_1_2' title="bbox 63 442 1266 557; baseline 0.002 -17"><span class='ocrx_word' id='word_1_2' title='bbox 63 477 135 540; x_wconf 83' lang='lat' dir='ltr'>rate</span> <span class='ocrx_word' id='word_1_3' title='bbox 158 478 351 556; x_wconf 86' lang='lat' dir='ltr'>persecutus</span> <span class='ocrx_word' id='word_1_4' title='bbox 375 479 424 539; x_wconf 91' lang='lat' dir='ltr'>est</span> <span class='ocrx_word' id='word_1_5' title='bbox 447 493 554 556; x_wconf 86' lang='lat' dir='ltr'>neque</span> <span class='ocrx_word' id='word_1_6' title='bbox 578 442 763 539; x_wconf 68' lang='lat' dir='ltr'>accusando</span> <span class='ocrx_word' id='word_1_7' title='bbox 787 494 894 557; x_wconf 89' lang='lat' dir='ltr'>neque</span> <span class='ocrx_word' id='word_1_8' title='bbox 918 475 1140 554; x_wconf 81' lang='lat' dir='ltr'>defendend03</span> <span class='ocrx_word' id='word_1_9' title='bbox 1175 478 1202 542; x_wconf 90' lang='lat' dir='ltr'>si</span> <span class='ocrx_word' id='word_1_10' title='bbox 1233 479 1266 542; x_wconf 89' lang='lat' dir='ltr'>id</span> 
     </span>
    </p>
   </div>
   <div class='ocr_carea' id='block_1_3' title="bbox 51 574 1306 4393">
    <p class='ocr_par' dir='ltr' id='par_1_3' title="bbox 51 574 1306 4393">
     <span class='ocr_line' id='line_1_3' title="bbox 61 574 1266 664; baseline 0.004 -19"><span class='ocrx_word' id='word_1_11' title='bbox 61 579 173 645; x_wconf 90' lang='lat' dir='ltr'>minus</span> <span class='ocrx_word' id='word_1_12' title='bbox 197 580 307 645; x_wconf 85' lang='lat' dir='ltr'>licebit</span> <span class='ocrx_word' id='word_1_13' title='bbox 329 580 373 646; x_wconf 90' lang='lat' dir='ltr'>ob</span> <span class='ocrx_word' id='word_1_14' title='bbox 402 600 477 645; x_wconf 87' lang='lat' dir='ltr'>eam</span> <span class='ocrx_word' id='word_1_15' title='bbox 500 601 646 660; x_wconf 87' lang='lat' dir='ltr'>causam,</span> <span class='ocrx_word' id='word_1_16' title='bbox 681 574 781 664; x_wconf 81' lang='lat' dir='ltr'>quam</span> <span class='ocrx_word' id='word_1_17' title='bbox 805 586 905 646; x_wconf 88' lang='lat' dir='ltr'>antea</span> <span class='ocrx_word' id='word_1_18' title='bbox 928 580 975 664; x_wconf 93' lang='lat' dir='ltr'>[p.</span> <span class='ocrx_word' id='word_1_19' title='bbox 993 583 1057 647; x_wconf 79' lang='lat'>417</span> <span class='ocrx_word' id='word_1_20' title='bbox 1077 583 1173 649; x_wconf 91' lang='lat' dir='ltr'>huius</span> <span class='ocrx_word' id='word_1_21' title='bbox 1197 586 1266 650; x_wconf 88' lang='lat' dir='ltr'>edi·</span> 
     </span>
     <span class='ocr_line' id='line_1_4' title="bbox 60 685 1306 770; baseline -0.004 -17"><span class='ocrx_word' id='word_1_22' title='bbox 60 685 177 770; x_wconf 84' lang='lat' dir='ltr'>tionis]</span> <span class='ocrx_word' id='word_1_23' title='bbox 201 687 303 770; x_wconf 81' lang='lat' dir='ltr'>attigi,</span> <span class='ocrx_word' id='word_1_24' title='bbox 327 706 467 769; x_wconf 87' lang='lat' dir='ltr'>quaeque</span> <span class='ocrx_word' id='word_1_25' title='bbox 490 689 543 753; x_wconf 84' lang='lat' dir='ltr'>hic</span> <span class='ocrx_word' id='word_1_26' title='bbox 566 689 618 754; x_wconf 87' lang='lat' dir='ltr'>vel</span> <span class='ocrx_word' id='word_1_27' title='bbox 641 689 784 755; x_wconf 82' lang='lat' dir='ltr'><strong>maxime</strong></span> <span class='ocrx_word' id='word_1_28' title='bbox 808 688 952 770; x_wconf 87' lang='lat' dir='ltr'>patefiet,</span> <span class='ocrx_word' id='word_1_29' title='bbox 975 708 1042 753; x_wconf 90' lang='lat' dir='ltr'>non</span> <span class='ocrx_word' id='word_1_30' title='bbox 1060 691 1267 756; x_wconf 85' lang='lat' dir='ltr'>mirabuntur·</span> <span class='ocrx_word' id='word_1_31' title='bbox 1281 709 1306 749; x_wconf 73' lang='lat' dir='ltr'>aa</span> 
     </span>
     <span class='ocr_line' id='line_1_5' title="bbox 57 792 1264 880; baseline 0.002 -21"><span class='ocrx_word' id='word_1_32' title='bbox 57 793 131 859; x_wconf 85' lang='lat' dir='ltr'>iam</span> <span class='ocrx_word' id='word_1_33' title='bbox 154 792 259 876; x_wconf 85' lang='lat' dir='ltr'>periti,</span> <span class='ocrx_word' id='word_1_34' title='bbox 283 795 469 876; x_wconf 86' lang='lat' dir='ltr'>partimque</span> <span class='ocrx_word' id='word_1_35' title='bbox 492 795 674 877; x_wconf 81' lang='lat' dir='ltr'>graviorem</span> <span class='ocrx_word' id='word_1_36' title='bbox 699 795 900 860; x_wconf 86' lang='lat' dir='ltr'>curationem</span> <span class='ocrx_word' id='word_1_37' title='bbox 924 795 1121 877; x_wconf 88' lang='lat' dir='ltr'>probabunt,</span> <span class='ocrx_word' id='word_1_38' title='bbox 1145 799 1264 880; x_wconf 84' lang='lat' dir='ltr'>partim</span> 
     </span>
     <span class='ocr_line' id='line_1_6' title="bbox 57 899 1265 985; baseline 0.002 -19"><span class='ocrx_word' id='word_1_39' title='bbox 57 899 270 966; x_wconf 84' lang='lat' dir='ltr'>satisfactum</span> <span class='ocrx_word' id='word_1_40' title='bbox 293 901 356 966; x_wconf 88' lang='lat' dir='ltr'>sibi</span> <span class='ocrx_word' id='word_1_41' title='bbox 379 901 553 985; x_wconf 85' lang='lat' dir='ltr'>putabunt,</span> <span class='ocrx_word' id='word_1_42' title='bbox 577 902 605 966; x_wconf 92' lang='lat' dir='ltr'>si</span> <span class='ocrx_word' id='word_1_43' title='bbox 627 903 764 967; x_wconf 88' lang='lat' dir='ltr'>vulnera</span> <span class='ocrx_word' id='word_1_44' title='bbox 786 903 938 967; x_wconf 85' lang='lat' dir='ltr'>nudarim</span> <span class='ocrx_word' id='word_1_45' title='bbox 962 902 1184 984; x_wconf 86' lang='lat' dir='ltr'>falsorumque</span> <span class='ocrx_word' id='word_1_46' title='bbox 1207 904 1265 968; x_wconf 91' lang='lat' dir='ltr'>de·</span> 
     </span>
     <span class='ocr_line' id='line_1_7' title="bbox 56 1005 1265 1094; baseline 0.002 -23"><span class='ocrx_word' id='word_1_47' title='bbox 56 1005 246 1072; x_wconf 80' lang='lat' dir='ltr'>sensionem</span> <span class='ocrx_word' id='word_1_48' title='bbox 258 1008 456 1073; x_wconf 85' lang='lat' dir='ltr'>sustulerim.</span> <span class='ocrx_word' id='word_1_49' title='bbox 491 1009 638 1073; x_wconf 88' lang='lat' dir='ltr'>Primum</span> <span class='ocrx_word' id='word_1_50' title='bbox 651 1010 756 1092; x_wconf 82' lang='lat' dir='ltr'>igitur,</span> <span class='ocrx_word' id='word_1_51' title='bbox 774 1010 832 1073; x_wconf 91' lang='lat' dir='ltr'>ubi</span> <span class='ocrx_word' id='word_1_52' title='bbox 845 1009 961 1073; x_wconf 90' lang='lat' dir='ltr'>edunt:</span> <span class='ocrx_word' id='word_1_53' title='bbox 989 1008 1079 1088; x_wconf 81' lang='lat' dir='ltr'>Quod</span> <span class='ocrx_word' id='word_1_54' title='bbox 1089 1011 1119 1073; x_wconf 83' lang='lat' dir='ltr'>si</span> <span class='ocrx_word' id='word_1_55' title='bbox 1131 1012 1265 1094; x_wconf 79' lang='lat' dir='ltr'>exceptio</span> 
     </span>
     <span class='ocr_line' id='line_1_8' title="bbox 51 1113 1265 1199; baseline 0.003 -21"><span class='ocrx_word' id='word_1_56' title='bbox 51 1113 155 1196; x_wconf 78' lang='lat' dir='ltr'>facit,</span> <span class='ocrx_word' id='word_1_57' title='bbox 167 1134 207 1178; x_wconf 83' lang='lat' dir='ltr'>ne</span> <span class='ocrx_word' id='word_1_58' title='bbox 218 1113 321 1196; x_wconf 82' lang='lat' dir='ltr'>liceat,</span> <span class='ocrx_word' id='word_1_59' title='bbox 333 1114 379 1178; x_wconf 74' lang='lat' dir='ltr'>itt</span> <span class='ocrx_word' id='word_1_60' title='bbox 390 1135 510 1179; x_wconf 81' lang='lat' dir='ltr'>necesse</span> <span class='ocrx_word' id='word_1_61' title='bbox 522 1123 565 1179; x_wconf 83' lang='lat' dir='ltr'>est</span> <span class='ocrx_word' id='word_1_62' title='bbox 577 1116 679 1197; x_wconf 81' lang='lat' dir='ltr'>licere,</span> <span class='ocrx_word' id='word_1_63' title='bbox 691 1115 747 1179; x_wconf 81' lang='lat' dir='ltr'>ubi</span> <span class='ocrx_word' id='word_1_64' title='bbox 758 1136 820 1179; x_wconf 83' lang='lat' dir='ltr'>nou</span> <span class='ocrx_word' id='word_1_65' title='bbox 830 1123 874 1179; x_wconf 79' lang='lat' dir='ltr'>est</span> <span class='ocrx_word' id='word_1_66' title='bbox 886 1122 1053 1199; x_wconf 75' lang='lat' dir='ltr'>exceptum,</span> <span class='ocrx_word' id='word_1_67' title='bbox 1066 1116 1100 1180; x_wconf 89' lang='lat' dir='ltr'>in</span> <span class='ocrx_word' id='word_1_68' title='bbox 1111 1116 1201 1181; x_wconf 89' lang='lat' dir='ltr'>nullo</span> <span class='ocrx_word' id='word_1_69' title='bbox 1213 1136 1265 1182; x_wconf 87' lang='lat' dir='ltr'>oo·</span> 
     </span>
     <span class='ocr_line' id='line_1_9' title="bbox 56 1220 1265 1304; baseline 0.002 -18"><span class='ocrx_word' id='word_1_70' title='bbox 56 1220 146 1298; x_wconf 84' lang='lat' dir='ltr'>dice,</span> <span class='ocrx_word' id='word_1_71' title='bbox 165 1222 220 1302; x_wconf 90' lang='lat' dir='ltr'>qui</span> <span class='ocrx_word' id='word_1_72' title='bbox 233 1221 365 1302; x_wconf 88' lang='lat' dir='ltr'>quidem</span> <span class='ocrx_word' id='word_1_73' title='bbox 378 1221 475 1287; x_wconf 91' lang='lat' dir='ltr'>ullius</span> <span class='ocrx_word' id='word_1_74' title='bbox 488 1225 576 1287; x_wconf 87' lang='lat' dir='ltr'>esset</span> <span class='ocrx_word' id='word_1_75' title='bbox 587 1224 754 1304; x_wconf 81' lang='lat' dir='ltr'>momenti,</span> <span class='ocrx_word' id='word_1_76' title='bbox 774 1242 813 1287; x_wconf 84' lang='lat' dir='ltr'>ac</span> <span class='ocrx_word' id='word_1_77' title='bbox 830 1223 968 1287; x_wconf 82' lang='lat' dir='ltr'>fortasse</span> <span class='ocrx_word' id='word_1_78' title='bbox 985 1224 1019 1287; x_wconf 89' lang='lat' dir='ltr'>iu</span> <span class='ocrx_word' id='word_1_79' title='bbox 1031 1222 1120 1287; x_wconf 92' lang='lat' dir='ltr'>nullo</span> <span class='ocrx_word' id='word_1_80' title='bbox 1133 1223 1265 1288; x_wconf 90' lang='lat' dir='ltr'>omnino</span> 
     </span>
     <span class='ocr_line' id='line_1_10' title="bbox 53 1329 1263 1414; baseline 0.002 -23"><span class='ocrx_word' id='word_1_81' title='bbox 53 1331 196 1410; x_wconf 86' lang='lat' dir='ltr'>reperta</span> <span class='ocrx_word' id='word_1_82' title='bbox 218 1331 297 1392; x_wconf 90' lang='lat' dir='ltr'>sunt</span> <span class='ocrx_word' id='word_1_83' title='bbox 320 1329 391 1392; x_wconf 83' lang='lat' dir='ltr'>haec</span> <span class='ocrx_word' id='word_1_84' title='bbox 414 1329 530 1393; x_wconf 86' lang='lat' dir='ltr'>verba:</span> <span class='ocrx_word' id='word_1_85' title='bbox 555 1329 610 1393; x_wconf 84' lang='lat' dir='ltr'>ubi</span> <span class='ocrx_word' id='word_1_86' title='bbox 632 1351 694 1394; x_wconf 81' lang='lat' dir='ltr'>nou</span> <span class='ocrx_word' id='word_1_87' title='bbox 711 1338 754 1394; x_wconf 81' lang='lat' dir='ltr'>est</span> <span class='ocrx_word' id='word_1_88' title='bbox 770 1338 943 1414; x_wconf 61' lang='lat' dir='ltr'>exceptum</span> <span class='ocrx_word' id='word_1_89' title='bbox 967 1329 1162 1394; x_wconf 90' lang='lat' dir='ltr'>omittuntur</span> <span class='ocrx_word' id='word_1_90' title='bbox 1178 1332 1263 1394; x_wconf 88' lang='lat' dir='ltr'>enim</span> 
     </span>
     <span class='ocr_line' id='line_1_11' title="bbox 54 1434 1264 1519; baseline 0.002 -21"><span class='ocrx_word' id='word_1_91' title='bbox 54 1435 95 1498; x_wconf 91' lang='lat' dir='ltr'>in</span> <span class='ocrx_word' id='word_1_92' title='bbox 120 1434 318 1499; x_wconf 89' lang='lat' dir='ltr'>editionibus</span> <span class='ocrx_word' id='word_1_93' title='bbox 341 1439 418 1500; x_wconf 87' lang='lat' dir='ltr'>ante</span> <span class='ocrx_word' id='word_1_94' title='bbox 442 1436 651 1518; x_wconf 81' lang='lat' dir='ltr'>Naugerium,</span> <span class='ocrx_word' id='word_1_95' title='bbox 676 1438 709 1502; x_wconf 91' lang='lat' dir='ltr'>in</span> <span class='ocrx_word' id='word_1_96' title='bbox 732 1437 806 1515; x_wconf 85' lang='lat' dir='ltr'>PE,</span> <span class='ocrx_word' id='word_1_97' title='bbox 831 1436 913 1501; x_wconf 83' lang='lat' dir='ltr'><strong>Oxx.</strong></span> <span class='ocrx_word' id='word_1_98' title='bbox 937 1436 959 1499; x_wconf 90' lang='grc'>4</span> <span class='ocrx_word' id='word_1_99' title='bbox 983 1434 1037 1519; x_wconf 88' lang='lat' dir='ltr'>(de</span> <span class='ocrx_word' id='word_1_100' title='bbox 1065 1453 1097 1514; x_wconf 78' lang='lat' dir='ltr'>u,</span> <span class='ocrx_word' id='word_1_101' title='bbox 1134 1440 1171 1501; x_wconf 91' lang='lat' dir='ltr'>ut</span> <span class='ocrx_word' id='word_1_102' title='bbox 1198 1437 1264 1501; x_wconf 88' lang='lat' dir='ltr'>iam</span> 
     </span>
     <span class='ocr_line' id='line_1_12' title="bbox 54 1541 1264 1626; baseline 0.002 -21"><span class='ocrx_word' id='word_1_103' title='bbox 54 1541 185 1624; x_wconf 85' lang='lat' dir='ltr'>saepius</span> <span class='ocrx_word' id='word_1_104' title='bbox 208 1542 374 1619; x_wconf 88' lang='lat' dir='ltr'>admonui,</span> <span class='ocrx_word' id='word_1_105' title='bbox 405 1544 438 1607; x_wconf 91' lang='lat' dir='ltr'>in</span> <span class='ocrx_word' id='word_1_106' title='bbox 468 1543 576 1608; x_wconf 88' lang='lat' dir='ltr'>verbis</span> <span class='ocrx_word' id='word_1_107' title='bbox 606 1544 734 1609; x_wconf 90' lang='lat' dir='ltr'>omissis</span> <span class='ocrx_word' id='word_1_108' title='bbox 758 1544 886 1608; x_wconf 88' lang='lat' dir='ltr'>silentio</span> <span class='ocrx_word' id='word_1_109' title='bbox 910 1542 997 1607; x_wconf 83' lang='lat' dir='ltr'>credi</span> <span class='ocrx_word' id='word_1_110' title='bbox 1021 1563 1184 1625; x_wconf 81' lang='lat' dir='ltr'>nusquam</span> <span class='ocrx_word' id='word_1_111' title='bbox 1207 1563 1264 1626; x_wconf 92' lang='lat' dir='ltr'>po·</span> 
     </span>
     <span class='ocr_line' id='line_1_13' title="bbox 55 1645 1264 1732; baseline 0.001 -19"><span class='ocrx_word' id='word_1_112' title='bbox 55 1645 158 1730; x_wconf 81' lang='lat' dir='ltr'>test);</span> <span class='ocrx_word' id='word_1_113' title='bbox 181 1648 270 1713; x_wconf 89' lang='lat' dir='ltr'>solus</span> <span class='ocrx_word' id='word_1_114' title='bbox 293 1652 381 1714; x_wconf 80' lang='lat' dir='ltr'>tacet</span> <span class='ocrx_word' id='word_1_115' title='bbox 404 1648 572 1714; x_wconf 83' lang='lat' dir='ltr'>Gruterus</span> <span class='ocrx_word' id='word_1_116' title='bbox 617 1649 743 1732; x_wconf 85' lang='lat' dir='ltr'>(ltaque</span> <span class='ocrx_word' id='word_1_117' title='bbox 767 1650 974 1726; x_wconf 88' lang='lat' dir='ltr'>Garatonius,</span> <span class='ocrx_word' id='word_1_118' title='bbox 998 1650 1055 1730; x_wconf 90' lang='lat' dir='ltr'>qui</span> <span class='ocrx_word' id='word_1_119' title='bbox 1077 1654 1151 1714; x_wconf 88' lang='lat' dir='ltr'>octo</span> <span class='ocrx_word' id='word_1_120' title='bbox 1169 1649 1264 1715; x_wconf 89' lang='lat' dir='ltr'>editis</span> 
     </span>
     <span class='ocr_line' id='line_1_14' title="bbox 55 1754 1264 1839; baseline 0.002 -21"><span class='ocrx_word' id='word_1_121' title='bbox 55 1754 283 1820; x_wconf 87' lang='lat' dir='ltr'>voluminibus</span> <span class='ocrx_word' id='word_1_122' title='bbox 306 1755 453 1819; x_wconf 91' lang='lat' dir='ltr'>nondum</span> <span class='ocrx_word' id='word_1_123' title='bbox 477 1761 698 1838; x_wconf 82' lang='lat' dir='ltr'>perspexerat,</span> <span class='ocrx_word' id='word_1_124' title='bbox 734 1757 853 1839; x_wconf 90' lang='lat' dir='ltr'>quibus</span> <span class='ocrx_word' id='word_1_125' title='bbox 877 1756 1015 1822; x_wconf 88' lang='lat' dir='ltr'>testibus</span> <span class='ocrx_word' id='word_1_126' title='bbox 1039 1760 1195 1833; x_wconf 91' lang='lat' dir='ltr'>uteretur,</span> <span class='ocrx_word' id='word_1_127' title='bbox 1231 1757 1264 1820; x_wconf 91' lang='lat' dir='ltr'>in</span> 
     </span>
     <span class='ocr_line' id='line_1_15' title="bbox 55 1861 1265 1945; baseline -0.001 -18"><span class='ocrx_word' id='word_1_128' title='bbox 55 1861 196 1945; x_wconf 88' lang='lat' dir='ltr'>optimis</span> <span class='ocrx_word' id='word_1_129' title='bbox 219 1861 309 1926; x_wconf 88' lang='lat' dir='ltr'>libris</span> <span class='ocrx_word' id='word_1_130' title='bbox 333 1861 466 1926; x_wconf 88' lang='lat' dir='ltr'>inventa</span> <span class='ocrx_word' id='word_1_131' title='bbox 488 1864 560 1927; x_wconf 84' lang='lat' dir='ltr'>haec</span> <span class='ocrx_word' id='word_1_132' title='bbox 582 1862 721 1944; x_wconf 83' lang='lat' dir='ltr'>narrat.)</span> <span class='ocrx_word' id='word_1_133' title='bbox 767 1865 836 1929; x_wconf 86' lang='lat' dir='ltr'>Iam</span> <span class='ocrx_word' id='word_1_134' title='bbox 859 1864 892 1928; x_wconf 91' lang='lat' dir='ltr'>in</span> <span class='ocrx_word' id='word_1_135' title='bbox 915 1864 978 1941; x_wconf 83' lang='lat' dir='ltr'>PE,</span> <span class='ocrx_word' id='word_1_136' title='bbox 1003 1862 1063 1927; x_wconf 86' lang='lat' dir='ltr'>Ox.</span> <span class='ocrx_word' id='word_1_137' title='bbox 1089 1862 1117 1926; x_wconf 88' lang='lat' dir='ltr'><strong>T</strong></span> <span class='ocrx_word' id='word_1_138' title='bbox 1141 1862 1265 1927; x_wconf 79' lang='lat' dir='ltr'>astuti</span> 
     </span>
     <span class='ocr_line' id='line_1_16' title="bbox 56 1966 1262 2053; baseline -0.001 -20"><span class='ocrx_word' id='word_1_139' title='bbox 56 1988 124 2051; x_wconf 89' lang='lat' dir='ltr'>pro</span> <span class='ocrx_word' id='word_1_140' title='bbox 148 1967 192 2032; x_wconf 81' lang='lat' dir='ltr'>ibi</span> <span class='ocrx_word' id='word_1_141' title='bbox 219 1966 465 2049; x_wconf 69' lang='lat' dir='ltr'>(inOx.1ubi</span> <span class='ocrx_word' id='word_1_142' title='bbox 487 1967 573 2050; x_wconf 81' lang='lat' dir='ltr'>uuo).</span> <span class='ocrx_word' id='word_1_143' title='bbox 613 1970 770 2053; x_wconf 85' lang='lat' dir='ltr'>Apparet,</span> <span class='ocrx_word' id='word_1_144' title='bbox 795 1971 828 2035; x_wconf 89' lang='lat' dir='ltr'>in</span> <span class='ocrx_word' id='word_1_145' title='bbox 851 1971 961 2035; x_wconf 80' lang='lat' dir='ltr'>codice</span> <span class='ocrx_word' id='word_1_146' title='bbox 985 1969 1140 2052; x_wconf 85' lang='lat' dir='ltr'>primario</span> <span class='ocrx_word' id='word_1_147' title='bbox 1164 1969 1262 2033; x_wconf 89' lang='lat' dir='ltr'>libra·</span> 
     </span>
     <span class='ocr_line' id='line_1_17' title="bbox 56 2073 1262 2154; baseline 0.001 -16"><span class='ocrx_word' id='word_1_148' title='bbox 56 2073 100 2139; x_wconf 90' lang='lat' dir='ltr'>rii</span> <span class='ocrx_word' id='word_1_149' title='bbox 125 2074 255 2139; x_wconf 88' lang='lat' dir='ltr'>oculum</span> <span class='ocrx_word' id='word_1_150' title='bbox 279 2075 452 2151; x_wconf 82' lang='lat' dir='ltr'>aberrasse</span> <span class='ocrx_word' id='word_1_151' title='bbox 475 2074 508 2139; x_wconf 91' lang='lat' dir='ltr'>in</span> <span class='ocrx_word' id='word_1_152' title='bbox 531 2076 742 2141; x_wconf 89' lang='lat' dir='ltr'>similitudine</span> <span class='ocrx_word' id='word_1_153' title='bbox 765 2077 957 2154; x_wconf 89' lang='lat' dir='ltr'>litterarum,</span> <span class='ocrx_word' id='word_1_154' title='bbox 993 2079 1026 2140; x_wconf 91' lang='lat' dir='ltr'>et</span> <span class='ocrx_word' id='word_1_155' title='bbox 1054 2075 1139 2139; x_wconf 87' lang='lat' dir='ltr'>hane</span> <span class='ocrx_word' id='word_1_156' title='bbox 1162 2074 1262 2140; x_wconf 83' lang='lat' dir='ltr'>fuisse</span> 
     </span>
     <span class='ocr_line' id='line_1_18' title="bbox 56 2180 1262 2265; baseline -0.001 -21"><span class='ocrx_word' id='word_1_157' title='bbox 56 2200 176 2246; x_wconf 79' lang='lat' dir='ltr'>veram</span> <span class='ocrx_word' id='word_1_158' title='bbox 198 2180 355 2247; x_wconf 88' lang='lat' dir='ltr'>orationis</span> <span class='ocrx_word' id='word_1_159' title='bbox 385 2181 542 2246; x_wconf 82' lang='lat' dir='ltr'>formam:</span> <span class='ocrx_word' id='word_1_160' title='bbox 577 2184 679 2265; x_wconf 83' lang='lat' dir='ltr'>liceat,</span> <span class='ocrx_word' id='word_1_161' title='bbox 713 2182 769 2247; x_wconf 82' lang='lat' dir='ltr'>ubi</span> <span class='ocrx_word' id='word_1_162' title='bbox 803 2181 881 2265; x_wconf 80' lang='lat' dir='ltr'>[uon</span> <span class='ocrx_word' id='word_1_163' title='bbox 914 2185 965 2247; x_wconf 83' lang='lat' dir='ltr'>sit</span> <span class='ocrx_word' id='word_1_164' title='bbox 999 2189 1168 2265; x_wconf 72' lang='lat' dir='ltr'>exceptum,</span> <span class='ocrx_word' id='word_1_165' title='bbox 1202 2181 1262 2263; x_wconf 79' lang='lat' dir='ltr'>ibi]</span> 
     </span>
     <span class='ocr_line' id='line_1_19' title="bbox 57 2287 1261 2371; baseline 0 -19"><span class='ocrx_word' id='word_1_166' title='bbox 57 2308 183 2352; x_wconf 74' lang='lat' dir='ltr'>necesse</span> <span class='ocrx_word' id='word_1_167' title='bbox 205 2295 249 2352; x_wconf 75' lang='lat' dir='ltr'>eat</span> <span class='ocrx_word' id='word_1_168' title='bbox 271 2288 375 2352; x_wconf 79' lang='lat' dir='ltr'>licere.</span> <span class='ocrx_word' id='word_1_169' title='bbox 421 2287 584 2371; x_wconf 83' lang='lat' dir='ltr'>(Membra</span> <span class='ocrx_word' id='word_1_170' title='bbox 606 2291 777 2354; x_wconf 76' lang='lat' dir='ltr'>sententiae</span> <span class='ocrx_word' id='word_1_171' title='bbox 806 2290 924 2354; x_wconf 90' lang='lat' dir='ltr'>eodem</span> <span class='ocrx_word' id='word_1_172' title='bbox 952 2288 1065 2353; x_wconf 87' lang='lat' dir='ltr'>ordine</span> <span class='ocrx_word' id='word_1_173' title='bbox 1094 2287 1204 2371; x_wconf 91' lang='lat' dir='ltr'>posuit</span> <span class='ocrx_word' id='word_1_174' title='bbox 1226 2288 1261 2353; x_wconf 86' lang='lat' dir='ltr'>C.</span> 
     </span>
     <span class='ocr_line' id='line_1_20' title="bbox 58 2393 1263 2478; baseline -0.001 -19"><span class='ocrx_word' id='word_1_175' title='bbox 58 2393 249 2476; x_wconf 80' lang='lat' dir='ltr'>Stephanus</span> <span class='ocrx_word' id='word_1_176' title='bbox 273 2393 357 2459; x_wconf 90' lang='lat' dir='ltr'>inter</span> <span class='ocrx_word' id='word_1_177' title='bbox 380 2397 432 2460; x_wconf 91' lang='lat' dir='ltr'>sui</span> <span class='ocrx_word' id='word_1_178' title='bbox 460 2396 579 2460; x_wconf 83' lang='lat' dir='ltr'>codicis</span> <span class='ocrx_word' id='word_1_179' title='bbox 608 2395 810 2478; x_wconf 79' lang='lat' dir='ltr'>scripturas.)</span> <span class='ocrx_word' id='word_1_180' title='bbox 856 2397 892 2459; x_wconf 90' lang='lat' dir='ltr'>ln</span> <span class='ocrx_word' id='word_1_181' title='bbox 915 2395 1087 2478; x_wconf 86' lang='lat' dir='ltr'>proximis:</span> <span class='ocrx_word' id='word_1_182' title='bbox 1127 2393 1202 2458; x_wconf 64' lang='lat' dir='ltr'>Ubi</span> <span class='ocrx_word' id='word_1_183' title='bbox 1219 2402 1263 2458; x_wconf 78' lang='lat' dir='ltr'>est</span> 
     </span>
     <span class='ocr_line' id='line_1_21' title="bbox 58 2501 1261 2586; baseline 0 -21"><span class='ocrx_word' id='word_1_184' title='bbox 58 2502 163 2586; x_wconf 79' lang='lat' dir='ltr'>ipitur</span> <span class='ocrx_word' id='word_1_185' title='bbox 190 2508 347 2585; x_wconf 73' lang='lat' dir='ltr'>exceptum</span> <span class='ocrx_word' id='word_1_186' title='bbox 369 2502 491 2584; x_wconf 74' lang='lat' dir='ltr'>sudare</span> <span class='ocrx_word' id='word_1_187' title='bbox 516 2501 679 2566; x_wconf 78' lang='lat' dir='ltr'>Gaditano</span> <span class='ocrx_word' id='word_1_188' title='bbox 703 2506 764 2566; x_wconf 87' lang='lat' dir='ltr'>cet.</span> <span class='ocrx_word' id='word_1_189' title='bbox 788 2502 927 2567; x_wconf 88' lang='lat' dir='ltr'>verbum</span> <span class='ocrx_word' id='word_1_190' title='bbox 952 2509 1111 2585; x_wconf 66' lang='lat' dir='ltr'>eremium</span> <span class='ocrx_word' id='word_1_191' title='bbox 1135 2502 1261 2567; x_wconf 83' lang='lat' dir='ltr'>coniec-</span> 
     </span>
     <span class='ocr_line' id='line_1_22' title="bbox 58 2608 1261 2693; baseline -0.001 -20"><span class='ocrx_word' id='word_1_192' title='bbox 58 2613 138 2673; x_wconf 84' lang='lat' dir='ltr'>tura</span> <span class='ocrx_word' id='word_1_193' title='bbox 160 2608 308 2673; x_wconf 85' lang='lat' dir='ltr'>additum</span> <span class='ocrx_word' id='word_1_194' title='bbox 333 2628 415 2687; x_wconf 91' lang='lat' dir='ltr'>esse,</span> <span class='ocrx_word' id='word_1_195' title='bbox 438 2628 504 2673; x_wconf 90' lang='lat' dir='ltr'>non</span> <span class='ocrx_word' id='word_1_196' title='bbox 528 2629 545 2673; x_wconf 89' lang='lat' dir='ltr'>e</span> <span class='ocrx_word' id='word_1_197' title='bbox 570 2609 680 2673; x_wconf 79' lang='lat' dir='ltr'>codice</span> <span class='ocrx_word' id='word_1_198' title='bbox 704 2610 882 2693; x_wconf 84' lang='lat' dir='ltr'>archetypo</span> <span class='ocrx_word' id='word_1_199' title='bbox 898 2613 1126 2692; x_wconf 81' lang='lat' dir='ltr'>propagatum,</span> <span class='ocrx_word' id='word_1_200' title='bbox 1151 2612 1261 2673; x_wconf 91' lang='lat' dir='ltr'>osten·</span> 
     </span>
     <span class='ocr_line' id='line_1_23' title="bbox 59 2710 1262 2797; baseline -0.002 -17"><span class='ocrx_word' id='word_1_201' title='bbox 59 2715 111 2780; x_wconf 91' lang='lat' dir='ltr'>dit</span> <span class='ocrx_word' id='word_1_202' title='bbox 144 2734 322 2780; x_wconf 83' lang='lat' dir='ltr'>consensus</span> <span class='ocrx_word' id='word_1_203' title='bbox 357 2715 526 2797; x_wconf 89' lang='lat' dir='ltr'>utriusque</span> <span class='ocrx_word' id='word_1_204' title='bbox 561 2715 709 2781; x_wconf 82' lang='lat' dir='ltr'>codicum</span> <span class='ocrx_word' id='word_1_205' title='bbox 745 2715 876 2781; x_wconf 84' lang='lat' dir='ltr'>familiae</span> <span class='ocrx_word' id='word_1_206' title='bbox 911 2713 977 2796; x_wconf 86' lang='lat' dir='ltr'>(PE</span> <span class='ocrx_word' id='word_1_207' title='bbox 1006 2710 1177 2797; x_wconf 84' lang='lat' dir='ltr'>Guelf.)¹);</span> <span class='ocrx_word' id='word_1_208' title='bbox 1212 2718 1262 2779; x_wconf 89' lang='lat' dir='ltr'>est</span> 
     </span>
     <span class='ocr_line' id='line_1_24' title="bbox 58 2821 1261 2905; baseline -0.001 -19"><span class='ocrx_word' id='word_1_209' title='bbox 58 2825 175 2886; x_wconf 87' lang='lat' dir='ltr'>tamen</span> <span class='ocrx_word' id='word_1_210' title='bbox 196 2840 311 2886; x_wconf 86' lang='lat' dir='ltr'>verum</span> <span class='ocrx_word' id='word_1_211' title='bbox 335 2822 610 2905; x_wconf 87' lang='lat' dir='ltr'>supplementum.</span> <span class='ocrx_word' id='word_1_212' title='bbox 645 2825 798 2888; x_wconf 82' lang='lat' dir='ltr'>Proxima</span> <span class='ocrx_word' id='word_1_213' title='bbox 813 2827 991 2904; x_wconf 88' lang='lat' dir='ltr'>antequam</span> <span class='ocrx_word' id='word_1_214' title='bbox 1007 2821 1141 2904; x_wconf 77' lang='lat' dir='ltr'>attingo,</span> <span class='ocrx_word' id='word_1_215' title='bbox 1161 2822 1261 2886; x_wconf 89' lang='lat' dir='ltr'>totius</span> 
     </span>
     <span class='ocr_line' id='line_1_25' title="bbox 59 2926 1262 3012; baseline -0.002 -19"><span class='ocrx_word' id='word_1_216' title='bbox 59 2926 283 2994; x_wconf 85' lang='lat' dir='ltr'>Ciceromanae</span> <span class='ocrx_word' id='word_1_217' title='bbox 317 2928 546 3010; x_wconf 88' lang='lat' dir='ltr'>disputationis</span> <span class='ocrx_word' id='word_1_218' title='bbox 587 2949 700 2995; x_wconf 81' lang='lat' dir='ltr'>aursus</span> <span class='ocrx_word' id='word_1_219' title='bbox 740 2927 1014 3012; x_wconf 74' lang='lat' dir='ltr'>considerandus¹</span> <span class='ocrx_word' id='word_1_220' title='bbox 1035 2932 1094 2992; x_wconf 89' lang='lat' dir='ltr'>est.</span> <span class='ocrx_word' id='word_1_221' title='bbox 1156 2928 1262 3010; x_wconf 81' lang='lat' dir='ltr'>Negat</span> 
     </span>
     <span class='ocr_line' id='line_1_26' title="bbox 59 3034 1260 3119; baseline -0.003 -18"><span class='ocrx_word' id='word_1_222' title='bbox 59 3036 203 3119; x_wconf 86' lang='lat' dir='ltr'>primum</span> <span class='ocrx_word' id='word_1_223' title='bbox 228 3036 349 3112; x_wconf 90' lang='lat' dir='ltr'>Cicero,</span> <span class='ocrx_word' id='word_1_224' title='bbox 385 3035 418 3100; x_wconf 91' lang='lat' dir='ltr'>in</span> <span class='ocrx_word' id='word_1_225' title='bbox 450 3034 573 3101; x_wconf 85' lang='lat' dir='ltr'>ioedere</span> <span class='ocrx_word' id='word_1_226' title='bbox 606 3036 768 3102; x_wconf 89' lang='lat' dir='ltr'>Gaditano</span> <span class='ocrx_word' id='word_1_227' title='bbox 799 3036 974 3118; x_wconf 88' lang='lat' dir='ltr'>quicquam</span> <span class='ocrx_word' id='word_1_228' title='bbox 997 3034 1154 3115; x_wconf 87' lang='lat' dir='ltr'>scriptum</span> <span class='ocrx_word' id='word_1_229' title='bbox 1179 3053 1260 3111; x_wconf 89' lang='lat' dir='ltr'>esse,</span> 
     </span>
     <span class='ocr_line' id='line_1_27' title="bbox 59 3140 1260 3227; baseline -0.003 -20"><span class='ocrx_word' id='word_1_230' title='bbox 59 3163 127 3227; x_wconf 90' lang='lat' dir='ltr'>quo</span> <span class='ocrx_word' id='word_1_231' title='bbox 149 3144 386 3227; x_wconf 87' lang='lat' dir='ltr'>prohibeantur</span> <span class='ocrx_word' id='word_1_232' title='bbox 413 3142 556 3207; x_wconf 85' lang='lat' dir='ltr'>Romani</span> <span class='ocrx_word' id='word_1_233' title='bbox 579 3142 758 3208; x_wconf 87' lang='lat' dir='ltr'>Gaditanos</span> <span class='ocrx_word' id='word_1_234' title='bbox 793 3144 827 3207; x_wconf 91' lang='lat' dir='ltr'>in</span> <span class='ocrx_word' id='word_1_235' title='bbox 860 3161 956 3207; x_wconf 89' lang='lat' dir='ltr'>suam</span> <span class='ocrx_word' id='word_1_236' title='bbox 986 3140 1150 3205; x_wconf 84' lang='lat' dir='ltr'>civitatem</span> <span class='ocrx_word' id='word_1_237' title='bbox 1179 3140 1260 3204; x_wconf 87' lang='lat' dir='ltr'>reci·</span> 
     </span>
     <span class='ocr_line' id='line_1_28' title="bbox 59 3247 1301 3332; baseline -0.002 -18"><span class='ocrx_word' id='word_1_238' title='bbox 59 3269 149 3332; x_wconf 86' lang='lat' dir='ltr'>pere.</span> <span class='ocrx_word' id='word_1_239' title='bbox 196 3249 232 3313; x_wconf 91' lang='lat' dir='ltr'>ld</span> <span class='ocrx_word' id='word_1_240' title='bbox 255 3249 308 3313; x_wconf 86' lang='lat' dir='ltr'>hic</span> <span class='ocrx_word' id='word_1_241' title='bbox 331 3249 474 3313; x_wconf 88' lang='lat' dir='ltr'>breviter</span> <span class='ocrx_word' id='word_1_242' title='bbox 496 3249 640 3331; x_wconf 90' lang='lat' dir='ltr'>positum</span> <span class='ocrx_word' id='word_1_243' title='bbox 663 3249 762 3332; x_wconf 88' lang='lat' dir='ltr'>paulo</span> <span class='ocrx_word' id='word_1_244' title='bbox 790 3252 864 3332; x_wconf 92' lang='lat' dir='ltr'>post</span> <span class='ocrx_word' id='word_1_245' title='bbox 891 3249 1010 3330; x_wconf 89' lang='lat' dir='ltr'>repetit</span> <span class='ocrx_word' id='word_1_246' title='bbox 1033 3250 1067 3311; x_wconf 87' lang='lat' dir='ltr'>et</span> <span class='ocrx_word' id='word_1_247' title='bbox 1090 3247 1261 3312; x_wconf 88' lang='lat' dir='ltr'>confirmat</span> <span class='ocrx_word' id='word_1_248' title='bbox 1275 3271 1301 3312; x_wconf 80' lang='lat' dir='ltr'>u</span> 
     </span>
     <span class='ocr_line' id='line_1_29' title="bbox 60 3354 1261 3438; baseline -0.002 -16"><span class='ocrx_word' id='word_1_249' title='bbox 60 3375 88 3422; x_wconf 89' lang='lat' dir='ltr'>c.</span> <span class='ocrx_word' id='word_1_250' title='bbox 115 3357 167 3421; x_wconf 89' lang='lat'>16.</span> <span class='ocrx_word' id='word_1_251' title='bbox 213 3355 347 3434; x_wconf 90' lang='lat' dir='ltr'>Deinde,</span> <span class='ocrx_word' id='word_1_252' title='bbox 376 3357 404 3421; x_wconf 91' lang='lat' dir='ltr'>si</span> <span class='ocrx_word' id='word_1_253' title='bbox 427 3359 514 3421; x_wconf 88' lang='lat' dir='ltr'>esset</span> <span class='ocrx_word' id='word_1_254' title='bbox 536 3355 570 3419; x_wconf 91' lang='lat' dir='ltr'>id</span> <span class='ocrx_word' id='word_1_255' title='bbox 592 3355 626 3419; x_wconf 91' lang='lat' dir='ltr'>in</span> <span class='ocrx_word' id='word_1_256' title='bbox 650 3355 773 3420; x_wconf 82' lang='lat' dir='ltr'>loedere</span> <span class='ocrx_word' id='word_1_257' title='bbox 797 3355 964 3438; x_wconf 87' lang='lat' dir='ltr'>scriptum,</span> <span class='ocrx_word' id='word_1_258' title='bbox 996 3354 1164 3419; x_wconf 88' lang='lat' dir='ltr'>sublatum</span> <span class='ocrx_word' id='word_1_259' title='bbox 1189 3373 1261 3419; x_wconf 88' lang='lat' dir='ltr'>esse</span> 
     </span>
     <span class='ocr_line' id='line_1_30' title="bbox 59 3459 1260 3545; baseline -0.002 -18"><span class='ocrx_word' id='word_1_260' title='bbox 59 3463 107 3527; x_wconf 88' lang='lat' dir='ltr'>ait</span> <span class='ocrx_word' id='word_1_261' title='bbox 129 3462 200 3545; x_wconf 82' lang='lat' dir='ltr'>lege</span> <span class='ocrx_word' id='word_1_262' title='bbox 224 3462 328 3528; x_wconf 87' lang='lat' dir='ltr'>Gellia</span> <span class='ocrx_word' id='word_1_263' title='bbox 351 3463 510 3528; x_wconf 85' lang='lat' dir='ltr'>Cornelia.</span> <span class='ocrx_word' id='word_1_264' title='bbox 546 3461 665 3527; x_wconf 83' lang='lat' dir='ltr'>Obiicit</span> <span class='ocrx_word' id='word_1_265' title='bbox 687 3466 869 3541; x_wconf 84' lang='lat' dir='ltr'>accusator,</span> <span class='ocrx_word' id='word_1_266' title='bbox 893 3461 998 3543; x_wconf 75' lang='lat' dir='ltr'>legem</span> <span class='ocrx_word' id='word_1_267' title='bbox 1023 3459 1160 3525; x_wconf 87' lang='lat' dir='ltr'>Gelliam</span> <span class='ocrx_word' id='word_1_268' title='bbox 1184 3460 1260 3525; x_wconf 88' lang='lat' dir='ltr'>Cor·</span> 
     </span>
     <span class='ocr_line' id='line_1_31' title="bbox 59 3566 1261 3651; baseline -0.004 -17"><span class='ocrx_word' id='word_1_269' title='bbox 59 3569 181 3634; x_wconf 89' lang='lat' dir='ltr'>neliam</span> <span class='ocrx_word' id='word_1_270' title='bbox 204 3568 320 3635; x_wconf 86' lang='lat' dir='ltr'>ioederi</span> <span class='ocrx_word' id='word_1_271' title='bbox 342 3590 408 3634; x_wconf 90' lang='lat' dir='ltr'>non</span> <span class='ocrx_word' id='word_1_272' title='bbox 431 3570 599 3651; x_wconf 87' lang='lat' dir='ltr'>derogare,</span> <span class='ocrx_word' id='word_1_273' title='bbox 623 3588 724 3651; x_wconf 89' lang='lat' dir='ltr'>quum</span> <span class='ocrx_word' id='word_1_274' title='bbox 748 3568 781 3633; x_wconf 91' lang='lat' dir='ltr'>in</span> <span class='ocrx_word' id='word_1_275' title='bbox 805 3587 846 3633; x_wconf 83' lang='lat' dir='ltr'>ea</span> <span class='ocrx_word' id='word_1_276' title='bbox 869 3570 1042 3649; x_wconf 85' lang='lat' dir='ltr'>exceptum</span> <span class='ocrx_word' id='word_1_277' title='bbox 1061 3567 1112 3643; x_wconf 92' lang='lat' dir='ltr'>sit,</span> <span class='ocrx_word' id='word_1_278' title='bbox 1137 3567 1165 3631; x_wconf 91' lang='lat' dir='ltr'>si</span> <span class='ocrx_word' id='word_1_279' title='bbox 1182 3566 1261 3648; x_wconf 88' lang='lat' dir='ltr'>qmd</span> 
     </span>
     <span class='ocr_line' id='line_1_32' title="bbox 58 3672 1259 3756; baseline -0.005 -15"><span class='ocrx_word' id='word_1_280' title='bbox 58 3683 306 3741; x_wconf 82' lang='lat' dir='ltr'>sacrosanctum</span> <span class='ocrx_word' id='word_1_281' title='bbox 342 3676 393 3756; x_wconf 90' lang='lat' dir='ltr'>sit,</span> <span class='ocrx_word' id='word_1_282' title='bbox 429 3679 674 3741; x_wconf 79' lang='lat' dir='ltr'>sacrosanctum</span> <span class='ocrx_word' id='word_1_283' title='bbox 708 3679 820 3740; x_wconf 87' lang='lat' dir='ltr'>autem</span> <span class='ocrx_word' id='word_1_284' title='bbox 848 3676 891 3740; x_wconf 94' lang='lat' dir='ltr'>sit</span> <span class='ocrx_word' id='word_1_285' title='bbox 919 3673 1026 3738; x_wconf 87' lang='lat' dir='ltr'>ioedus</span> <span class='ocrx_word' id='word_1_286' title='bbox 1050 3672 1259 3737; x_wconf 86' lang='lat' dir='ltr'>Gaditanum.</span> 
     </span>
     <span class='ocr_line' id='line_1_33' title="bbox 59 3778 1260 3868; baseline -0.003 -21"><span class='ocrx_word' id='word_1_287' title='bbox 59 3782 258 3868; x_wconf 72' lang='lat' dir='ltr'>(Exceptum,</span> <span class='ocrx_word' id='word_1_288' title='bbox 290 3783 401 3868; x_wconf 80' lang='lat' dir='ltr'>iuquit,</span> <span class='ocrx_word' id='word_1_289' title='bbox 438 3789 481 3845; x_wconf 75' lang='lat' dir='ltr'>est</span> <span class='ocrx_word' id='word_1_290' title='bbox 512 3781 623 3847; x_wconf 83' lang='lat' dir='ltr'><strong>PABE</strong></span> <span class='ocrx_word' id='word_1_291' title='bbox 645 3802 705 3865; x_wconf 90' lang='lat' dir='ltr'>pro</span> <span class='ocrx_word' id='word_1_292' title='bbox 730 3790 783 3865; x_wconf 82' lang='lat' dir='ltr'>est,</span> <span class='ocrx_word' id='word_1_293' title='bbox 818 3778 944 3867; x_wconf 78' lang='lat' dir='ltr'>inquit.)</span> <span class='ocrx_word' id='word_1_294' title='bbox 990 3779 1062 3846; x_wconf 88' lang='lat' dir='ltr'>Hoc</span> <span class='ocrx_word' id='word_1_295' title='bbox 1085 3782 1184 3862; x_wconf 83' lang='lat' dir='ltr'>negat</span> <span class='ocrx_word' id='word_1_296' title='bbox 1207 3779 1260 3844; x_wconf 89' lang='lat' dir='ltr'>Ci-</span> 
     </span>
     <span class='ocr_line' id='line_1_34' title="bbox 60 3887 1260 3973; baseline -0.004 -19"><span class='ocrx_word' id='word_1_297' title='bbox 60 3909 145 3969; x_wconf 86' lang='lat' dir='ltr'>cero,</span> <span class='ocrx_word' id='word_1_298' title='bbox 180 3890 261 3955; x_wconf 91' lang='lat' dir='ltr'>illud</span> <span class='ocrx_word' id='word_1_299' title='bbox 288 3896 402 3973; x_wconf 88' lang='lat' dir='ltr'>aperte</span> <span class='ocrx_word' id='word_1_300' title='bbox 432 3887 619 3964; x_wconf 79' lang='lat' dir='ltr'>confitetur3</span> <span class='ocrx_word' id='word_1_301' title='bbox 653 3889 726 3970; x_wconf 84' lang='lat' dir='ltr'>ipsa</span> <span class='ocrx_word' id='word_1_302' title='bbox 750 3888 837 3952; x_wconf 91' lang='lat' dir='ltr'>enim</span> <span class='ocrx_word' id='word_1_303' title='bbox 862 3888 940 3970; x_wconf 78' lang='lat' dir='ltr'>legis</span> <span class='ocrx_word' id='word_1_304' title='bbox 964 3887 1067 3951; x_wconf 80' lang='lat' dir='ltr'>verba</span> <span class='ocrx_word' id='word_1_305' title='bbox 1089 3887 1197 3969; x_wconf 89' lang='lat' dir='ltr'>ponit:</span> <span class='ocrx_word' id='word_1_306' title='bbox 1231 3887 1260 3950; x_wconf 79' lang='lat' dir='ltr'>si</span> 
     </span>
     <span class='ocr_line' id='line_1_35' title="bbox 59 3992 1260 4082; baseline -0.006 -20"><span class='ocrx_word' id='word_1_307' title='bbox 59 3996 138 4082; x_wconf 74' lang='lat' dir='ltr'>qaut</span> <span class='ocrx_word' id='word_1_308' title='bbox 160 4003 396 4061; x_wconf 68' lang='lat' dir='ltr'>sacrosanctum</span> <span class='ocrx_word' id='word_1_309' title='bbox 419 4002 463 4058; x_wconf 79' lang='lat' dir='ltr'>est</span> <span class='ocrx_word' id='word_1_310' title='bbox 491 3993 551 4077; x_wconf 86' lang='lat' dir='ltr'>(sic</span> <span class='ocrx_word' id='word_1_311' title='bbox 581 3999 670 4060; x_wconf 83' lang='lat' dir='ltr'>recte</span> <span class='ocrx_word' id='word_1_312' title='bbox 700 3995 804 4060; x_wconf 84' lang='lat' dir='ltr'>Aldus</span> <span class='ocrx_word' id='word_1_313' title='bbox 836 4014 896 4078; x_wconf 89' lang='lat' dir='ltr'>pro</span> <span class='ocrx_word' id='word_1_314' title='bbox 928 3992 1026 4075; x_wconf 77' lang='lat' dir='ltr'>esset),</span> <span class='ocrx_word' id='word_1_315' title='bbox 1063 4011 1260 4073; x_wconf 88' lang='lat' dir='ltr'>omnemque</span> 
     </span>
     <span class='ocr_line' id='line_1_36' title="bbox 58 4098 1259 4187; baseline -0.004 -20"><span class='ocrx_word' id='word_1_316' title='bbox 58 4106 126 4170; x_wconf 88' lang='lat' dir='ltr'>vim</span> <span class='ocrx_word' id='word_1_317' title='bbox 149 4102 441 4187; x_wconf 75' lang='lat' dir='ltr'>argumentatioms</span> <span class='ocrx_word' id='word_1_318' title='bbox 465 4121 504 4166; x_wconf 91' lang='lat' dir='ltr'>eo</span> <span class='ocrx_word' id='word_1_319' title='bbox 528 4101 716 4180; x_wconf 85' lang='lat' dir='ltr'>convertit,&#39;</span> <span class='ocrx_word' id='word_1_320' title='bbox 733 4105 769 4166; x_wconf 90' lang='lat' dir='ltr'>ut</span> <span class='ocrx_word' id='word_1_321' title='bbox 796 4101 830 4166; x_wconf 90' lang='lat' dir='ltr'>id</span> <span class='ocrx_word' id='word_1_322' title='bbox 860 4100 893 4165; x_wconf 91' lang='lat' dir='ltr'>in</span> <span class='ocrx_word' id='word_1_323' title='bbox 924 4100 1031 4164; x_wconf 85' lang='lat' dir='ltr'>ioedus</span> <span class='ocrx_word' id='word_1_324' title='bbox 1062 4098 1259 4163; x_wconf 85' lang='lat' dir='ltr'>Gaditanum</span> 
     </span>
     <span class='ocr_line' id='line_1_37' title="bbox 58 4206 1259 4291; baseline -0.005 -16"><span class='ocrx_word' id='word_1_325' title='bbox 58 4230 126 4276; x_wconf 91' lang='lat' dir='ltr'>non</span> <span class='ocrx_word' id='word_1_326' title='bbox 150 4210 266 4275; x_wconf 84' lang='lat' dir='ltr'>cadere</span> <span class='ocrx_word' id='word_1_327' title='bbox 282 4209 424 4285; x_wconf 84' lang='lat' dir='ltr'>·doeeat;</span> <span class='ocrx_word' id='word_1_328' title='bbox 447 4227 524 4272; x_wconf 88' lang='lat' dir='ltr'>nam</span> <span class='ocrx_word' id='word_1_329' title='bbox 550 4212 583 4272; x_wconf 90' lang='lat' dir='ltr'>et</span> <span class='ocrx_word' id='word_1_330' title='bbox 604 4227 701 4291; x_wconf 89' lang='lat' dir='ltr'>posse</span> <span class='ocrx_word' id='word_1_331' title='bbox 726 4208 766 4272; x_wconf 88' lang='lat' dir='ltr'>de</span> <span class='ocrx_word' id='word_1_332' title='bbox 783 4208 907 4273; x_wconf 87' lang='lat' dir='ltr'>ioedere</span> <span class='ocrx_word' id='word_1_333' title='bbox 923 4206 967 4272; x_wconf 88' lang='lat' dir='ltr'>ad</span> <span class='ocrx_word' id='word_1_334' title='bbox 982 4206 1139 4289; x_wconf 91' lang='lat' dir='ltr'>populum</span> <span class='ocrx_word' id='word_1_335' title='bbox 1156 4206 1259 4270; x_wconf 86' lang='lat' dir='ltr'>latum</span> 
     </span>
     <span class='ocr_line' id='line_1_38' title="bbox 59 4311 1260 4393; baseline -0.005 -11"><span class='ocrx_word' id='word_1_336' title='bbox 59 4337 132 4382; x_wconf 85' lang='lat' dir='ltr'>esse</span> <span class='ocrx_word' id='word_1_337' title='bbox 161 4320 194 4382; x_wconf 88' lang='lat' dir='ltr'>et</span> <span class='ocrx_word' id='word_1_338' title='bbox 221 4321 334 4382; x_wconf 88' lang='lat' dir='ltr'>tamen</span> <span class='ocrx_word' id='word_1_339' title='bbox 368 4316 401 4380; x_wconf 92' lang='lat' dir='ltr'>id</span> <span class='ocrx_word' id='word_1_340' title='bbox 434 4334 501 4380; x_wconf 91' lang='lat' dir='ltr'>non</span> <span class='ocrx_word' id='word_1_341' title='bbox 536 4334 608 4379; x_wconf 88' lang='lat' dir='ltr'>esse</span> <span class='ocrx_word' id='word_1_342' title='bbox 641 4318 898 4393; x_wconf 79' lang='lat' dir='ltr'>sacrosanctum,</span> <span class='ocrx_word' id='word_1_343' title='bbox 934 4313 961 4378; x_wconf 94' lang='lat' dir='ltr'>si</span> <span class='ocrx_word' id='word_1_344' title='bbox 996 4316 1085 4377; x_wconf 87' lang='lat' dir='ltr'>certa</span> <span class='ocrx_word' id='word_1_345' title='bbox 1120 4311 1260 4377; x_wconf 82' lang='lat' dir='ltr'>formula</span> 
     </span>
    </p>
   </div>
   <div class='ocr_carea' id='block_1_4' title="bbox 87 4543 737 4615">
    <p class='ocr_par' dir='ltr' id='par_1_4' title="bbox 87 4543 737 4615">
     <span class='ocr_line' id='line_1_39' title="bbox 87 4543 737 4615; baseline -0.011 -12"><span class='ocrx_word' id='word_1_346' title='bbox 87 4544 110 4615; x_wconf 89' lang='lat'>¹)</span> <span class='ocrx_word' id='word_1_347' title='bbox 129 4544 253 4614; x_wconf 79' lang='lat' dir='ltr'>[Accedit</span> <span class='ocrx_word' id='word_1_348' title='bbox 271 4563 345 4601; x_wconf 86' lang='lat' dir='ltr'>nunc</span> <span class='ocrx_word' id='word_1_349' title='bbox 362 4546 444 4601; x_wconf 87' lang='lat' dir='ltr'>Bern.</span> <span class='ocrx_word' id='word_1_350' title='bbox 463 4545 609 4614; x_wconf 83' lang='lat' dir='ltr'>antiquior.</span> <span class='ocrx_word' id='word_1_351' title='bbox 647 4543 737 4613; x_wconf 70' lang='lat'>1842]</span> 
     </span>
    </p>
   </div>
   <div class='ocr_carea' id='block_1_5' title="bbox 0 0 1487 5190">
    <p class='ocr_par' dir='ltr' id='par_1_5' title="bbox 0 0 1487 5190">
     <span class='ocr_line' id='line_1_40' title="bbox 0 0 1487 5190; baseline 0 0"><span class='ocrx_word' id='word_1_352' title='bbox 0 0 1487 5190; x_wconf 95' lang='lat' dir='ltr'> </span> 
     </span>
    </p>
   </div>
  </div>
 </body>
</html>
