2956 5190
649 274 716 338 344

75 471 119 539 ,et
141 467 293 532 aliorum:
327 469 411 532 tueri
435 467 533 549 facile
560 469 754 534 maiestatem
781 489 873 532 mmm
900 475 929 533 et
955 441 1141 554 diqnitatem
1160 489 1246 547 m,

13 606 19 618 ·
86 574 262 640 videndum
292 577 357 653 est,
392 593 434 639 ne
461 574 670 639 scribendum
699 577 755 641 sit:
790 576 873 648 ¹tun-i
897 574 998 658 facete
1024 594 1098 639 cum
1123 576 1252 643 natum

85 702 145 745 suu
167 680 353 766 diquitulem
376 675 528 762 eorum)
574 680 698 745 Deinde
720 682 755 746 in
776 681 885 747 verbis
906 682 963 745 illo
985 700 1044 747 etto
1068 683 1197 747 aaut·
1212 684 1254 749 de

85 787 218 852 lendum
236 790 286 854 est
302 807 368 864 suo,
392 787 549 852 omissum
573 787 606 851 in
622 784 740 871 [Par.,]
760 787 890 867 Bernn,
914 787 998 853 Oxx.
1018 788 1151 854 duobus
1165 788 1257 872 (ilat

85 893 188 959 Paulo
210 896 285 976 post
308 893 415 958 editur
436 892 480 957 ab
508 893 676 959 omnibus:
709 894 830 958 lomim
857 929 899 940 -
930 895 1069 959 samium
1096 916 1261 961 mmm

87 988 225 1064 Martem
253 998 384 1084 bellique
413 1019 520 1063 aarum
543 1001 706 1077 metuerui3
740 1001 799 1065 sed
826 1001 861 1065 in
888 1001 963 1066 Par.
992 1004 1061 1067 est:
1096 1021 1261 1067 mum

87 1105 225 1169 Martem
248 1104 321 1169 belli
342 1126 508 1191 casumque
530 1108 687 1183 metuenti,
719 1107 808 1189 quod
830 1111 864 1172 et
885 1107 1105 1183 Bernensium
1128 1110 1264 1192 scriptur

87 1213 258 1277 confirmat
296 1210 556 1296 (bdlieosumque)
598 1216 696 1296 atque
730 1213 857 1279 Oxonn.
892 1214 1034 1279 duorum
1070 1212 1120 1297 (χ,
1147 1232 1169 1285 ψ
1198 1214 1264 1280 belli·

86 1315 203 1400 cusum)
227 1322 259 1383 et
282 1338 361 1384 usus
385 1319 547 1400 loquendi.
594 1320 706 1401 Neque
735 1321 821 1384 enim
844 1322 1018 1385 commuuio
1041 1320 1140 1386 Mars
1160 1321 1264 1399 dicitu,

87 1425 146 1490 sed
168 1444 299 1508 semper
320 1427 492 1490 corumuuis
514 1425 608 1491 Mars
631 1426 711 1504 belli,
734 1446 841 1508 neque
858 1428 925 1493 Liv.
942 1428 979 1506 V,
1007 1428 1050 1491 12
1072 1427 1173 1493 dixit:
1194 1426 1267 1491 Mra

33 1552 73 1591 44⁴
87 1540 148 1596 tem
170 1552 360 1597 communem
382 1531 513 1618 bellique
527 1532 692 1616 fortunam
713 1555 871 1611 camare,
896 1533 970 1598 sed:
994 1533 1139 1598 Martem
1154 1555 1267 1599 comare

87 1660 158 1704 nem
192 1639 264 1703 belli
296 1638 535 1726 fortunamque
569 1640 633 1704 vid.
664 1640 781 1705 Schell.
811 1640 902 1705 lexic.
931 1641 990 1706 ool.
1020 1641 1122 1705 6073.
1168 1640 1267 1705 Statim

87 1751 162 1832 post
195 1749 229 1812 in
262 1748 479 1830 suspicionem
508 1746 703 1812 adducenda
730 1767 796 1811 non
820 1750 870 1811 est
892 1746 1169 1812 consentientium
1191 1746 1268 1812 codd

87 1853 279 1947 parisiensis
313 1858 346 1919 et
377 1854 590 1920 Bernensium
624 1855 800 1936 scriptura:
836 1852 981 1938 Lonqum
1015 1860 1061 1918 est
1095 1874 1136 1917 eu
1169 1852 1270 1927 diurn

87 1981 277 2045 pronomen,
309 1961 398 2044 quod
420 1960 681 2026 commodissime
704 1960 747 2024 ad
770 1962 917 2042 proxime
940 1960 1164 2042 praecedentia
1186 1960 1271 2025 reter-

87 2073 150 2148 tur,
176 2069 270 2134 facile
292 2068 326 2132 in
350 2068 453 2133 altera
475 2067 598 2132 familia
619 2071 695 2150 post
718 2074 762 2131 eu
784 2066 933 2132 excidere
955 2061 1109 2148 potuit.²)

177 2175 243 2241 Sed
277 2174 364 2258 quod
402 2174 502 2256 paulo
540 2176 615 2256 post
649 2174 782 2256 legitur:
821 2181 913 2259 utque
952 2174 1092 2237 cumam
1132 2174 1275 2257 inteqran

88 2272 199 2347 nactus
227 2280 334 2346 Ilulioe
360 2281 455 2346 colica
482 2288 511 2344 et
532 2288 699 2364 pastorum
733 2280 859 2344 duduc
887 2279 1037 2364 proeduri
1071 2281 1220 2363 coepisset,
1249 2278 1275 2342 id

89 2409 195 2472 neque
218 2389 318 2454 ullam
342 2389 474 2453 omnino
494 2387 558 2451 nisi
580 2386 646 2451 ficti
665 2386 784 2451 codicis
800 2386 909 2452 Ursini
926 2386 1160 2452 auctoritatem
1177 2384 1276 2457 habet

90 2498 181 2561 cuius
215 2480 511 2578 interpolationem
532 2494 714 2576 Naugerius
747 2493 880 2576 recepit,
916 2514 1017 2575 quum
1051 2495 1087 2558 in
1122 2492 1277 2558 codicibus

90 2601 241 2668 omnibus
264 2601 425 2666 scribatur
446 2601 611 2684 proecluru
640 2602 768 2684 cepisset
795 2602 873 2677 sive,
909 2604 946 2664 ut
975 2601 1008 2664 in
1040 2599 1138 2664 Bern.
1171 2599 1278 2681 priore,

75 2698 237 2793 ‘coepisset
269 2727 375 2789 neque
399 2706 593 2771 sententiam
618 2707 831 2772 tolerabilem.
868 2707 953 2771 Nam
977 2711 1009 2771 et
1032 2706 1157 2788 proedae
1182 2706 1281 2786 inepte

48 2850 52 2857 ·
90 2817 213 2880 mentio
235 2814 282 2892 fit,
317 2834 416 2897 quam
445 2815 472 2879 si
501 2813 639 2879 Catilina
666 2816 857 2896 sequeretur
885 2833 923 2878 ac
952 2832 1017 2878 non
1040 2813 1130 2877 invia
1153 2816 1283 2894 tutaque

90 2922 171 2999 loca,
207 2940 272 2986 non
295 2921 391 2986 valde
419 2923 645 2985 extraheretur
673 2921 806 2996 bellum,
842 2924 875 2984 et
903 2940 944 2984 ea
972 2920 1043 2984 aliis
1066 2939 1109 2983 ex
1133 2919 1215 2983 locis
1236 2937 1285 3000 pe

90 3028 191 3092 tenda
214 3032 310 3105 esset,
334 3047 399 3093 non
423 3048 463 3091 er
481 3027 616 3092 callibus
635 3030 668 3091 et
685 3027 838 3103 stabulis;
862 3031 950 3091 recte
967 3046 1096 3108 quoque
1115 3025 1286 3090 Muellerus

86 3134 236 3219 proedmi
258 3136 359 3198 locum
382 3134 590 3199 Ciceroniana
615 3135 677 3199 dici
700 3136 846 3216 negavit3
880 3153 921 3196 ne
950 3133 1058 3197 Livius
1086 3132 1224 3215 quidem
1247 3132 1289 3195 sic

71 3242 235 3315 ,dixisset
281 3242 365 3306 Nam
383 3241 534 3324 proeduri
556 3241 667 3322 quum'
681 3241 770 3323 apud
794 3248 919 3304 veteres
943 3240 1092 3304 absolute
1117 3239 1289 3314 diceretur,

91 3349 180 3430 apud
203 3352 318 3430 poetas
340 3349 483 3430 primum
512 3348 679 3430 Augusteo
707 3350 854 3428 ternpore
882 3367 956 3410 cum
986 3346 1175 3410 accusativo
1204 3346 1291 3426 iungi

92 3459 235 3537 coeptum
260 3458 319 3532 est,
344 3455 432 3537 quod
456 3454 583 3532 deinde,
608 3456 644 3517 ut
667 3455 770 3518 multa
794 3454 867 3531 alia,
892 3454 935 3517 ad
958 3472 1090 3535 prosam
1106 3452 1290 3516 orationem

93 3562 198 3627 Taciti
222 3562 431 3642 Suetoniique
460 3565 558 3626 aetate
586 3565 644 3625 aut
675 3562 814 3625 tortasse
848 3559 946 3641 paulo
982 3563 1059 3623 ante
1094 3558 1291 3623 translatum

93 3672 152 3733 est.
198 3669 246 3732 Ac
271 3669 417 3733 codicum
442 3669 636 3749 scripturam
660 3668 804 3731 refutare
827 3665 906 3731 nihil
928 3667 1053 3739 attinet,
1078 3684 1153 3746 quae
1177 3665 1207 3729 si
1232 3666 1293 3729 La·

93 3777 161 3839 tina
185 3779 271 3839 esset
294 3775 402 3857 (calles
428 3774 532 3838 ltalia>
555 3773 689 3858 cupere),
714 3757 780 3838 non
804 3774 908 3837 solum
932 3772 1176 3854 frigidissimam
1192 3773 1294 3836 habe

92 3885 143 3946 ret
165 3881 312 3958 ironiam,
337 3880 396 3946 sed
419 3881 715 3962 perversissimam
739 3899 845 3962 neque
869 3881 954 3952 enim
980 3879 1108 3943 elevare
1127 3878 1294 3944 irridendo

121 4179 144 4247 ¹)
162 4179 207 4253 [Et
226 4182 260 4237 de
277 4181 339 4237 Par.
358 4188 385 4236 et
403 4184 438 4236 de
455 4181 556 4236 Bernn.
575 4197 660 4251 prave
679 4181 810 4235 traditum
829 4178 908 4246 erat]

123 4267 144 4337 ²)
163 4271 257 4326 Obiter
274 4271 465 4327 annotandum
484 4277 534 4335 est,
559 4271 632 4339 quod
651 4271 683 4324 Α.
703 4269 789 4324 ilaius
809 4269 900 4333 tradit,
925 4269 953 4322 in
971 4266 1081 4322 scholiis
1099 4267 1241 4322 Vaticanis
1259 4267 1294 4320 ad

165 4362 238 4415 hunc
257 4362 349 4416 locum
367 4376 416 4430 pro
435 4361 545 4413 adiutor
564 4363 588 4412 ei
605 4359 658 4428 legi
680 4376 784 4427 semper
806 4363 838 4423 ei,
867 4359 940 4426 quod
965 4356 1098 4426 repetitur
1121 4355 1149 4409 in
1173 4355 1295 4410 editione

165 4449 247 4504 Orell.
266 4449 432 4504 scholiorum
450 4446 487 4517 (p.
506 4445 578 4513 294),
602 4448 677 4501 illam
701 4447 854 4502 scholiastae
873 4448 1079 4501 annotationem
1099 4450 1194 4514 aperte
1214 4443 1294 4514 perti·

164 4554 230 4593 nere
248 4539 284 4592 ad
302 4555 404 4594 nornen
422 4539 459 4592 ll.
480 4539 589 4603 Petreii,
607 4536 690 4606 idque
709 4537 737 4591 in
756 4537 802 4592 illo
821 4540 950 4606 amparet
967 4537 1060 4590 latera
