2956 5190
624 306 689 374 689

55 501 247 585 ioediiragos
269 521 335 567 non
358 505 427 567 turn
448 506 561 568 oontm
579 502 748 568 Romanos
766 501 887 567 bellum
904 503 985 568 illud
1000 505 1138 586 gessisse
1155 525 1253 588 quum

56 613 171 675 contra
195 609 274 674 deos
297 608 459 673 foederum
478 609 615 686 ultores3
639 609 749 692 itaque
766 609 974 675 scribendum
993 610 1135 676 videtur:
1167 610 1254 676 Vice-

55 723 135 780 runt
157 734 229 800 erpo
252 714 301 778 dii
322 714 472 797 honines,
497 723 524 780 ot
547 719 608 780 cet.

147 822 217 886 Lib.
241 822 339 900 XXII,
371 823 424 888 38.
479 821 565 887 Nam
596 822 641 887 ad
672 843 741 887 corn
771 823 854 886 diem
884 821 967 886 nituit
991 830 1112 907 prator
1143 845 1255 889 sacra

56 935 196 993 maritum
216 927 336 1012 fuerat,
361 937 398 1012 ot,
422 929 477 994 ubi
499 929 544 994 ad
566 929 764 994 decuriatum
788 937 845 994 out
866 931 1077 994 centuriatum
1099 932 1255 996 convertis·

55 1042 134 1114 urst,
168 1055 229 1100 ouo
262 1037 419 1101 uoluntate
452 1037 516 1121 ipsi
549 1038 632 1101 inter
665 1057 697 1101 so
730 1037 846 1121 equites
879 1035 1053 1118 decuriati,
1087 1038 1256 1101 centuriati

48 1140 176 1227 peditus
198 1141 416 1226 coniurabant,
451 1163 515 1207 scre
542 1144 631 1229 fupoe
662 1150 754 1229 atquc
781 1142 969 1226 formidinis
1000 1163 1073 1229 erpo
1103 1163 1165 1207 non
1188 1142 1254 1208 alri-

54 1256 145 1315 turos
160 1253 221 1314 cet.
254 1249 468 1315 Substantiva
490 1251 554 1316 ista
568 1250 750 1315 demutatus
773 1254 806 1314 et
828 1251 1023 1314 centuriatus
1045 1250 1156 1332 inepta
1173 1269 1254 1328 esse,
1269 1269 1308 1312 m

54 1376 159 1441 quum
188 1356 252 1434 alii,
287 1359 358 1421 turn
388 1355 537 1421 Dukerus
569 1362 602 1422 et
632 1355 800 1422 Walchius
829 1356 996 1433 viderunt;
1030 1357 1170 1422 alterum
1193 1356 1254 1422 hoc

54 1483 124 1530 uno
147 1465 218 1530 loeo
240 1462 371 1545 legitnr3
395 1467 571 1546 utrumque
595 1482 693 1547 quum
719 1465 852 1546 propter
867 1462 1053 1545 analogiam
1068 1467 1140 1529 tum
1155 1484 1254 1546 prop·

54 1574 109 1636 ter
130 1590 226 1635 usum
250 1569 297 1653 (in
319 1571 514 1635 centuriatus
536 1569 681 1652 nomine)
704 1571 866 1635 remotum
890 1573 940 1634 est
963 1568 1006 1634 ab
1030 1589 1070 1634 ea
1093 1569 1254 1652 significa·

54 1677 155 1755 tione,
179 1696 279 1759 quam
302 1677 507 1756 recentiores,
532 1678 621 1743 velut
643 1675 836 1753 Schellerus‚
860 1675 1048 1768 subiiciunt,¹
1075 1678 1112 1741 ut
1134 1674 1255 1740 Dukeri

11 1764 18 1775 ’
54 1783 341 1866 reprehensionem
367 1785 484 1863 vitent3
519 1784 607 1867 quid,
644 1783 732 1866 quod
758 1802 800 1847 ue
829 1782 875 1847 sic
898 1783 1031 1864 quidem
1054 1786 1143 1864 recte
1167 1784 1253 1848 dice·

54 1894 148 1956 retur
177 1890 339 1954 conuerriro
374 1888 418 1954 ad
448 1889 666 1955 decuriatum?
711 1890 825 1970 ltaque
854 1888 1023 1954 Walchius
1053 1888 1253 1972 (Emendatl.

54 1997 148 2063 Livv.
171 2017 204 2079 p.
230 1994 307 2079 179)
331 1997 504 2063 delendam
528 2016 599 2062 esse
622 1995 885 2080 praepositionem
914 1996 1038 2076 statuit,
1074 2003 1110 2060 ut
1137 1997 1253 2079 supina

53 2105 187 2188 passive
208 2104 473 2187 intelligerentur,
505 2123 644 2187 eamque
666 2102 862 2169 sententiam
885 2102 1254 2187 Baumgarten·Crusius

54 2205 219 2294 probavit.
265 2210 332 2275 Sed
353 2211 407 2276 hic
429 2213 536 2294 supini
564 2231 642 2276 usus
671 2230 746 2290 uno,
775 2210 864 2292 quod
886 2210 1017 2293 quidem
1041 2212 1129 2275 recte
1152 2208 1254 2273 advo·

55 2320 168 2383 cuturn
191 2319 243 2395 sit,
266 2317 423 2383 Martialis
446 2318 596 2400 exemplo
620 2315 814 2396 defenditur,
839 2317 894 2398 qui
909 2320 985 2399 post
1000 2315 1098 2382 eundi
1117 2316 1254 2380 verbum

55 2423 120 2490 hoc
147 2424 209 2489 sibi
243 2422 391 2507 permisit
424 2443 537 2489 versus
571 2422 665 2488 facile
701 2422 862 2488 efficiendi
897 2442 1012 2499 causa3
1047 2421 1174 2487 Livium
1208 2421 1254 2486 ita

57 2530 200 2597 scribere
223 2531 378 2614 potuisse,
407 2530 547 2596 multum
575 2529 680 2608 abest,
709 2533 746 2595 ut
773 2528 829 2594 illa
852 2529 1047 2595 auctoritate
1071 2529 1253 2603 evincatur3

55 2656 164 2720 neque
186 2637 397 2719 negligendus
421 2640 471 2701 est
493 2656 670 2702 consensus
695 2636 843 2702 codicum
866 2638 900 2701 in
923 2636 1153 2719 praepositione
1176 2634 1253 2699 reti·

55 2744 176 2809 nenda.
222 2743 377 2808 Mendum
411 2750 519 2808 ortum
555 2763 626 2809 esse
654 2743 783 2808 videtur
811 2763 830 2808 e
858 2743 1021 2809 scribendi
1050 2740 1252 2823 compendio

46 2848 99 2916 vde
127 2871 191 2933 quo
220 2849 503 2915 Drakenborchius
534 2852 600 2934 egil
630 2851 674 2915 ad
704 2851 772 2914 Liv.
796 2849 924 2927 XXXV,
957 2850 1000 2914 33
1023 2847 1041 2930 ἕ
1065 2849 1085 2913 8
1117 2850 1150 2913 et
1180 2852 1253 2929 post

56 2977 133 3023 eum
155 2956 369 3021 Ruhnkenius
396 2957 441 3022 ad
463 2957 542 3022 Vell.
566 2958 692 3023 Patere.
717 2956 754 3031 Π,
779 2957 832 3021 29.
878 2955 1042 3038 Scriptum
1071 2954 1157 3019 enirn
1185 2952 1254 3016 sine

55 3062 158 3128 dubio
181 3062 242 3128 iuil
265 3062 309 3126 od
331 3059 539 3128 decuriddurn
568 3070 624 3127 out
646 3060 866 3128 centuriddum
894 3062 993 3145 idque
1021 3059 1173 3126 facillimo
1200 3044 1253 3122 er·

55 3188 131 3235 rore
153 3169 187 3233 in
203 3188 277 3233 enm
297 3171 491 3254 scripturam
515 3169 653 3250 transiit,
678 3188 752 3252 quae
775 3188 862 3233 nunc
886 3169 991 3233 estin
1015 3167 1115 3232 libris.
1150 3164 1253 3229 Recte

55 3283 168 3341 autern
192 3276 301 3341 Livius
323 3275 369 3340 ita
393 3275 473 3341 dixit
495 3296 555 3359 pro
579 3296 627 3354 eo,
657 3275 745 3358 quod
768 3276 832 3340 est:
866 3283 901 3339 nt
929 3274 1171 3339 decuriarcutur
1199 3278 1254 3335 out

56 3383 325 3461 nunciarentur,
361 3401 458 3464 quern
486 3382 633 3465 gerundii
664 3401 760 3453 usum
791 3381 914 3447 idoneis
947 3380 1104 3462 exemplis
1127 3377 1253 3444 Ruddi·

55 3507 198 3553 mannus
213 3488 417 3553 confirmavit
431 3489 548 3554 Institt.
565 3489 592 3553 ll
607 3510 639 3572 p.
657 3489 723 3554 255
746 3488 797 3553 ed.
814 3488 900 3570 Lips.
931 3486 1030 3570 (Add.
1047 3486 1112 3552 Cic.
1131 3484 1203 3548 Act.
1221 3483 1253 3547 in

55 3594 148 3659 Verr.
160 3595 183 3672 Ι,
203 3595 253 3673 18,
270 3595 323 3672 54,
340 3594 436 3660 Corn.
448 3596 530 3678 Nep.
542 3597 611 3661 Au.
624 3594 670 3677 9.)
678 3591 705 3678 ¹)
734 3590 824 3660 Idem
836 3594 999 3659 scribendi
1011 3612 1111 3670 error,
1128 3610 1251 3664 vereor,

54 3720 98 3766 ne
122 3701 260 3765 alterum
284 3701 364 3766 Livii
387 3701 504 3780 locum,
528 3704 583 3786 qui
607 3701 712 3767 estin
735 3701 818 3766 libro
835 3701 937 3772 XXVI
961 3720 989 3765 c.
1008 3702 1038 3777 2,
1063 3697 1251 3780 corruperit,

55 3806 114 3872 ubi
143 3807 249 3873 verius
278 3808 420 3873 videtur:
455 3810 599 3873 sollemne
633 3797 902 3893 auspicandorum
929 3808 1123 3872 comitiorum
1153 3822 1253 3887 quam

56 3914 146 3996 quod
169 3913 265 3998 vulgo
289 3915 414 3997 legitur,
439 3917 684 3999 auspicatornm.

86 4192 110 4262 ¹)
127 4193 209 4263 [Add.
232 4195 290 4250 liv.
314 4195 392 4261 XLV,
417 4195 459 4262 15,
483 4196 590 4253 Lucret.
610 4198 643 4264 ΙΙ,
668 4197 728 4264 551,
756 4187 785 4252 in
814 4196 914 4267 quibus
941 4197 1007 4251 locis
1035 4197 1171 4266 genitivus
1198 4204 1251 4256 est;

128 4302 193 4340 nam
212 4285 240 4339 in
258 4286 311 4339 hoc
329 4302 395 4339 casu
415 4285 543 4340 facillime
562 4304 594 4341 ea
613 4286 730 4351 efficitur
751 4286 847 4356 figura,
875 4302 930 4355 qua
954 4286 1126 4355 gerundium,
1154 4292 1253 4342 natura

128 4373 258 4439 activum,
285 4373 393 4444 passive
416 4373 556 4444 significet.
594 4374 647 4430 cn.
667 4391 729 4445 quae
747 4374 802 4430 dixi
826 4374 861 4429 ad
886 4375 940 4430 Cic.
959 4374 1017 4430 Fin.
1037 4373 1084 4443 15
1103 4376 1136 4429 69
1155 4394 1181 4446 p.
1201 4376 1253 4429 128

128 4478 187 4532 sqq.
224 4463 256 4517 i„
277 4460 366 4530 1842]

1005 4553 1040 4607 44
