2948 5206
657 333 721 398 217

150 527 289 606 octodecim,
323 548 407 610 quas
437 529 515 592 item
545 528 703 607 nominat,
739 529 900 595 dederint.
945 532 1054 613 Atque
1081 534 1143 599 has
1166 537 1299 619 triginta

147 633 254 713 obuias,
286 654 427 718 quarum
461 653 599 699 numero
633 638 667 700 et
700 636 925 717 magnitudine
956 638 1051 703 valde
1080 641 1298 708 obscurantur

143 742 270 807 noritimae
303 741 378 818 illae,
414 761 489 823 quae
522 740 566 805 ad
593 741 655 806 hoc
683 744 813 824 tempus
842 744 967 808 nullum
996 746 1132 810 militem
1162 748 1296 827 dabant,

141 865 216 914 omnes
234 848 367 914 latinas
391 847 501 925 fuisse,
525 850 652 912 certum
675 852 740 925 est;
769 868 835 930 quo
858 869 924 915 non
947 852 1176 919 animadverso
1200 856 1297 938 pleri·

139 973 178 1037 que
194 975 295 1021 reram
319 954 416 1019 huius
448 955 488 1019 de
518 955 650 1020 coloniis
679 956 867 1037 quaestionis
897 958 1108 1038 expediendae
1138 962 1296 1027 rationem
1369 1030 1372 1037 ,

136 1061 201 1142 obre
218 1062 462 1145 perturbarunt.
471 1058 497 1145 ¹)
543 1061 608 1141 Qui
635 1063 777 1144 primum
806 1063 1003 1129 incredibilis
1032 1066 1237 1149 negligentiae
1266 1074 1298 1134 et

135 1166 265 1235 ourionis
289 1169 427 1247 Livium,
451 1189 550 1252 quem
573 1189 687 1234 omnes
711 1169 853 1234 colonias
874 1170 1110 1250 Romanorum,
1135 1195 1208 1257 quae
1226 1180 1296 1241 tum

135 1281 217 1356 ment,
250 1295 446 1342 enumerare
479 1275 621 1340 voluisse
654 1280 781 1358 putant,
816 1278 916 1341 tacite
945 1284 1095 1359 arguunt,
1132 1282 1187 1363 qui
1217 1282 1297 1347 alias

133 1399 215 1448 rotem
237 1384 358 1466 purtim
383 1384 417 1447 in
439 1382 557 1448 eodem
581 1382 674 1458 libro,
706 1384 826 1465 partim
855 1384 888 1447 in
912 1383 994 1449 libro
1018 1386 1182 1453 tricesimo
1205 1393 1297 1454 sexto

133 1494 345 1567 oocmemoret3
368 1489 560 1555 nominatim
586 1489 698 1570 utique
722 1509 769 1554 eae
787 1491 986 1573 excipiendae
1005 1498 1108 1572 erant,
1132 1495 1170 1571 si,
1195 1515 1295 1577 quum

133 1593 224 1677 liquos
245 1597 308 1662 hoc
331 1598 403 1662 looo
434 1595 581 1660 eiusdem
608 1597 745 1678 generis,
781 1597 815 1660 id
849 1601 899 1662 est
933 1598 1061 1678 civium,
1098 1606 1296 1679 numeraret,

133 1699 178 1767 llos
195 1707 349 1786 tanquam
373 1706 536 1785 separatae
549 1702 752 1767 ,condicionis
770 1702 945 1769 omitteret.
981 1705 1046 1770 Sed
1064 1706 1135 1789 ipsa
1153 1727 1297 1772 comme-

133 1809 234 1875 notatio
263 1809 413 1892 pecuniae
445 1813 478 1873 et
508 1808 648 1872 militurn
679 1827 720 1873 ex
752 1809 892 1874 formula
916 1810 957 1892 (c.
984 1810 1038 1894 10)
1061 1812 1296 1894 imperatorum

134 1917 340 1981 dumetorum
365 1917 447 1982 satis
470 1915 675 1993 ostendebat,
707 1916 748 1979 de
772 1916 867 1981 sociis
891 1917 1024 1983 coloniis
1048 1938 1125 1983 suas
1149 1919 1296 1984 civitates

134 2017 293 2087 lubentibus
330 2022 398 2105 agi,
438 2041 539 2103 quum
574 2023 755 2104 praesertim
791 2023 900 2089 Livius
935 2027 1038 2089 totam
1074 2028 1295 2092 narrationem

135 2123 199 2193 buius
216 2130 261 2194 rei
289 2131 338 2194 ita
365 2148 459 2194 orsus
488 2132 586 2206 esset,
622 2133 667 2207 ut,
703 2131 765 2195 nisi
801 2130 842 2194 de
871 2131 993 2195 Latinis
1029 2132 1171 2213 cogitare
1199 2152 1296 2198 nemo

136 2239 219 2314 noct.
269 2237 358 2302 Dixit
381 2235 479 2311 enim,
511 2240 644 2317 propter
666 2235 784 2301 milites
813 2236 845 2300 in
874 2237 1016 2301 Siciliam
1045 2240 1295 2320 transportatos,
1310 2256 1350 2298 eos

137 2358 236 2421 quorum
257 2344 365 2409 maior
386 2362 464 2425 pars
488 2340 601 2406 Latini
623 2344 760 2407 comiciis
778 2343 992 2428 sociorumque
1008 2350 1105 2422 esset,
1129 2344 1295 2421 fremitum

137 2444 199 2512 ilo·
208 2449 337 2515 latinos
359 2450 515 2534 sociosque
538 2450 571 2513 in
601 2449 742 2514 conciliis
772 2453 897 2526 ortum;
933 2449 1052 2514 deinde
1080 2451 1155 2516 hinc.
1183 2456 1296 2517 natam

139 2552 295 2623 obuiorum
319 2555 558 2621 recusationem
581 2557 737 2620 narravit.
783 2557 906 2638 ltaque,
938 2557 999 2621 etsi
1014 2558 1174 2640 apertius
1197 2558 1296 2641 paulo

139 2655 226 2727 bonus
247 2666 343 2739 esset,
373 2663 401 2727 si
423 2681 543 2727 nomen
567 2662 635 2726 eius
659 2661 796 2743 generis,
827 2663 915 2744 quod
937 2663 989 2727 hic
1014 2670 1294 2742 commemoraret,

141 2765 284 2847 rddidisset‚
317 2774 430 2834 tamen
452 2789 570 2852 parum
594 2773 745 2833 accurate
768 2770 937 2850 scripsisse
963 2770 1063 2834 videri
1087 2791 1152 2836 non
1176 2776 1295 2854 potest.

141 2869 214 2940 lone
233 2876 429 2953 dubitemus,
453 2876 508 2940 lib.
526 2875 640 2953 XXIX,
668 2876 718 2949 15,
743 2876 798 2938 ubi
816 2896 949 2956 poenam
973 2877 1105 2941 coloniis
1124 2878 1293 2943 duodecim

142 2973 281 3061 bonoilum
304 2987 428 3060 narrat,
452 2983 549 3065 plane
573 3002 629 3047 eas
653 2982 797 3064 appellat
821 2977 998 3065 Latinas2),
1029 2988 1212 3048 ceterarum
1236 2986 1295 3049 bo-

142 3086 209 3152 uires
227 3095 334 3155 autem
358 3091 462 3154 bonos
491 3093 590 3170 atque
619 3089 809 3154 obedientes
837 3092 951 3155 socios.
999 3090 1140 3156 Omnino
1171 3093 1198 3156 si
1229 3091 1296 3155 ulla

143 3187 191 3256 ltr's
207 3200 234 3261 et
252 3196 449 3262 condicionis
473 3195 643 3260 diversitas
661 3197 745 3260 inter
762 3216 828 3261 non
846 3197 1036 3262 obedientes
1054 3201 1087 3261 et
1105 3197 1295 3262 obedientes

144 3302 178 3362 eut
193 3302 301 3385 alquas
325 3304 444 3368 harum
468 3302 592 3381 fuisset,
616 3304 695 3368 satis
718 3307 820 3386 patet,
844 3306 929 3368 hano
946 3308 1023 3369 ante
1040 3305 1150 3369 omnia
1169 3306 1294 3369 Livium

143 3435 360 3456 *—

159 3521 173 3591 ¹l
185 3529 236 3586 lirii
252 3539 372 3589 mentem
391 3531 448 3601 [rel
466 3533 558 3603 potius
576 3549 638 3600 quae
656 3533 724 3587 Livii
743 3550 822 3586 mens
840 3550 900 3587 esse
912 3531 1058 3600 debuerit],
1078 3551 1162 3603 quarn
1180 3551 1215 3588 ne
1228 3534 1295 3588 alios

186 3622 277 3687 qudem
296 3639 393 3677 omnes
412 3622 540 3677 fefellisse
559 3621 664 3691 opinor,
692 3627 765 3677 certe
789 3622 983 3676 intellexerunt
1002 3622 1146 3692 Savignius
1164 3622 1204 3687 (in
1224 3640 1295 3676 conr·

186 3712 343 3777 motatione,
363 3729 426 3782 quae
444 3710 613 3766 inscribitur:
632 3711 722 3765 Ueber
740 3712 784 3765 die
802 3712 975 3780 Entstehung
987 3713 1044 3766 und
1057 3712 1235 3779 Fortbildung
1248 3712 1296 3764 der

186 3795 297 3855 beliue
315 3799 390 3867 cett.)
415 3806 444 3854 et
461 3800 635 3863 Niebuhrius‚
663 3800 710 3868 qui
734 3805 827 3853 tamen
851 3817 905 3869 quo
928 3801 988 3854 loco
1012 3818 1073 3854 eam
1097 3817 1155 3855 rem
1178 3817 1295 3854 comme-

187 3889 287 3955 morarit,
315 3905 391 3945 nunc
418 3907 473 3944 non
501 3888 625 3944 memini.
662 3888 716 3942 Sed
735 3893 851 3956 uterque
874 3894 984 3943 tanturn
1007 3889 1126 3943 breviter
1149 3895 1176 3943 et
1195 3889 1295 3959 simpli·

186 3973 238 4031 citer
253 3978 319 4033 bivii
337 3979 429 4032 verbis
447 3979 477 4033 in
494 3979 566 4032 hanc
584 3977 749 4031 sententiam
768 3979 886 4047 acceptis
906 3995 971 4032 usus
991 3985 1039 4032 est.

160 4049 215 4120 'lu
228 4065 275 4121 loe
292 4068 381 4122 ocem
398 4068 458 4121 1000
476 4072 560 4137 patet,
580 4066 640 4120 mr.
653 4066 760 4129 xxvii,
779 4066 804 4130 9,
824 4067 871 4120 um
890 4072 932 4121 est
947 4069 1027 4131 om,
1046 4066 1221 4120 scribendum
1235 4082 1294 4120 esse

189 4150 250 4209 Sero
284 4157 314 4210 ld
332 4156 465 4226 oppidum
484 4173 508 4210 a
527 4155 581 4209 345
599 4173 616 4210 a
634 4156 767 4210 Romanis
786 4155 890 4209 Volscis
908 4156 1070 4224 ademptum
1090 4154 1182 4208 Livius
1201 4160 1295 4208 narrat

188 4236 231 4306 Vll,
245 4241 289 4302 28:
309 4244 446 4299 coloniam
465 4262 497 4299 eo
516 4245 663 4299 deductam
683 4261 739 4298 non
757 4249 964 4298 commemoret.
993 4243 1046 4297 Sed
1062 4243 1106 4307 IX,
1125 4241 1160 4295 23
1178 4242 1215 4307 (a
1230 4242 1295 4307 315)

189 4326 268 4385 &aa
289 4335 326 4387 ad
348 4335 486 4388 &ennius
508 4335 642 4401 defectam
669 4336 817 4400 intosectio
844 4335 944 4386 colonia
971 4334 1165 4395 Romanorum,
1193 4332 1294 4394 scribit,

188 4412 295 4489 thone
312 4422 391 4477 bine
410 4422 463 4477 sce.
481 4422 551 4486 XIX,
576 4421 610 4474 ⁷2
629 4422 720 4476 tradit.
757 4422 860 4476 lterum
885 4438 909 4474 a.
928 4419 981 4474 303
1000 4426 1131 4489 quattuor
1149 4420 1234 4474 millia
1253 4437 1295 4473 oo·

190 4500 296 4564 hum
311 4527 344 4565 eo
362 4511 448 4565 missa
467 4510 535 4576 (biv.
555 4511 587 4576 X,
612 4508 646 4575 1).
684 4511 760 4566 Corae
783 4511 860 4564 nulla
885 4515 926 4564 est
949 4509 1053 4563 mentio
1078 4514 1140 4578 post
1158 4509 1248 4578 prima
1266 4509 1295 4561 li·

191 4589 248 4648 bera
262 4599 299 4652 rei
315 4599 432 4669 publicae
450 4604 582 4669 tempora.
