2956 5190
620 273 683 339 621

143 469 178 535 C.
203 470 234 548 3,
266 470 286 534 8
318 470 352 533 iu
382 468 609 534 Themistoclis
632 488 799 552 responso,
835 470 923 552 quod
953 471 1000 535 sic
1030 471 1251 543 scribebatur:

51 574 120 641 Nee
143 576 278 657 hercule,
302 576 331 639 si
353 595 408 659 epo
432 575 598 659 Sempdius
621 598 726 658 333333,
750 576 874 658 mobilis,
897 598 952 641 uec
968 584 1012 659 tu,
1036 576 1253 641 siAtleeuiea·

45 684 97 749 eie
119 704 209 761 esses,
241 684 349 747 clarus
371 703 511 767 uuquam
532 682 659 764 fuisses,
694 683 805 748 notavi
828 702 940 749 vocem
964 682 1086 762 mobilis,
1122 702 1161 748 ac
1185 684 1252 748 vel-

43 788 117 855 lem
153 789 327 865 delevisse,
368 789 510 870 probata
549 789 656 855 Caroli
691 789 803 870 Langii
843 791 1025 854 certissima
1059 789 1251 872 suspicione.

40 894 191 961 Prorsus
214 897 301 960 enim
325 914 479 977 perverse
503 894 568 960 duo
591 895 752 960 adiectiva
776 896 819 960 ad
835 915 929 960 suam
945 901 1121 978 utrumque
1142 896 1252 962 condi·

40 1003 180 1068 3133333
203 1001 399 1079 referuntur,
423 1005 582 1084 tanquam
605 1002 670 1066 alia
693 1003 736 1066 sit
758 1002 921 1080 nobilitas,
952 1002 1017 1067 3113
1040 1003 1180 1080 31331133,
1209 1003 1253 1068 ad

39 1106 144 1174 illam
166 1109 344 1191 Seriphius,
370 1109 413 1173 ad
436 1110 522 1173 hanc
544 1108 644 1174 homo
667 1108 753 1173 iners
777 1114 921 1190 nequeat
942 1109 1124 1191 pervenire,
1151 1128 1252 1192 quum

38 1214 123 1281 haec
146 1216 188 1280 sit
210 1217 383 1293 333133113,
407 1215 514 1280 eidem
539 1215 584 1279 rei
607 1218 783 1297 utrumque
806 1215 948 1293 obstare,
978 1215 1094 1298 patrias
1117 1216 1252 1280 nimiam

39 1322 249 1407 parvitatem
274 1326 307 1386 et
330 1321 448 1404 ingenii
471 1322 626 1405 inopiam.
672 1323 786 1404 ltaque
816 1340 914 1387 nemo
942 1340 983 1385 ex
1006 1321 1127 1386 Graecis
1151 1323 1252 1403 scrip·

39 1429 196 1509 toribus,
237 1430 292 1511 qui
327 1431 389 1494 hoc
424 1449 618 1511 responsum
653 1429 874 1505 tradiderunt,
913 1448 980 1493 non
1020 1447 1087 1493 333
1121 1428 1252 1494 3311333

41 1535 235 1618 eodemque
259 1536 359 1601 verbo
388 1535 421 1600 id
444 1534 701 1618 comprehendit,
736 1534 825 1616 quod
853 1553 959 1617 neque
983 1534 1133 1617 Seriphio
1157 1534 1252 1599 indu·
1293 1597 1299 1609 ,

41 1643 133 1707 strio
160 1661 267 1724 neque
295 1642 487 1707 Atheniensi
520 1642 616 1707 inerti
646 1646 757 1723 posset
785 1641 971 1724 contingere
1005 1639 1142 1723 (Herod.
1171 1640 1251 1718 Vlll,

44 1748 119 1812 125
145 1750 292 1824 ἐτιμήθην,
316 1747 400 1811 Plat.
425 1749 476 1813 Re
499 1770 531 1831 p.
555 1749 568 1811 Ι
597 1769 629 1831 p.
653 1748 718 1812 329
742 1751 889 1825 ὀνομαστὸς
912 1753 1023 1823 ἐγένετο,
1053 1746 1139 1811 Ρ1111.
1163 1746 1252 1811 The·

44 1853 141 1919 mist.
168 1854 208 1918 18
232 1857 265 1917 et
289 1854 322 1917 13
345 1856 578 1937 apophthegm.
603 1859 737 1932 ἐγενόμην
755 1852 886 1935 ἔνδοξος).
923 1854 1105 1919 Μ33113313
1134 1872 1252 1936 perse

44 1978 105 2025 333
130 1959 248 2024 indicio
271 1979 337 2024 non
361 1964 466 2036 caret;
500 1981 578 2025 nam
607 1963 640 2026 in
670 1962 763 2027 codd.
788 1961 864 2038 Eri,
897 1960 1083 2025 Trevirensi
1119 1962 1251 2025 ceteris·

45 2084 116 2149 que
151 2066 219 2130 fere
254 2066 442 2132 melioribus
474 2066 523 2149 (C.
547 2068 670 2150 Langii,
705 2069 877 2133 Pithoeano
906 2066 982 2149 cet.)
1017 2066 1164 2152 iquobilis
1192 2070 1251 2144 est,

44 2172 386 2256 pravumqlossema,
410 2192 477 2237 non
499 2172 621 2252 nobilis,
646 2175 733 2256 quod
758 2174 947 2257 corrigendo
970 2174 1123 2238 effectum
1147 2178 1207 2238 est.

142 2279 177 2344 C.
203 2280 233 2357 7,
258 2279 300 2343 23
324 2278 427 2342 edidi:
464 2278 550 2343 Num
584 2282 684 2364 ipitur
717 2281 808 2363 huuc,
843 2301 920 2344 uum
954 2280 1140 2361 Home-rum,
1176 2299 1305 2343 numm

48 2384 241 2466 Hesiodum,
264 2384 467 2459 Simonidem,
493 2385 702 2451 Stesichorum
729 2421 772 2432 —
800 2389 896 2472 coepit
917 2389 954 2451 iu
975 2388 1042 2451 suis
1064 2386 1179 2450 studiis
1201 2385 1252 2449 oh·

47 2499 221 2556 mitescere
243 2492 403 2556 senectus?
434 2492 537 2575 Vulgo
565 2514 640 2557 uum
669 2501 746 2558 ante
776 2495 840 2559 duo
869 2497 1016 2559 extrema
1044 2493 1178 2557 nomina
1199 2510 1251 2556 re·

48 2598 175 2680 petitur
198 2604 312 2663 contra
336 2598 463 2663 codices
480 2601 579 2683 paulo
596 2601 747 2685 meliores
764 2620 894 2677 omnes;
918 2620 984 2666 non
1001 2604 1089 2664 recte
1108 2599 1251 2663 Kloteius

48 2705 153 2769 etiam
178 2707 254 2769 ante
271 2704 444 2769 Hesiodum
469 2706 663 2789 particulam
679 2707 819 2771 sustulit.
854 2706 891 2771 ln
913 2706 1099 2771 huiusmodi
1121 2725 1251 2770 333333-

48 2812 183 2875 vatione
207 2812 366 2893 particula
391 2812 495 2877 aliave
519 2833 582 2878 vox
605 2812 786 2878 communis
815 2813 850 2877 in
876 2813 990 2895 primis
1019 2812 1175 2878 membris
1199 2831 1251 2877 re·

47 2917 185 2999 petitur,
208 2916 242 2980 in
265 2919 418 2983 extremis
441 2920 602 2983 omittitur
624 2939 698 2984 cum
715 2920 859 3001 quadam
876 2919 1035 2985 eiusmodi
1053 2919 1251 3002 aequalitate,

49 3022 159 3105 qualis
183 3023 235 3087 hic
257 3024 397 3089 efficitur
419 3026 453 3089 13
477 3026 624 3091 codicum
648 3027 825 3107 scriptura3
849 3025 906 3089 313.
931 3025 1022 3090 Verr.
1047 3026 1083 3103 V,
1108 3027 1162 3101 51,
1189 3025 1251 3089 133

51 3127 345 3213 (quemadmodum
377 3151 397 3196 a
428 3152 481 3197 me
513 3135 546 3197 et
576 3133 728 3215 Zumptio
759 3151 777 3197 e
810 3132 904 3196 codd.
936 3130 1025 3196 locus
1058 3132 1251 3203 emendatus

51 3232 132 3317 estlz
164 3235 234 3300 Hac
256 3236 477 3320 Amestratini,
505 3239 561 3302 tac
590 3238 802 3319 Herbitenses,
830 3237 1055 3322 Apyriuenses,
1091 3236 1250 3322 Tyndari·

50 3343 123 3407 taui
140 3342 265 3427 publice
287 3344 411 3420 dicuut;
438 3365 500 3427 pro
523 3346 600 3410 Cael.
627 3346 678 3423 14,
703 3345 761 3409 34;
790 3365 854 3409 uou
870 3352 1037 3428 patruum,
1060 3366 1123 3409 aaa
1147 3365 1249 3421 arma,

46 3470 223 3534 proauum,
259 3459 387 3515 ataaum
419 3451 571 3516 audieras
601 3453 756 3516 consulem
784 3452 909 3534 fuisse?
940 3471 1000 3533 pro
1033 3451 1159 3528 Μ117,
1192 3451 1250 3514 20:

51 3558 108 3642 qui
131 3557 285 3638 Drusum,
309 3559 363 3642 qui
386 3557 591 3639 Africanum,
623 3557 814 3642 Pornpeium,
838 3558 1060 3641 nosmetipsos
1084 3561 1145 3622 cet.
1176 3555 1250 3639 [pro

53 3663 182 3729 Cluent.
199 3665 251 3740 30,
277 3665 335 3730 83:
359 3667 388 3728 si
410 3666 578 3746 istinc...,
602 3666 631 3728 si
645 3666 813 3744 istinc...,
836 3665 1006 3745 istinc...,
1030 3665 1123 3728 istiuc
1139 3662 1215 3745 cet]
1225 3659 1250 3744 ¹)

142 3770 177 3836 C.
203 3774 233 3848 8,
258 3772 300 3835 26
325 3771 484 3835 edebatur
507 3771 550 3835 ab
574 3771 740 3835 omnibus:
772 3778 806 3834 ut
828 3770 970 3834 33133331
994 3770 1133 3835 uersibus
1154 3772 1251 3854 plari·

51 3883 157 3941 autera
180 3878 331 3959 uidemus,
366 3878 420 3962 qui
447 3897 480 3941 se
507 3877 644 3962 quotidie
667 3876 790 3962 aliquid
813 3876 1025 3941 addiscentem
1044 3872 1126 3940 ¹dicit
1148 3898 1251 3940 senem

49 3982 143 4066 fieri,·
176 3991 211 4048 at
238 4005 291 4069 epo
317 3984 391 4066 feci,
426 3985 481 4069 qui
509 3989 570 4049 cet.
622 3984 687 4048 Sed
717 3984 830 4066 optimi
859 3983 985 4049 codices
1014 3983 1106 4066 (reg,
1142 3984 1249 4059 Tres,

82 4262 207 4333 ι1133313
225 4273 289 4320 ante
308 4266 333 4332 6,
357 4266 392 4320 30
409 4267 455 4336 331
480 4268 515 4321 33
538 4269 644 4322 codices
667 4268 822 4335 attenderit,
850 4284 906 4321 non
929 4268 1058 4336 requiret,
1087 4282 1136 4319 cur
1159 4264 1252 4318 mendi

124 4359 219 4410 notam
242 4356 430 4425 apposuerim
458 4350 533 4410 aliud
561 4357 634 4410 enim
660 4357 727 4409 latet
750 4357 885 4425 poematis
907 4372 1022 4415 nomem
1053 4361 1078 4408 et
1104 4360 1196 4409 tamen
1224 4354 1251 4407 13

125 4444 281 4498 huiusmodi
300 4445 419 4498 editione
438 4447 552 4499 fortasse
571 4445 637 4499 satis
656 4450 715 4499 erat
732 4445 800 4499 illud
819 4444 928 4513 signum
947 4444 979 4498 iis
1003 4444 1166 4509 adscribere,
1191 4458 1251 4511 333

125 4533 267 4587 sententiae
285 4539 334 4588 aut
351 4534 482 4588 orationis
500 4535 635 4603 pravitate
654 4534 806 4589 offendunt.
