2956 5190
652 262 744 328 -607

130 479 153 526 a
175 479 242 542 qua
265 479 300 524 re
323 461 515 540 sumptum?
535 457 711 523 ·NImirum
740 458 784 523 ab
812 477 863 536 ea,
900 458 990 522 cuius
1019 457 1069 523 vis
1092 457 1136 522 ad
1165 458 1335 523 hominum

131 565 266 632 ordines
289 564 537 646 distmgnendos
560 563 657 629 insita
681 567 753 629 erat
781 565 815 629 In
841 562 995 629 omnibus
1023 565 1070 628 rei
1099 564 1241 647 publioae
1269 564 1335 631 Ro

130 690 241 737 manre
264 670 430 748 mstitutis,
466 690 540 753 quae
568 670 657 752 ipsos
686 671 812 753 equites
841 670 1049 737 discernebat
1072 690 1092 735 a
1115 671 1222 753 plebe,
1261 690 1335 754 quse

129 778 234 851 etiam
257 777 291 841 in
315 777 522 843 senatoribus
544 777 767 859 spectabatur,
797 797 817 842 a
846 772 993 859 censu.¹)
1038 777 1075 842 Id
1097 780 1217 860 praeter
1238 777 1335 858 Imm,

129 904 233 968 quiam
256 883 333 962 dixi,
369 884 591 948 institutorum
620 882 865 950 similitudinem
893 883 960 948 alia
986 883 1174 949 testimonia
1203 884 1335 950 minime

128 991 273 1056 obscure
295 989 453 1055 indicant.
499 989 625 1055 Census
647 989 846 1072 proecipuam
872 990 906 1055 in
928 990 1089 1055 iudicibus
1113 990 1258 1074 legendis
1279 1011 1335 1056 ra·

131 1097 262 1163 tionem
280 1097 431 1162 habitam
454 1096 555 1161 luisse
578 1096 629 1160 bis
652 1096 731 1178 ipsis
753 1096 889 1179 legibus,
911 1096 1033 1179 qulbus
1055 1096 1194 1161 tribunis
1211 1097 1335 1164 nammis

129 1223 210 1286 pars
233 1203 399 1269 iudicandi
421 1203 574 1281 dabatur,
599 1204 741 1287 primum
766 1202 807 1267 de
823 1202 981 1285 Pompeis
1003 1203 1076 1286 lege
1092 1207 1233 1268 testatur
1249 1204 1336 1269 clare

129 1310 294 1375 Asconius
302 1305 345 1391 Ἲς
380 1310 498 1375 deiude
527 1313 562 1375 et
589 1310 630 1374 de
653 1309 787 1373 Aurelia
815 1313 851 1373 et
878 1309 919 1374 de
942 1310 1099 1393 Pompeia
1122 1309 1236 1375 (licem
1257 1309 1336 1375 Pbi·

131 1417 213 1499 lipp.
236 1417 260 1495 I,
289 1418 321 1497 8,
350 1417 392 1481 de
415 1417 549 1482 Antonii
577 1417 648 1499 lege
670 1415 792 1498 dicens,
828 1436 893 1499 qua
916 1417 954 1494 is,
988 1421 1099 1499 spreto
1122 1417 1211 1482 omni
1234 1438 1334 1496 more,

128 1524 340 1588 centuriones
369 1526 403 1587 et
430 1523 653 1605 manipulares
682 1542 724 1587 ex
747 1522 872 1604 legione
893 1522 1098 1587 Alaudarum
1122 1523 1166 1588 ad
1188 1524 1335 1590 iudican-

131 1629 213 1693 dum
236 1629 379 1694 vocabat
403 1634 435 1694 et
459 1649 498 1694 ex
522 1631 560 1694 iis
583 1629 714 1693 tertiam
739 1629 906 1695 decuriam
930 1629 1160 1707 constituebat,
1184 1649 1259 1713 quae
1275 1650 1336 1713 pro

130 1735 272 1800 tribunis
296 1736 430 1813 aerariis,
466 1756 548 1819 quos
572 1735 683 1801 Caesar
710 1736 897 1815 sustulerat,
931 1735 1138 1800 senatoribus
1161 1740 1195 1800 et
1218 1738 1335 1820 equiti·

130 1840 197 1905 bras
229 1836 468 1924 adiiceretm.³)
513 1842 609 1920 Quod
633 1845 744 1906 autem
768 1842 880 1906 Cicero
904 1842 937 1906 in
960 1841 1065 1906 iudIce
1100 1846 1133 1907 et
1167 1842 1336 1908 fortunam
1350 1859 1389 1901 2⁵⁶

131 1949 274 2030 spectari
305 1949 427 2013 debere
457 1955 490 2013 et
522 1949 713 2031 dignitatem
744 1948 831 2026 dicit,
867 1947 1006 2031 dignitas
1040 1967 1080 2012 ea
1115 1953 1176 2026 est,
1212 1968 1286 2031 quae
1315 1970 1335 2015 a

132 2056 275 2136 praetore
306 2055 434 2138 legente
466 2055 555 2120 fama
586 2058 619 2119 et
650 2055 797 2120 moribus
828 2055 983 2120 aestImari
1015 2053 1169 2120 debebat.
1227 2056 1275 2119 Ne
1308 2057 1335 2120 is

132 2159 276 2243 quidem,
312 2162 368 2243 qui
400 2163 556 2246 epistolas
588 2161 632 2227 ad
664 2162 827 2227 Caesarem
860 2161 901 2253 de
932 2180 967 2225 re
998 2160 1129 2244 publica
1153 2162 1335 2227 ordInanda

133 2267 327 2349 composuit,
364 2268 497 2346 aliare,
533 2269 596 2333 nisi
620 2287 730 2346 censu,
765 2268 891 2333 aditum
916 2267 959 2332 ad
982 2267 1101 2331 iudIcia
1125 2267 1248 2342 definit,
1284 2270 1335 2333 cui

132 2393 249 2439 omnes
272 2375 387 2457 primae
411 2373 524 2439 classis
547 2375 692 2440 indicare
721 2375 829 2458 placet
857 2373 898 2456 (c.
923 2374 941 2438 7
967 2377 1000 2439 et
1025 2371 1089 2455 12).
1133 2374 1201 2439 Sed
1224 2373 1335 2439 elaris·

133 2478 255 2544 simum
280 2481 320 2544 de
342 2480 413 2563 lege
429 2481 574 2558 Aurelia,
598 2481 631 2546 id
656 2485 714 2559 est,
739 2482 780 2547 de
803 2481 942 2547 tribunis
966 2480 1089 2545 aerariis
1112 2481 1335 2546 testimonium

164 2743 431 2812 bernacensis
454 2746 584 2800 senatorii
607 2747 772 2816 antiquitate
789 2746 890 2816 Opusc.
914 2749 1008 2799 nostra
1031 2744 1124 2814 priora
1147 2763 1173 2815 p.
1194 2745 1228 2799 78
1247 2752 1275 2800 et
1294 2746 1336 2811 79,
1422 2779 1424 2783 -

207 2832 247 2903 [et
270 2836 360 2905 operis
383 2835 470 2890 nostri
497 2837 531 2890 de
553 2835 686 2890 Institutio
709 2835 749 2890 rei
772 2836 889 2905 publicae
911 2835 1044 2889 Romanae
1068 2834 1154 2889 voII
1177 2852 1204 2904 p.
1223 2833 1275 2889 138
1294 2835 1335 2889 ed.

206 2922 310 2996 ormo

164 3009 188 3080 ²)
208 3013 250 3067 Ad
269 3013 447 3068 Pisonianam
465 3013 509 3078 39,
529 3012 577 3072 94:
597 3012 651 3066 rid
671 3029 755 3082 supra
773 3030 799 3082 p.
818 3011 872 3065 245
889 3017 947 3067 not.
967 3012 991 3066 1.

165 3098 189 3169 ¹)
207 3104 245 3155 At
263 3119 323 3171 quoe
342 3111 381 3156 eat
399 3105 454 3156 isto
472 3104 553 3156 tertio
570 3104 703 3155 &curtat
719 3128 753 3138 -
775 3102 978 3168 contumaces,
1001 3104 1099 3171 inquit.
1119 3130 1152 3139 -
1175 3102 1266 3166 Quot
1290 3103 1339 3154 ists·

208 3195 301 3247 ordini
317 3194 455 3246 induatur
473 3193 528 3258 Iope
546 3192 628 3258 Iulio,
656 3192 737 3244 aiom
759 3199 822 3244 onte
840 3193 978 3260 Pompeia,
1006 3193 1122 3245 Aurelio
1139 3206 1194 3243 nors
1207 3190 1340 3258 potabat?

208 3308 242 3317 -
265 3283 367 3335 &naus
385 3280 601 3348 proefiniebotur,
624 3282 721 3348 inquit.
742 3307 774 3315 -
795 3281 855 3334 Non
879 3283 1031 3335 cemwtoni
1048 3281 1155 3349 quidem
1173 3280 1267 3346 solum,
1291 3281 1338 3332 sed

208 3372 292 3439 eqm'ts'
308 3372 390 3423 aiom
408 3369 539 3422 Bonane
576 3370 672 3436 ltaque
689 3372 745 3422 oiri
760 3371 907 3436 fortissimi
924 3376 1003 3438 atque
1020 3370 1210 3435 hommmmmi,
1229 3370 1277 3436 qui
1294 3385 1338 3422 or·

208 3460 285 3511 dines
302 3460 450 3522 deserum,
468 3473 513 3509 res
531 3464 556 3510 et
574 3459 696 3511 iudicant
714 3466 739 3512 ot
756 3460 952 3512 tedmarum.
981 3456 1060 3524 Quod
1080 3457 1164 3511 etiam
1183 3456 1242 3525 lege
1261 3457 1338 3521 Iulia,

210 3562 265 3613 qna
283 3546 334 3599 soli
353 3549 495 3599 senatores
513 3550 541 3598 et
559 3546 665 3614 equites
683 3546 770 3600 relicti
789 3547 892 3601 ludices
915 3551 1002 3611 erant,
1026 3546 1200 3601 centuriones
1218 3545 1339 3601 indicare

210 3633 284 3698 dicit,
312 3633 503 3701 intelliguntur
525 3635 709 3700 centuriones,
737 3637 785 3706 qui
808 3652 893 3690 censu
915 3635 1036 3704 equestri
1054 3640 1141 3689 erant.
1178 3635 1237 3689 IIoo
1255 3634 1339 3699 enirn,

210 3738 265 3776 non
289 3738 361 3791 equo
384 3723 495 3792 publico
519 3723 547 3777 in
570 3723 615 3777 his
638 3724 743 3793 legibus
762 3730 889 3794 equestre
912 3741 1014 3779 nomen
1034 3724 1228 3784 definiebatur;
1257 3724 1339 3793 idque
1436 3771 1446 3792 ,

211 3811 381 3879 apertissime
407 3812 528 3866 declarat
545 3813 650 3867 Plinius
669 3814 702 3868 H.
721 3815 752 3868 N.
770 3814 892 3877 XXXIII,
917 3813 941 3879 7,
965 3819 1071 3867 turmas
1096 3829 1229 3882 equorum
1252 3813 1339 3883 publi·

211 3916 306 3954 corum
325 3917 455 3969 separans
474 3903 509 3955 ab
528 3918 561 3955 ea
580 3903 704 3970 equItum
723 3904 908 3972 multitudine,
932 3919 994 3972 quoe
1012 3903 1041 3957 ln
1063 3903 1169 3957 iudiciis
1187 3902 1247 3972 lege
1265 3902 1339 3956 Sem-

211 3988 307 4056 pronia
325 3994 353 4042 et
370 3994 467 4057 postea
484 3990 545 4044 aliis
563 3996 726 4056 versaretur,
746 3997 878 4061 tanquam
898 3992 979 4047 latius
992 3993 1069 4056 fursa3
1089 3992 1140 4046 etsi
1152 3991 1211 4061 ipse
1222 3991 1340 4060 graviter

212 4082 240 4130 et
262 4078 408 4132 manifesto
432 4085 518 4144 errat,
546 4080 671 4148 equitum
695 4097 798 4136 noman
822 4082 850 4135 ia
873 4081 980 4146 turmis,
1008 4097 1145 4150 equorum
1167 4079 1340 4150 publicorum

212 4166 380 4232 substitisse,
413 4174 517 4222 ceteros
546 4174 655 4223 tautum
683 4170 787 4224 iudices
815 4171 966 4240 appellatos
994 4171 1124 4225 scribens.
1172 4168 1240 4236 Quis
1267 4167 1340 4223 enlm

212 4256 306 4321 nescit,
335 4256 442 4325 equites
469 4259 609 4312 communi
637 4258 808 4328 antiquitatis
837 4275 972 4313 consensu
1000 4257 1163 4327 Sempronia
1190 4257 1250 4326 lege
1273 4256 1341 4310 iudi·

213 4360 288 4398 casse
307 4345 421 4410 narrari,
445 4346 536 4400 nullos
559 4346 646 4401 alios?
682 4349 736 4403 Sed
755 4349 875 4418 abripuit
893 4347 1021 4413 Plinium,
1049 4352 1081 4401 ut
1099 4346 1257 4416 sepissime,
1286 4350 1342 4399 stu·

213 4433 289 4487 diurn
308 4434 408 4489 vetaris
425 4434 607 4504 simplicitatis
626 4437 779 4501 laudande,
804 4439 846 4494 sui
866 4437 997 4507 temporis
1016 4435 1178 4506 arrogantiae
1197 4435 1342 4505 repreben-

214 4521 318 4576 denda.
