2948 5206
705 342 768 407 709

133 541 250 623 nequit
272 539 458 621 frustraque
483 537 665 603 advocatur
681 558 721 603 ex
737 537 865 603 Electra
880 556 994 602 versus
1010 537 1074 602 641
1091 535 1237 600 omnium
1255 533 1339 598 iudi·

135 649 185 714 cio
210 651 393 729 corruptus.
438 644 525 709 Usus
550 647 621 709 erat
643 645 815 728 Euripides
844 643 1015 709 notissima
1037 641 1193 708 orationis
1217 640 1338 706 torma:

351 803 495 872 Προξὲνων
514 797 544 853 ο“
561 801 592 853 ἓν
612 806 660 854 τοῦ
677 804 817 870 κατέσχεςς

134 955 172 1012 ut
196 947 277 1012 dixit
300 945 378 1011 alibi
401 951 431 1004 ἐν
448 948 548 1022 ἀνδρός
566 947 752 1019 εὐσεβεστάτου
771 955 927 1022 τραφῆναις
952 943 1103 1010 librarius
1127 963 1239 1008 casum
1263 961 1341 1025 pro·

135 1053 277 1120 nominis
313 1053 356 1118 ad
391 1052 655 1134 praepositionem
689 1051 963 1129 accommodavit,
998 1070 1065 1116 non
1098 1053 1178 1128 tarn,
1215 1049 1340 1132 opinor,

135 1158 321 1243 ignorantia
345 1158 431 1223 illius
454 1162 627 1224 structurae
656 1177 756 1241 quam
785 1159 959 1223 oscitantia
989 1158 1133 1241 quadam
1160 1176 1221 1221 nec
1250 1155 1341 1239 quic·

135 1286 239 1349 quam
262 1265 418 1348 cogitans,
442 1284 508 1330 non
530 1269 600 1329 tam
624 1263 719 1329 facile
742 1263 883 1330 tortasse
899 1266 1122 1343 aberraturus,
1145 1264 1172 1328 si
1189 1262 1341 1328 substan·

136 1374 194 1438 tivi
218 1372 379 1455 genitivus
402 1372 538 1437 clariore
561 1371 703 1455 imagine
726 1371 875 1436 animum
898 1371 1068 1454 tetigisset.
1103 1370 1231 1437 Similes
1251 1389 1341 1435 erro·

135 1500 189 1545 res
234 1478 361 1544 notavit
399 1477 584 1543 Schaeferus
602 1478 667 1543 .ad
709 1477 842 1561 Gregor.
878 1477 1023 1544 Corinth.
1054 1498 1087 1560 p.
1111 1478 1169 1556 86,
1216 1477 1341 1559 Appar.

135 1586 307 1652 Demosth.
331 1584 344 1649 l
367 1605 401 1667 p.
425 1584 501 1649 386.

227 1760 449 1844 cilbd.‘150,
475 1760 550 1825 ⁷51.
597 1760 720 1826 Creusa
744 1761 878 1827 chorum
904 1761 1093 1845 alloquitur:

353 1915 510 1988 Jqpvirar'·
547 1919 572 1970 ελ
588 1915 643 1988 γάρ
661 1914 758 1988 α’γαθά
776 1936 826 1989 μοι
843 1916 982 1990 μηνύσετε,

354 2003 403 2057 οὖν
421 2008 459 2065 ελς
476 2003 604 2065 aaaron
622 2004 753 2066 δεσπότας
770 2009 863 2074 βαλεῖς
876 2003 976 2078 χαράν.

136 2152 220 2217 Haec
243 2151 271 2216 si
294 2169 372 2215 vera
395 2154 483 2230 sunt,
511 2152 674 2216 sententia
697 2155 762 2217 est:
793 2153 820 2217 si
843 2153 919 2217 laeta
942 2151 1022 2216 mihi
1044 2150 1247 2229 nuntiabitis,
1276 2169 1343 2216 non

137 2259 272 2324 credere
294 2257 443 2322 nolentes
466 2256 616 2322 dominos
647 2256 715 2340 (me
743 2256 925 2340 dominam)
953 2258 1066 2323 laetitia
1093 2257 1242 2323 afficietis
1270 2255 1343 2339 (sed

136 2365 238 2430 fidem
262 2364 386 2429 habere
414 2361 599 2446 paratam);
628 2384 734 2447 neque
758 2369 871 2432 ἄπιστος
893 2366 939 2430 sic
960 2364 1063 2447 accipi
1079 2383 1177 2447 posse
1199 2382 1343 2445 negave-

138 2473 211 2549 rim,
247 2470 402 2553 quoniam
434 2469 533 2534 etiam
566 2471 775 2555 Thucydides
804 2472 861 2550 IV,
895 2471 934 2536 17
967 2474 1156 2536 ἀπιωοιάωις
1183 2474 1343 2546 εὐπραγίαις

138 2579 231 2657 dixit,
267 2577 322 2659 qui
353 2576 485 2642 fortuna
513 2597 579 2642 non
609 2579 824 2655 confiderent;
852 2579 911 2643 sed
939 2598 1037 2646 nemo
1060 2598 1206 2662 unquam
1230 2576 1343 2643 Graece

138 2685 221 2750 dixit
250 2688 361 2757 βάλλειν
376 2687 470 2759 χαράν
492 2691 519 2749 ἔς
541 2709 617 2762 τινα,
652 2689 688 2750 ut
722 2690 808 2750 esset
839 2687 983 2751 lotitiam
1013 2688 1157 2768 iniicere,
1189 2689 1342 2765 inscitior,

138 2811 206 2857 non
229 2793 334 2875 magis
358 2810 456 2873 quam
481 2793 578 2866 φόβον,
597 2793 694 2868 ὁρμήν,
719 2793 793 2857 alia.
840 2791 977 2875 Scripsit
999 2793 1185 2876 Euripides:
1286 2825 1292 2838 ·

356 2945 410 3000 Οὐκ
428 2950 466 3008 εἰς
484 2946 630 3001 ἄπιστον
648 2945 777 3006 δεονιόεας
793 2948 883 3013 βαλεῖς
897 2947 998 3022 χαράν,

139 3112 205 3157 non
229 3092 263 3156 in
286 3092 419 3157 incertae
442 3093 518 3158 fidei
541 3093 697 3176 gaudium
721 3093 889 3158 dominam
907 3094 1067 3159 coniicies.
1102 3095 1225 3161 Eodem
1244 3095 1343 3161 modo

139 3206 167 3264 ἐς
185 3202 273 3275 φόβον
290 3203 399 3272 βάλλειν
422 3201 503 3266 dixit
525 3200 647 3265 Troad.
674 3200 769 3264 1051.
805 3200 873 3265 Nec
895 3201 939 3265 ad
961 3203 1157 3266 sententiam
1180 3203 1242 3267 loci
1263 3201 1344 3268 nihil

140 3308 287 3371 interest.
322 3308 426 3373 Multo
443 3308 529 3372 enim
546 3308 650 3389 magis
674 3307 717 3372 ad
741 3327 810 3371 rem
834 3308 896 3371 hoc
919 3308 1069 3389 pertinet,
1094 3311 1230 3374 chorum
1253 3309 1343 3390 nihil,

140 3415 192 3479 cui
215 3434 282 3479 non
306 3415 395 3479 credi
418 3417 490 3479 tuto
513 3414 627 3496 possit,
653 3412 826 3491 dicturum,
856 3413 997 3478 dominae
1021 3415 1213 3497 praesertim,
1243 3435 1343 3499 quam

140 3520 298 3586 Creusam
331 3521 438 3602 ipsam
469 3520 512 3586 ad
544 3519 744 3584 credendum
775 3523 928 3602 paratam
959 3539 1042 3585 esse.
1088 3521 1231 3587 Proximi
1263 3522 1343 3587 sub·

140 3627 275 3692 stantivi
300 3647 395 3692 casus
419 3626 627 3704 adiectivum,
651 3630 688 3690 ut
711 3626 789 3691 alibi
812 3647 878 3692 non
901 3647 986 3705 raro,
1015 3629 1114 3694 traxit
1137 3627 1264 3711 sibique
1287 3648 1343 3693 ac·

140 3734 372 3800 commodavit.

232 3909 267 3990 d)
290 3910 388 3975 Herc.
413 3911 488 3975 Eur.
514 3911 599 3976 1318
623 3931 694 3994 sqq.
719 3911 875 3995 (loquitur
898 3909 1085 3993 Hercules):

357 4065 533 4137 Ἐωιεψᾶμην
551 4067 590 4129 δέ,
611 4074 707 4136 καίπερ
725 4067 755 4119 ἐν
773 4070 895 4120 κακοῖσιν
913 4066 961 4132 οἶν,

356 4155 396 4227 μή
417 4158 524 4209 δειλίαν
542 4153 617 4225 ὄφλοι
629 4153 688 4218 τίν’,
708 4154 828 4208 ἐκλιπολν
840 4153 917 4225 φάος.

359 4242 414 4304 Τάς
431 4242 574 4315 copq-opu'c
592 4242 648 4313 γάρ
666 4241 736 4302 ὅστις
753 4242 803 4296 οὔκ
821 4244 966 4310 ἐπίσταται,

357 4330 455 4397 θνητός
473 4330 608 4402 πεφυκώς,
626 4330 659 4384 ὃν
675 4329 775 4402 τρόπον
790 4330 890 4404 χρεών,
912 4340 1013 4404 φερειν,

357 4418 419 4474 οὐδ’
436 4419 536 4490 dunois
554 4421 591 4474 ἄν
609 4419 722 4474 δύναιθ’
741 4418 886 4486 ὑποστῆναι
904 4424 988 4492 βέλος.

358 4507 559 4580 Ἐγναρτερήσω
577 4507 719 4563 θάνατον·
737 4509 794 4581 εἶμι
813 4510 870 4570 δ”ἰς
887 4509 967 4563 πόλιν

356 4596 406 4663 τήν
423 4599 482 4663 σήν,
498 4595 585 4670 χάριν
602 4617 628 4652 τε
644 4606 752 4670 μορίων
771 4597 871 4670 δώρων
889 4601 950 4670 ἔχω.
