2948 5206
624 330 686 394 451

109 543 169 607 eque
197 544 256 608 per
289 546 326 590 se
353 544 461 606 neque
490 527 522 589 in
550 527 702 589 omnibus
731 526 846 608 linguis
876 546 947 590 esse
970 528 1111 592 sciamus
1136 528 1256 611 (potest

109 631 154 696 nim
182 632 241 697 alio
275 632 375 698 modo
410 632 515 696 eidem
543 633 591 696 rei
620 650 691 697 esse
719 630 953 715 prospectum),
989 638 1022 697 et
1056 634 1089 697 in
1123 635 1256 717 singulis

109 742 177 822 aguis
197 760 270 805 eam
294 739 580 805 accommodemus
604 738 647 802 ad
671 757 719 816 ea,
756 757 829 819 quae
858 759 970 803 earum
999 741 1119 805 sintin
1144 741 1256 806 formis

109 847 215 928 mendis
249 845 392 930 propria.
440 845 525 910 Tum
560 847 593 910 in
628 846 806 911 formarum
842 866 903 909 usu
940 866 959 910 a
994 846 1100 927 prima
1134 847 1257 929 origine

109 953 234 1035 epotando
257 952 513 1027 meminerimus
537 973 603 1017 non
627 953 670 1017 ad
693 952 889 1034 explicatam
913 956 945 1016 et
969 954 1062 1034 quasi
1085 953 1118 1017 in
1141 953 1255 1018 tabula

109 1059 248 1142 ispositam
272 1061 525 1142 descriptionem
548 1078 660 1123 earum
690 1078 809 1136 rerum,
846 1079 923 1141 quar
951 1059 1171 1141 significandae
1205 1080 1256 1125 es·

109 1170 148 1245 tut
168 1172 252 1232 ortas
276 1171 308 1231 et
332 1165 538 1249 compositas
553 1186 624 1231 esse
648 1165 771 1230 formas
794 1165 1035 1248 grammaticas,
1061 1168 1255 1248 cogitemus·

109 1293 142 1350 ue,
161 1294 254 1356 quam
278 1273 373 1340 facile
397 1274 539 1339 maxime
563 1292 621 1350 eae,
647 1292 721 1354 quae
743 1292 809 1336 non
833 1273 865 1335 in
889 1271 1070 1336 rationibus
1093 1272 1255 1354 primariis

109 1380 238 1445 rdicandis
272 1381 388 1463 positae
423 1381 497 1458 sint,
532 1383 666 1462 propter
699 1380 868 1444 notionum
904 1379 1181 1461 propinquitatem
1213 1379 1256 1443 ad

109 1486 154 1565 ios,
175 1508 271 1570 quam
296 1487 415 1568 quibus
440 1486 611 1551 destinatae
634 1485 765 1562 fuerint,
788 1505 867 1549 usus
890 1485 1113 1549 traducantur.

151 1595 290 1659 Actionis
313 1592 442 1672 futurae,
480 1613 562 1676 quae,
599 1612 699 1675 quum
728 1591 823 1656 simul
847 1594 957 1654 mente
982 1590 1182 1673 concipiatur
1205 1591 1256 1656 ul·

109 1701 162 1764 erius
193 1702 292 1765 luturi
326 1701 482 1782 temporis
517 1704 736 1778 momentum,
779 1699 854 1762 hinc
888 1700 1037 1779 spectata
1071 1699 1256 1780 praeterisse

109 1804 215 1885 licetur,
254 1842 296 1852 -
331 1808 531 1889 praeteritam
560 1807 594 1871 in
617 1806 727 1871 futuro
750 1804 926 1887 appellant,
963 1837 1006 1849 -
1039 1804 1135 1868 huius
1159 1806 1256 1887 igitur

109 1911 192 1978 clionis
215 1917 346 1996 tempus
370 1915 403 1977 in
432 1913 646 1995 grammatica
674 1913 790 1976 Latina
818 1911 964 1975 futurum
995 1914 1146 1974 exactum
1177 1910 1255 1974 dici-

109 2035 149 2096 us,
178 2019 311 2102 eiusque
346 2019 547 2102 significandi
582 2022 779 2102 potestatem
811 2020 908 2083 certae
936 2017 1111 2082 verborum
1141 2016 1255 2082 formae

109 2123 227 2208 manif)
272 2124 339 2190 Sed
362 2145 410 2190 eae
438 2126 534 2208 vulgo
561 2144 675 2191 omnes
707 2124 958 2202 confunduntur,
994 2143 1095 2205 quum
1127 2125 1191 2188 sint
1223 2127 1256 2188 et
1270 2144 1296 2184 a

109 2231 182 2313 [igine
203 2235 235 2297 et
252 2252 320 2303 ,usu
345 2232 549 2314 aliquantum
572 2232 725 2309 diversae,
761 2235 793 2296 et
816 2251 916 2314 quum
949 2250 996 2295 eae
1026 2230 1150 2309 formae,
1181 2250 1256 2312 quae

109 2334 200 2403 imin
232 2339 367 2404 modum
400 2339 639 2404 coniunctivum
672 2339 882 2416 descendunt,
919 2338 1017 2401 etiam
1052 2336 1096 2400 ad
1130 2337 1255 2402 nudum

109 2447 257 2511 reterilum
281 2447 412 2528 tempus
436 2445 683 2528 significandum
706 2445 826 2510 sensim
850 2444 1009 2508 traductae
1032 2445 1107 2520 sint,
1133 2443 1255 2508 factum
1321 2435 1326 2446 ’

109 2552 185 2623 stul
211 2554 273 2616 huc
302 2552 412 2616 omnia
440 2553 643 2634 grammatici
673 2553 831 2617 referrent
860 2556 892 2616 et
915 2552 947 2616 in
972 2570 1033 2616 usu
1057 2550 1153 2614 huius
1178 2571 1255 2615 con·

109 2657 190 2722 unctivi
213 2658 405 2741 explicando
428 2659 556 2723 inverso
580 2659 692 2724 ordine
717 2681 735 2724 a
759 2660 903 2741 perlecto
928 2659 970 2722 ad
994 2659 1140 2722 futurum
1164 2658 1255 2722 veni-

109 2765 154 2837 or,
180 2766 225 2829 vel
259 2766 368 2848 potius
402 2763 547 2829 futurum
583 2786 716 2847 prorsus
745 2767 964 2830 excluderent.
1011 2765 1071 2843 Qui
1104 2785 1193 2829 error
1217 2785 1255 2831 eo

109 2881 170 2946 tque
192 2891 379 2954 progressus
409 2876 467 2948 cst,
504 2875 539 2935 ut
573 2892 638 2936 non
673 2873 832 2950 deessent,
869 2873 923 2955 qui
959 2872 1009 2936 vel
1044 2871 1254 2936 indicativum

109 2966 170 3037 illuri
197 2979 295 3042 exacti
332 2998 371 3042 ea
406 2978 459 3042 via
494 2981 600 3042 ortum
630 2983 793 3060 putarent.
840 2980 953 3061 ltaque
983 2978 1096 3043 ordine
1120 2998 1254 3060 progre-

109 3123 321 3145 X—

123 3225 184 3293 ¹ll15t
205 3242 290 3310 aliqua
319 3242 347 3295 in
377 3241 434 3310 ipso
463 3242 573 3296 nomine
601 3244 743 3298 dubitatio.
790 3244 876 3312 Vulgo
904 3243 977 3296 enim
1006 3260 1102 3296 omnes
1131 3244 1254 3297 scribunt

152 3320 357 3393 (lluddimannus,
385 3330 533 3398 Scyfertus
562 3330 626 3397 alii),
654 3332 858 3387 nilamonem
887 3334 938 3386 hac
965 3332 1148 3401 appellatione
1173 3348 1253 3385 usum

153 3427 206 3479 osa
230 3420 275 3472 sed
295 3420 369 3473 unde
387 3419 415 3471 id
434 3419 530 3483 sciant,
554 3437 608 3473 non
628 3422 740 3486 addunt,
769 3421 873 3490 opinor,
902 3437 934 3474 ea
954 3437 1044 3484 causa,
1073 3421 1147 3489 quod
1166 3436 1253 3473 unum

152 3509 267 3561 aucorem
290 3508 394 3562 habent
419 3508 438 3561 l.
458 3509 488 3562 G.
508 3509 647 3575 Vossium,
676 3511 722 3579 qui
746 3512 779 3564 dc
803 3510 908 3578 analog.
928 3509 965 3562 lIl
990 3526 1013 3562 c.
1033 3508 1067 3559 15
1092 3527 1108 3561 a
1132 3509 1254 3561 Varrone

152 3585 252 3650 futurum
270 3603 397 3650 exactum
416 3596 556 3665 appellari,
585 3606 614 3650 ut
632 3603 759 3665 oupertus
782 3603 839 3666 ipae
862 3600 970 3663 dixerit,
999 3596 1100 3650 scribit.
1138 3597 1191 3650 Sed
1210 3612 1254 3650 su·

153 3681 223 3740 itlius
238 3685 349 3740 Vossius
368 3685 395 3738 id
414 3702 469 3738 non
489 3685 556 3739 dixit
575 3685 674 3755 (neque
693 3689 716 3740 ll
736 3690 770 3742 de
789 3694 846 3741 arte
865 3703 981 3755 gramm,
993 3685 1025 3737 21
1041 3691 1089 3739 aut
1101 3684 1144 3749 31,
1164 3701 1253 3753 neque

153 3759 182 3817 lll
198 3771 225 3826 de
240 3775 312 3829 anal.
333 3775 375 3837 13,
394 3775 441 3828 ubi
461 3776 494 3828 de
513 3776 565 3828 hoc
584 3780 707 3844 tempore
726 3775 863 3844 disputat),
893 3782 923 3828 ut
943 3775 1021 3828 valde
1040 3774 1169 3841 suspicer,
1198 3790 1253 3827 me·

152 3858 220 3914 moria
235 3865 325 3918 virum
345 3864 559 3918 eruditissimum
579 3866 686 3934 lapsum
705 3883 772 3919 esse.
799 3866 830 3917 ln
849 3865 925 3917 libris
944 3865 1055 3931 quidem
1075 3861 1203 3916 Varronis
1220 3862 1254 3915 de

152 3934 225 4012 lingua
241 3953 297 4007 Lat.
319 3952 426 4006 nullum
446 3953 504 4007 eius
524 3955 641 4008 nominis
664 3955 807 4023 vestigium
832 3959 885 4011 est;
915 3969 965 4005 nec
989 3958 1093 4006 ceteros
1116 3968 1253 4020 gramma·

152 4025 204 4089 5⁰0⁸
218 4049 320 4097 veteres
339 4047 388 4096 aut
407 4043 479 4111 ipsos
499 4061 531 4097 eo
550 4044 660 4096 nomine
683 4060 747 4096 usos
770 4047 818 4094 aut
838 4042 966 4095 Varronis
991 4041 1019 4093 in
1039 4057 1071 4094 eo
1090 4039 1253 4094 auctoritate

152 4127 241 4187 reledo.
277 4132 328 4184 Th.
348 4131 462 4186 Linacer
486 4132 532 4196 (de
555 4133 661 4186 emend.
681 4135 818 4184 structura
841 4131 899 4184 Lat.
919 4147 1000 4183 serm.
1020 4148 1046 4199 p.
1065 4128 1099 4182 29
1119 4130 1160 4183 ed.
1180 4129 1253 4198 Lips.

152 4199 214 4280 1555)
237 4219 416 4288 Pomponium
447 4223 528 4275 huius
555 4221 674 4273 nominis
702 4225 841 4287 auctorem
870 4220 941 4272 iacit.
992 4220 1074 4273 Putes
1108 4217 1254 4287 significari

152 4287 220 4360 ¹00un1
238 4308 391 4378 Pomponii,
411 4311 457 4379 qui
477 4317 517 4364 est
536 4310 553 4362 l.
573 4308 660 4362 1231)
680 4310 713 4361 de
727 4309 801 4361 verb.
817 4308 928 4376 signific.
942 4306 995 4373 (50,
1016 4306 1068 4374 16),
1088 4307 1136 4361 ubi
1157 4308 1254 4361 eadem

152 4381 276 4461 disputatio
295 4399 447 4468 attingitur,
466 4416 527 4467 quae
547 4399 619 4466 apud
639 4397 705 4451 Gell.
725 4398 806 4461 XVII,
827 4397 842 4448 7
862 4397 984 4465 exposita
1003 4403 1051 4451 est.
1090 4396 1144 4450 Sed
1163 4413 1197 4450 ne
1215 4395 1255 4449 ibi

151 4481 239 4543 laidem
258 4504 359 4541 nomeu
380 4488 493 4556 reperio.
531 4488 632 4541 Verum
653 4492 763 4540 utamur
782 4503 830 4555 pro
851 4490 968 4555 recepto.
