2948 5206
131 105 161 166 sit
186 102 282 183 facere
317 103 459 187 dipnam,
495 105 650 185 iaceacro,
686 126 751 188 quo
782 96 945 187 exemplo
959 123 1024 169 non
1054 103 1176 184 optime
1199 103 1301 168 utitur

132 209 356 274 lindemannus.

199 315 243 380 IV.
287 316 336 380 Ex
360 336 409 395 ea,
434 337 533 399 quam
557 318 648 383 initio
671 319 773 400 attigi,
798 318 1031 401 significatione
1054 317 1111 394 rei,
1136 336 1210 398 quae
1233 319 1299 382 iam

133 420 253 487 absoluta
276 427 365 488 certo
388 428 555 489 momento
579 424 648 489 lore
671 424 830 504 videatur,
859 426 886 489 is
914 424 1017 489 oritur
1040 443 1128 501 usus,
1158 444 1224 507 quo
1248 424 1299 490 iu·

133 531 215 592 tuum
236 532 385 594 exactum
410 531 542 612 ponitur
565 531 605 595 de
630 552 678 608 eo,
715 531 803 614 quod
831 531 904 613 quis
933 529 1072 607 interim,
1109 529 1186 594 dum
1210 531 1299 596 aliud

133 634 191 715 quid
208 635 248 713 fit,
283 636 519 719 aliquantisper
550 637 637 715 lacit,
673 638 733 702 etsi
766 638 855 702 nulla
885 637 1000 702 subest
1030 636 1221 719 significatio
1253 640 1299 703 rei

133 740 317 820 perficiendae,
352 743 411 807 sed
442 744 529 825 quod
560 748 672 809 tamen
704 744 839 809 actionis
868 745 953 808 intra
976 743 1132 824 temporis
1155 744 1299 826 spatium

133 848 260 914 anolusae
287 849 362 914 finis
397 854 430 914 et
464 851 599 916 ulterius
633 855 764 934 tempus
799 851 908 916 animo
943 851 1146 915 obversatur.
1193 851 1299 916 Huius

131 955 229 1032 generis
250 957 321 1020 haec
344 959 435 1021 sunt:
458 957 565 1022 Plaut.
588 959 697 1022 Aulul.
716 959 767 1037 IV,
792 959 822 1036 5,
848 960 884 1022 6:
913 956 1083 1039 Tantisper
1105 957 1156 1020 tic
1179 978 1232 1041 epo
1256 958 1300 1021 ad

133 1058 234 1124 inuam
262 1083 453 1140 concessero:
488 1064 613 1129 Mostel.
638 1065 689 1142 ΙΙΙ,
725 1066 753 1143 1,
787 1065 864 1129 157:
900 1064 960 1127 dac
990 1083 1174 1146 concessero,
1211 1063 1298 1128 Dum

133 1163 191 1228 miti
207 1175 345 1233 samam
368 1172 492 1234 consilii
519 1173 552 1235 ia
580 1193 634 1235 cor
656 1192 799 1248 convoco:
833 1170 984 1235 Pseudol.
1009 1170 1032 1247 l,
1061 1170 1091 1250 5,
1127 1171 1205 1236 160:
1245 1171 1298 1235 Ti·

132 1266 196 1334 ticca
215 1294 261 1339 cos
283 1277 406 1340 interea
432 1277 483 1341 hic
510 1274 757 1360 delectaverit¹);
793 1278 975 1342 Trinumm.
999 1277 1050 1353 ΠΙ,
1077 1279 1105 1353 1,
1130 1279 1187 1343 24:
1224 1278 1299 1343 Huc

133 1374 300 1462 dianetum
325 1382 508 1449 abscessero,
555 1385 651 1449 Addo
675 1385 740 1449 Mil.
765 1385 802 1463 Π,
827 1387 857 1462 2,
881 1385 941 1460 45,
966 1384 1055 1448 Trin.
1080 1383 1131 1462 IV,
1162 1387 1192 1463 2,
1224 1386 1297 1461 165,

133 1478 201 1564 ipit.
220 1487 268 1561 ΙΙΙ,
300 1490 332 1566 4,
366 1491 406 1554 78
438 1491 513 1572 (etsi
544 1492 588 1555 ibi
620 1513 686 1556 non
708 1496 776 1556 tam
801 1492 863 1556 hoc
886 1491 978 1555 dicit:
1015 1489 1105 1553 adibo
1130 1493 1299 1576 paulisper

133 1595 300 1667 namhoc:
325 1617 409 1659 arcac
432 1595 532 1678 abido,
555 1598 610 1661 sed
620 1605 692 1682 post
713 1597 834 1673 redita
859 1597 1042 1678 celeritatis,
1067 1617 1165 1679 quam
1182 1598 1297 1664 Linde-

133 1711 242 1766 mannus
263 1706 371 1766 inesse
395 1707 490 1784 putat
512 1703 555 1768 ob
578 1704 778 1787 praeeedenS,
808 1705 932 1786 opinor,
955 1723 1106 1787 propera,
1136 1705 1225 1769 nulla
1249 1712 1299 1771 est

134 1798 305 1889 nudatio)
329 1813 364 1873 et
386 1809 519 1874 Terent.
543 1810 721 1877 Heautont.
744 1811 768 1891 Ι,
796 1812 824 1885 1,
850 1810 923 1873 122.

176 1912 230 1977 Ἰ.
244 1915 348 1980 Paulo
370 1917 496 2000 longius
520 1937 540 1982 a
563 1917 670 1999 prima
692 1918 815 1999 origine
839 1916 985 1993 discedit,
1010 1916 1097 1980 omni
1123 1918 1190 1982 tere
1213 1939 1298 2000 prae·

135 2012 197 2081 lenti
215 2022 342 2086 notione
370 2024 501 2088 sublata
530 2045 569 2088 ae
597 2044 639 2088 ne
668 2024 880 2088 absolutionis
909 2022 1040 2105 quidem
1069 2023 1131 2087 nisi
1161 2024 1299 2090 obscure

134 2122 241 2201 nanu,
269 2127 371 2193 futuri
395 2133 500 2194 exacti
524 2150 602 2195 usus
625 2132 659 2194 in
683 2132 729 2195 rei
753 2130 907 2195 dilatione
931 2129 1159 2212 significanda:
1189 2132 1299 2196 differ.-

135 2224 173 2288 tur
189 2232 290 2300 lamen
312 2255 365 2300 res
389 2237 422 2300 in
446 2257 547 2301 unum
571 2238 736 2319 quoddam
768 2240 972 2301 momentum
1002 2238 1159 2319 temporis
1189 2238 1298 2309 futuri.

135 2334 200 2408 l⁰0d
218 2341 383 2423 expletura
407 2352 471 2419 est;
507 2349 539 2408 et
569 2344 640 2409 hoec
672 2344 737 2407 iere
769 2344 839 2408 sola
868 2347 1016 2407 remanet
1044 2343 1133 2408 notio
1164 2345 1300 2409 seiuncti

135 2438 158 2498 ⁰¹
175 2443 357 2513 transeuntis
379 2452 537 2515 momenti
568 2454 601 2514 et
631 2470 719 2532 saepe
752 2452 795 2514 ab
826 2449 891 2513 alia
923 2449 1050 2512 actione
1082 2447 1300 2533 pendentis.²)

135 2537 206 2626 Soepe
225 2554 387 2619 adduntur
410 2557 577 2637 particulae
600 2579 672 2620 moa
695 2562 826 2640 etpost.
878 2557 984 2621 Plaut.
1010 2557 1103 2638 Capt.
1128 2557 1150 2634 Ι,
1181 2558 1212 2635 2,
1241 2557 1299 2621 91;
1315 2566 1341 2605 ³²

136 2642 190 2725 (stt
208 2660 284 2724 intro
307 2662 383 2744 cet.)
408 2664 462 2727 Ad
483 2659 631 2747 fratrem,
661 2685 719 2749 qao
743 2666 791 2727 ire
814 2664 970 2745 dixeram,
1000 2684 1072 2727 moa
1096 2665 1196 2738 icero:
1228 2664 1300 2728 Cas

136 2748 216 2841 ΠΗ,
239 2768 294 2832 15;
318 2777 391 2852 post
414 2791 582 2835 concepero
605 2771 677 2853 (sed
700 2793 730 2834 v.
759 2773 813 2835 18:
842 2771 897 2834 ¹abi
920 2772 1038 2854 ›raptiae
1063 2769 1206 2852 Fuerint,
1235 2779 1299 2834 turn

137 2857 206 2931 dam
224 2874 414 2957 corinthon
449 2877 601 2943 Pseudol.
626 2879 662 2955 ll,
688 2880 717 2956 2,
748 2878 805 2941 52:
842 2885 874 2940 at
898 2897 961 2962 epo,
996 2878 1123 2961 qaarrdo
1146 2899 1214 2941 eum
1239 2899 1302 2942 esse

136 2976 231 3041 taneto
250 2980 346 3060 domi,
370 2983 503 3059 rediero,
529 2988 561 3048 et
584 2986 621 3062 Π,
652 2986 683 3059 4,
708 2986 767 3049 31:
799 2984 882 3048 codis
896 2991 969 3067 post
993 3005 1178 3061 narravero,
1209 2989 1241 3048 et
1263 2985 1300 3061 ΙΙ,

135 3070 158 3147 t
175 3078 221 3148 65:
242 3089 304 3172 ipsi
326 3088 438 3153 dicero
462 3089 541 3173 (non
564 3091 623 3155 tibi
647 3089 757 3174 nunc).
803 3091 888 3155 Add.
912 3091 1002 3167 Pers.
1028 3091 1064 3167 ΙΙ,
1095 3092 1125 3167 2,
1156 3092 1186 3167 3,
1216 3090 1301 3154 Tru·
1362 3078 1365 3083 ’

136 3182 180 3247 ⁰¹11·
197 3189 229 3270 II,
250 3196 282 3271 6,
306 3196 359 3273 66,
385 3195 518 3261 Terent.
543 3197 623 3262 Hec.
648 3198 697 3274 IV,
722 3198 753 3275 4,
779 3198 831 3262 78.
878 3197 1057 3261 Coniuncta
1087 3199 1197 3260 autem
1228 3215 1301 3259 eum

135 3282 271 3366 differendi
295 3304 428 3368 notione
451 3307 501 3369 est
524 3324 610 3368 eurae
635 3308 693 3368 aut
716 3306 748 3368 in
765 3305 864 3368 alium
881 3308 938 3367 aut
954 3304 988 3367 in
1004 3322 1038 3366 se
1055 3302 1300 3378 transferendae,

135 3412 180 3475 llo
197 3406 288 3473 simul
312 3428 351 3473 ea
375 3429 453 3474 cura
477 3410 634 3474 differtur.
681 3411 794 3492 Itaque
823 3411 869 3474 sic
898 3409 979 3473 dixit
1003 3409 1176 3473 Terentius
1199 3409 1301 3473 Andr.

130 3500 158 3584 Π,
175 3510 201 3589 6,
229 3515 288 3581 25:
321 3515 398 3599 Epo,
431 3518 517 3580 istaec
539 3525 619 3580 recte
642 3525 676 3580 ut
696 3516 787 3599 fiarrt,
820 3517 937 3593 ridero,
969 3521 1002 3580 et
1024 3516 1164 3596 Adelph.
1188 3515 1240 3593 IV,
1274 3517 1302 3591 l,

93 3854 96 3861 ·
141 3812 161 3881 ¹)
175 3816 282 3871 P1aeter
301 3818 354 3871 hoc
372 3817 479 3872 nullum
499 3818 587 3871 habeo
607 3817 763 3885 exemplum
783 3817 834 3870 nisi
853 3817 948 3886 primae
967 3833 1099 3886 persona.

135 3902 233 3974 'lllon
252 3906 350 3975 utique
370 3906 440 3961 inest
459 3906 618 3975 significatio
639 3907 770 3960 momenti
790 3909 909 3959 celeriter
922 3905 1072 3969 transituri,
1092 3904 1166 3972 quod
1180 3904 1305 3957 nonnulli

170 3994 301 4049 ridentur
319 3996 437 4050 credere.
475 3996 543 4050 Nam
569 3997 615 4065 qui
642 3998 707 4050 Post
728 3998 816 4049 videro
835 3995 908 4058 dicit,
937 3995 959 4047 is
983 3994 1074 4062 potius
1101 3995 1159 4047 eius
1183 3992 1222 4046 rei
1244 4008 1306 4046 con-

167 4084 370 4139 siderationem
389 4086 524 4154 promittit
543 4102 598 4139 non
618 4086 817 4139 brevissimam.
854 4083 920 4146 (Das
945 4082 1012 4134 wird
1036 4087 1129 4149 spater
1152 4081 1306 4135 betrachtet

166 4175 293 4238 werden,
317 4190 349 4228 zu
368 4174 529 4228 betrachteu
548 4174 628 4237 sein.)
