2948 5206
223 100 279 166 Or.
303 101 340 179 Π,
371 101 415 166 52
437 107 586 184 apparet,
621 101 692 166 haec
721 103 836 167 verbat
871 124 966 189 quum
994 111 1023 168 tc
1050 124 1147 190 neque
1168 106 1332 188 principes

133 210 271 273 sicinio
293 207 437 293 repando
458 229 556 294 nequis
588 242 630 252 —
659 209 809 294 frequens
836 216 963 275 serimus
991 210 1113 295 apendo
1142 209 1182 274 dc
1203 212 1331 275 vendita

133 323 227 401 atquo
249 314 380 379 addicto
402 317 556 378 sonim
577 335 699 379 morare
715 317 829 399 potui,
858 317 938 381 satis
961 317 1098 381 moleste
1120 316 1252 399 adiungi
1273 337 1331 383 su·

132 421 316 504 perioribus
345 442 441 506 quum
468 421 628 503 particula
657 422 731 507 (quo
758 420 916 506 tempore),
951 422 1028 504 quia
1056 423 1242 488 huiusmodi
1271 425 1330 488 ad-

132 529 255 593 iunctio
278 528 319 592 de
342 528 391 604 iis,
427 549 500 611 quae
528 533 602 611 post
633 532 807 593 consecuta
834 532 920 607 sunt,
954 549 1072 611 parurn
1102 534 1181 611 apta
1210 535 1259 594 est
1288 532 1331 595 ad

132 635 430 717 interrogationem,
466 655 532 718 qua
560 636 750 722 ostenditur,
785 635 865 699 nihil
893 635 993 717 iniqui
1024 636 1224 718 postulatum
1248 656 1329 716 esse,

133 746 167 805 et
190 742 268 822 quia
290 738 437 823 sequitur
459 742 620 806 sententia
644 742 803 807 eiusmodi
826 742 869 806 ab
893 742 1049 807 adverbio
1073 745 1228 826 temporis
1250 745 1330 808 inci·

132 847 237 929 piens,
272 848 323 912 cui
354 848 424 913 haec
454 849 558 913 multo
589 847 705 913 melius
736 848 890 930 praemitti
921 850 1061 930 protasis
1091 850 1163 915 loco
1189 852 1330 932 possint:

134 954 239 1034 Qum
260 961 289 1018 te
311 975 408 1040 oeque
424 956 588 1038 principes
610 956 748 1018 &vimis
769 988 812 1000 -
836 974 933 1040 neque
949 988 991 1002 -
1008 963 1136 1020 sendus
1153 991 1193 1001 -
1210 977 1332 1021 moom

126 1061 242 1146 potuit,
277 1068 344 1125 tum
371 1061 453 1125 illud
481 1063 553 1138 cet,
589 1064 626 1124 ut
655 1060 863 1142 significetur,
898 1061 1099 1143 pedetentim
1124 1067 1157 1127 et
1178 1063 1330 1128 omnibus

133 1171 211 1231 ante
234 1168 368 1232 tentatis
391 1172 540 1233 senatum
570 1171 639 1233 tam
663 1186 776 1232 severe
799 1167 840 1232 de
862 1168 1006 1232 Antonio
1029 1168 1221 1234 decrevisse.
1268 1170 1331 1235 lta·

132 1293 199 1355 que
221 1274 267 1338 sic
289 1275 323 1339 in
346 1275 442 1339 tertia
458 1274 599 1339 editione
613 1275 793 1340 sententias
808 1274 1067 1356 interpungendo
1083 1275 1329 1357 descripseram.

132 1380 284 1445 Halmius
300 1380 425 1462 longius
448 1401 638 1463 progressus
661 1381 760 1445 etiam
784 1380 817 1445 in
840 1381 1006 1462 superiore
1029 1400 1089 1462 per
1111 1402 1206 1467 quum
1227 1383 1330 1464 parti·

133 1486 242 1551 culam
269 1487 476 1553 adiunctione
496 1487 658 1552 dubitavit
681 1487 781 1569 (Quid
808 1486 964 1570 cupide-a
981 1494 1101 1567 mictu,
1125 1487 1203 1573 quid
1219 1495 1331 1553 temm

130 1593 236 1677 fiebat,
259 1615 354 1680 quum
377 1601 412 1658 tu
436 1628 475 1638 —
495 1594 688 1677 prohibuisti
711 1628 751 1638 —
776 1613 873 1678 neque
895 1600 929 1657 tu
951 1600 1051 1656 tecum
1074 1627 1117 1639 -
1142 1595 1197 1678 api
1213 1615 1331 1678 passaw

133 1699 222 1782 esst).
269 1700 382 1782 ltaque
404 1704 508 1766 totum
533 1702 641 1767 locum
670 1702 716 1764 sic
744 1700 883 1765 tortasse
909 1701 1203 1782 interpungendum
1232 1707 1329 1783 puta·

132 1807 195 1872 vit:
226 1807 311 1887 Quid
333 1842 376 1853 —
397 1807 513 1890 fiebat?
547 1808 650 1887 Qum
672 1813 705 1870 tu
729 1840 772 1852 -
790 1805 992 1889 prohibuisti,
1016 1826 1113 1891 oeque
1134 1814 1169 1871 tu
1193 1841 1233 1851 -
1252 1827 1329 1891 pas·

132 1935 188 1980 mcc
199 1935 241 1997 es,
259 1914 352 1998 (quid
363 1922 467 1979 uidem
483 1913 637 1998 opebutur
649 1947 689 1957 -
701 1911 850 1994 funditus
864 1913 982 1993 vato)
999 1933 1094 1998 quum
1109 1920 1144 1977 tu
1163 1933 1261 1999 nequeo
1276 1948 1328 1988 -‚

132 2029 200 2085 tum
221 2020 304 2084 iilud
326 2026 387 2085 cet.
434 2021 498 2085 Sed
528 2040 634 2102 neque
663 2020 709 2085 sic
736 2019 905 2083 interiecta
932 2019 1120 2101 parenthesi
1149 2020 1329 2085 continuari

132 2127 166 2192 h.
190 2127 211 2191 l.
235 2126 339 2192 oratio
362 2131 500 2209 poterat,
529 2126 619 2191 nulla
642 2126 755 2191 addita
784 2125 852 2190 eius
879 2125 926 2190 rei
954 2125 1188 2208 significatione
1210 2124 1328 2205 (vetutt

131 2234 188 2299 sed
210 2254 306 2320 quum
329 2231 414 2316 cet),
447 2238 480 2298 et
501 2233 592 2298 illam
615 2233 811 2298 sententiam
834 2252 931 2318 noque
953 2239 993 2296 tu
1015 2266 1058 2278 —
1076 2251 1194 2316 passus
1217 2253 1249 2297 oa
1270 2252 1330 2315 per

132 2341 278 2422 seponi,
307 2359 374 2405 non
396 2345 523 2422 partem
548 2340 688 2423 protasis
712 2358 793 2417 esse,
821 2339 928 2421 ipsum
952 2358 1133 2422 pronomen
1155 2338 1216 2421 (tu)
1239 2340 1329 2407 addi·

132 2452 203 2512 tum
227 2448 378 2522 ostendit,
414 2450 447 2511 et
477 2446 531 2512 illo
561 2446 633 2512 loco
663 2450 751 2512 recte
781 2445 881 2510 hahet
911 2447 1072 2528 particula
1102 2467 1198 2532 quum
1221 2448 1330 2511 vincta

133 2555 238 2619 oratio
261 2551 361 2636 (Quid
383 2552 495 2637 aspide
518 2572 539 2615 a
561 2559 673 2617 senatu
693 2551 788 2634 fiebat
810 2571 844 2615 eo
866 2559 1011 2636 tempore,
1040 2573 1100 2636 quo
1127 2560 1162 2617 tu
1185 2587 1226 2597 -
1257 2555 1330 2616 uni·

133 2681 257 2725 veroum
279 2659 421 2724 ordinem
444 2659 609 2722 doeernm
626 2655 863 2742 prohibuisti3).
899 2658 964 2723 Sed
987 2659 1085 2723 etiarn
1102 2658 1136 2722 in
1150 2659 1330 2741 posteriore

132 2767 189 2833 illa
211 2767 307 2832 huius
331 2766 391 2832 loci
414 2769 518 2847 parte,
542 2768 578 2828 ut
601 2764 732 2845 quidem
756 2783 843 2828 nunc
865 2766 1101 2846 scriptumest,
1126 2765 1329 2829 redeundum

133 2874 197 2939 fuit
218 2874 261 2938 ad
284 2877 428 2938 veterem
451 2872 760 2953 interpunctionem
794 2889 902 2952 neque
933 2869 1019 2934 enim
1048 2870 1125 2935 ferri
1147 2871 1329 2952 perfectum

133 2980 299 3045 indicativi
322 2988 451 3061 tempus
474 2982 582 3060 potest
604 2978 637 3042 in
660 2977 723 3042 hac
745 2976 899 3042 orationis
923 2976 1043 3042 torma:
1069 2977 1172 3056 Qucum
1188 2984 1217 3040 te
1233 2997 1330 3063 neque

126 3088 292 3172 pompos
323 3120 364 3131 -
393 3106 490 3171 oeque
519 3092 646 3149 sendus
680 3119 721 3129 -
756 3103 877 3147 movere
904 3085 1048 3167 potuit,
1083 3090 1149 3146 tum
1183 3082 1331 3166 (propter

132 3193 223 3258 illam
246 3194 352 3275 ipsam
375 3191 523 3275 causam)
555 3192 636 3256 illud
658 3225 701 3237 —
724 3190 782 3254 tibi
804 3191 918 3254 odnie
939 3189 1093 3272 inflictum
1117 3197 1170 3255 eat.
1216 3190 1329 3272 Itaque

134 3320 208 3365 eam
231 3300 524 3381 interpunctionem
547 3298 594 3363 ita
616 3298 753 3375 restitui,
779 3300 816 3361 ut
837 3297 944 3379 ipsam
967 3300 1079 3362 tamen
1102 3296 1245 3361 devera
1267 3295 1329 3361 loci

133 3407 240 3472 forma
262 3406 458 3471 sententiam
480 3425 547 3470 non
569 3408 746 3482 mutarem
769 3406 849 3485 puto
865 3404 952 3468 enim
967 3423 989 3468 a
1003 3403 1157 3470 Cicerone
1172 3403 1328 3485 scriptum

133 3514 249 3579 tuisse:
278 3547 320 3559 -
348 3513 463 3577 omos?
496 3513 599 3592 Qum
628 3518 657 3575 te
686 3530 784 3596 neque
808 3511 972 3594 principos
993 3511 1130 3575 oviis
1158 3544 1200 3554 -
1231 3530 1330 3595 neque

131 3619 282 3704 frequms
311 3625 439 3684 senam
471 3653 512 3662 —
544 3617 583 3682 de
611 3653 653 3663 -
684 3619 838 3682 sommia
867 3636 988 3681 movere
1018 3618 1228 3701 potuisset,
1263 3622 1329 3680 tum

131 3726 215 3790 illud
249 3730 310 3791 cet.
363 3725 429 3790 Sed
461 3723 648 3791 huiusmodi
681 3723 856 3806 suspicioni
889 3723 986 3788 nullis
1021 3723 1169 3788 codicum
1203 3722 1332 3788 indiciis

132 3832 254 3896 adiutae
277 3833 312 3896 in
336 3835 488 3897 contextu
512 3830 689 3897 verborum
711 3830 821 3896 locum
844 3830 922 3895 dare
945 3825 1083 3913 nolui.¹)

161 4077 184 4146 ¹)
203 4076 283 4148 [Qua
307 4079 341 4134 ds
363 4096 402 4133 or.
420 4079 446 4133 11
468 4076 538 4146 §oo
559 4078 605 4133 iric
627 4077 798 4148 scripseram,
825 4077 958 4132 translata
980 4080 1045 4131 sunt
1072 4075 1101 4130 in
1125 4074 1194 4130 adv.
1220 4072 1284 4128 Crit.
1303 4073 1331 4129 11

204 4186 231 4255 n·
249 4165 323 4236 232]
1066 4246 1117 4306 48·
