2948 5206
639 306 704 371 549

63 503 207 585 quisque
231 502 388 585 principe,
420 505 579 583 tanquam
603 505 691 566 astro
715 501 833 584 aliquo,
869 505 966 565 natus
990 500 1041 578 sit,
1076 500 1177 564 talem
1200 500 1270 565 fieri

64 628 106 673 ac
135 610 282 691 peiorem
312 609 421 683 etiam,
458 608 619 673 audimus.
665 607 790 672 Deinde
825 611 936 672 autem
972 608 1055 671 scire
1071 630 1076 639 ·
1090 606 1269 688 cupiemus,

65 714 124 798 qui
146 715 221 779 haec
244 734 263 778 e
286 716 395 780 verbis
418 716 601 781 efficiantur
624 718 657 779 et
680 714 758 797 quid
787 714 829 779 sit
851 715 929 779 hoc:
963 713 1078 778 nobilis
1106 713 1184 799 quid
1212 715 1272 777 erit

67 821 134 885 nisi
163 820 282 885 ludus?
313 822 471 887 Videlicet
498 823 610 901 ,laidus
632 821 684 885 hic
708 821 825 885 dicitur
848 841 908 903 pro
931 820 1019 884 ludio
1042 821 1110 884 sire
1134 819 1270 898 lad-ione,

67 948 136 1010 quo
160 929 292 993 nomine
314 948 403 1012 saepe
427 931 516 994 venit
538 928 708 1011 gladiator.
754 927 799 991 Ut
827 928 879 992 hic
903 927 998 992 laidus
1020 947 1080 1009 pro
1103 926 1201 1005 ludia,
1225 927 1271 990 ita

67 1055 172 1119 repud
194 1054 255 1117 pro
277 1035 403 1121 rupibus
418 1034 471 1119 (l),
495 1037 542 1100 ita
564 1056 653 1098 oceno
675 1054 735 1116 pro
758 1033 952 1097 caenantibus
974 1035 1004 1111 2,
1031 1035 1104 1111 120,
1129 1034 1272 1098 οωιυίυἰα

68 1160 131 1224 pro
154 1143 293 1206 muricia
314 1141 345 1219 5,
375 1142 428 1219 82,
458 1145 491 1205 et
508 1163 621 1227 pupna
649 1162 709 1223 pro
726 1140 944 1225 preparantibus
972 1160 1072 1222 supra
1095 1160 1126 1203 v.
1152 1140 1216 1204 132
1239 1144 1273 1204 et
1396 1214 1402 1227 ι

69 1247 137 1313 alia
160 1248 294 1313 multa.l
343 1247 549 1331 Omagnam
581 1248 819 1313 confusionem!
854 1247 941 1325 Quid
972 1255 1021 1312 est
1053 1246 1141 1311 euim
1172 1246 1272 1325 aliud,

70 1373 112 1419 ex
143 1373 194 1431 eo,
229 1354 317 1435 quod
347 1356 522 1419 corruivium
553 1355 593 1419 de
622 1354 711 1419 omni
739 1373 876 1418 numero
901 1355 1110 1418 convivarum
1135 1352 1271 1430 dicatur,

71 1460 213 1539 efficere,
238 1460 301 1524 dici
324 1460 440 1525 etiam:
465 1481 518 1545 epo
538 1459 581 1543 fio
597 1462 781 1539 caumatum,
805 1466 841 1525 ut
857 1462 899 1525 sit
917 1462 1056 1537 conviva,
1081 1462 1114 1523 et
1128 1479 1271 1543 regnum,

71 1571 109 1633 ut
131 1568 175 1632 sit
197 1571 276 1632 rea?
304 1568 426 1632 Verum
449 1586 506 1632 cur
528 1568 599 1632 haec
623 1587 683 1649 ego
705 1570 775 1631 tam
798 1566 909 1631 multis
933 1569 1175 1631 commemoro?
1204 1565 1272 1630 Nisi

73 1674 162 1757 quod
184 1694 271 1757 aegre
295 1674 366 1740 iero
388 1693 445 1739 eos
469 1676 566 1756 ipsos,
591 1674 645 1756 qui
669 1673 916 1755 grammaticam
940 1673 1154 1737 subtilitatem
1178 1672 1273 1736 Iuve-

73 1781 138 1845 nali
161 1780 409 1863 interpretando
432 1781 589 1846 adhibere
613 1785 645 1844 et
674 1780 877 1861 superiorum
907 1780 1067 1843 rationem
1097 1778 1275 1843 emendare

75 1890 244 1961 conantur,
280 1887 323 1951 ad
350 1888 495 1977 *eandem
526 1888 689 1951 licentiam
721 1886 843 1951 revolvi
873 1889 921 1963 et,
957 1885 1098 1949 collectis
1129 1884 1275 1965 undique

75 1993 374 2071 observationibus,
415 1994 518 2077 ipsam
558 1997 710 2058 naturam
747 1993 906 2057 sermonis
941 1990 1114 2073 negligere.
1171 1990 1273 2068 Idem,

75 2118 173 2181 quem
208 2099 262 2163 hic
295 2102 405 2165 notavi
433 2100 466 2165 in
499 2102 630 2165 nomine
658 2102 728 2164 ludi
755 2099 946 2182 gladiatorii,
972 2118 1061 2162 error
1096 2097 1138 2161 ad
1173 2097 1274 2161 alium

77 2224 206 2288 quoque
229 2205 392 2270 luvenalis
420 2207 527 2271 locum
556 2208 712 2284 manavit,
747 2211 808 2271 sat.
831 2207 875 2269 Xl
899 2226 929 2269 v.
954 2205 1007 2281 20,
1042 2205 1098 2269 ubi
1125 2204 1275 2268 homines

77 2328 219 2394 nequam
255 2314 288 2374 et
322 2311 520 2390 luxuriosos,
555 2318 730 2396 postquam
765 2314 853 2377 bona
889 2311 1105 2388 comederint,
1141 2311 1185 2375 ab
1219 2309 1274 2374 illa

79 2436 233 2481 cenarum
256 2417 498 2500 magnificentia
522 2420 564 2483 a'd
588 2420 683 2483 rilem
708 2420 923 2502 gladiatorum
945 2423 1049 2483 artem
1071 2424 1104 2483 et
1119 2418 1274 2482 alimenta

78 2523 179 2606 redigi
205 2523 300 2588 dicit:
334 2524 379 2588 cic
406 2528 533 2589 venium
562 2527 606 2590 ad
634 2527 832 2589 ruiscelluuec
862 2526 941 2589 ludi.
988 2527 1070 2589 Nam
1096 2524 1276 2589 Salmasius

75 2628 131 2713 (ad
156 2630 257 2694 Treb.
281 2631 434 2697 Pollionis
458 2632 573 2697 Claud.
598 2652 625 2694 c.
649 2633 680 2708 5,
704 2636 783 2696 tom.
800 2632 827 2694 ll
851 2653 882 2713 p.
905 2630 983 2712 362)
1007 2633 1077 2695 ludi
1098 2652 1159 2713 pro
1183 2630 1274 2707 ludii,

73 2737 278 2802 nominativo
304 2757 392 2815 casu,
417 2759 489 2804 esse
511 2742 616 2822 putat,
640 2741 888 2819 grammaticam
905 2759 971 2803 non
988 2759 1116 2813 curans,
1141 2741 1177 2802 ut
1193 2737 1276 2801 ludii

72 2844 139 2907 sint
162 2844 371 2926 gladiatores,
395 2846 574 2928 Rupertius
598 2844 668 2907 ludi
685 2845 762 2908 item
782 2865 841 2927 pro
859 2845 942 2907 ludii
958 2846 1085 2927 accipit,
1110 2846 1166 2909 sed
1185 2844 1275 2926 geni-

71 2952 142 3016 tiro
166 2971 262 3029 casu;
286 2971 398 3016 verum
423 2972 540 3034 parum
565 2954 642 3033 apte
665 2952 841 3016 diceretur:
867 2953 992 3015 ueniunt
1012 2950 1108 3034 (plur.
1125 2948 1275 3030 numero)

72 3058 120 3122 ad
144 3058 353 3122 miscellanea
376 3058 582 3143 gladiatoria
612 3060 737 3123 laniator
760 3063 847 3122 recte
872 3059 1042 3123 diceretur.
1089 3059 1186 3135 Tum,
1211 3077 1275 3138 quo

69 3170 213 3248 uterque
236 3166 350 3230 nititur
374 3166 525 3247 quodque
549 3165 747 3230 Schmidtius
772 3167 870 3229 etiam
895 3166 927 3229 in
951 3166 1051 3229 salira
1069 3168 1185 3229 octava
1205 3183 1275 3227 cer·
1291 3183 1329 3224 mr

72 3273 238 3337 tissimum
269 3276 374 3355 putat,
410 3272 442 3335 in
476 3292 514 3335 eo
547 3272 717 3347 lallnntur;
752 3292 858 3354 neque
891 3272 977 3335 enim
1006 3272 1166 3354 gladiator
1194 3270 1276 3333 ludii
1331 3306 1335 3315 ·

70 3379 294 3461 appellatione
317 3374 448 3460 proprie
472 3379 646 3460 significari
669 3382 807 3460 poterat,
833 3399 932 3459 quam
949 3379 1095 3460 plerique
1110 3377 1275 3441 histrioni·

72 3486 137 3551 bus
160 3485 319 3563 tribuunt,
344 3486 505 3549 luvenalis
528 3484 630 3549 semel
653 3506 713 3566 pro
737 3486 900 3550 communi
925 3487 1050 3567 generis
1075 3484 1205 3548 nomine
1229 3484 1274 3547 sic

72 3592 193 3674 posuit,
217 3595 254 3656 ut
277 3592 445 3675 Hippiam,
475 3592 663 3675 gladiatoris
687 3612 798 3656 amore
823 3595 964 3674 captam,
995 3591 1117 3655 ludiam
1143 3592 1274 3654 diceret.

73 3698 265 3763 Glossarum
290 3701 478 3775 auctoritas
503 3699 575 3763 usui
600 3699 753 3779 loquendi
776 3680 973 3781 repugnans
999 3698 1087 3762 nulla
1106 3703 1166 3762 est.
1202 3698 1276 3762 Alio

73 3804 174 3869 modo
198 3805 364 3884 labuntur,
389 3808 444 3888 qui
467 3807 557 3870 lrcdos
572 3804 734 3869 miscellos
751 3805 941 3887 intelligunt,
967 3808 1077 3886 spreta
1092 3804 1276 3869 scholiastae

74 3913 295 3995 explicatione
318 3914 416 3990 vociS,
441 3932 514 3995 quae
539 3915 588 3977 est
610 3912 821 3975 miscellanea.
832 3907 857 3991 ¹)

162 4019 366 4102 Subiuugam
396 4021 521 4097 locum,
558 4019 647 4082 cuius
677 4038 777 4100 quum
806 4019 957 4083 universa
986 4020 1147 4084 sententia
1176 4016 1276 4081 dubia

71 4145 145 4191 esse
180 4132 333 4208 nequeat,
369 4130 481 4191 tamen
516 4126 587 4207 ipsa
622 4125 723 4189 verba
759 4126 953 4207 interpretes
987 4146 1053 4189 non
1088 4125 1275 4207 expediunt,

71 4252 183 4298 errore
207 4232 378 4297 locutionis
402 4252 467 4297 uon
491 4231 713 4312 infrequentis,
738 4232 797 4296 sed
818 4252 936 4314 pamm
952 4236 1133 4314 perspectae
1149 4236 1182 4296 et
1197 4231 1275 4296 alibi

69 4358 204 4423 quoque
228 4339 318 4421 apud
342 4338 529 4403 Iuvenalem
552 4360 618 4404 non
641 4338 814 4404 intellectae
830 4339 988 4404 labentes.
1024 4340 1110 4403 Nam
1126 4341 1159 4403 in
1175 4339 1275 4404 satira

98 4568 123 4637 ¹)
143 4567 198 4638 [De
217 4570 349 4623 hocloco
367 4569 457 4623 satira
476 4569 513 4622 ill
532 4568 707 4623 Heinrichius
726 4574 799 4623 recte
818 4569 955 4624 iudicavit.
994 4566 1084 4637 1842]
