2948 5206
618 286 681 351 123

24 483 145 550 (ioan
172 482 345 547 iacturum
369 483 458 559 dicit,
481 480 571 562 quod
592 480 666 563 plus
687 480 746 559 e'st
770 501 870 564 mam
887 482 1067 565 defendere,
1092 493 1245 569 augetur·

28 609 96 675 que
125 589 268 655 adiecto
283 608 347 674 per
376 608 409 653 se
435 588 551 672 spmm.
596 587 718 652 Verum
748 589 810 653 hoc
834 592 946 654 toturn
978 590 1101 655 consilii
1134 595 1183 657 est
1214 597 1246 658 et
1261 610 1300 651 sn

30 697 231 775 voluntatis,
259 713 328 760 non
348 694 532 778 potestatis.
578 692 692 777 ltaque
715 696 899 761 necessario
921 716 989 761 non
1011 697 1117 763 solum
1139 699 1174 763 hi
1197 700 1246 763 in·

34 801 155 869 sentiri
195 800 346 886 pendent
377 819 397 865 a
427 799 528 865 verbo
557 818 622 864 non
653 799 772 865 dubitet
788 845 789 849 =
805 799 907 884 (quod
944 822 1002 867 cnr
1032 803 1151 869 Beckio
1181 824 1247 870 non

34 908 182 993 plnoeat,
216 904 360 989 nescio),
395 907 455 972 sed
487 906 568 972 illud
601 908 701 972 etiam
735 907 840 993 qieood
867 909 970 992 possit
1003 911 1150 992 ineptum
1186 915 1247 977 est.

38 1016 149 1099 Atque
173 1016 252 1099 ipsa
273 1016 346 1080 heae
369 1015 512 1078 varietas
533 1014 818 1097 interpolationem
845 1016 880 1079 in
902 1014 965 1081 hoc
988 1016 1059 1081 loco
1082 1020 1247 1083 versatam

10 1150 13 1173 ι
41 1140 114 1188 esse
136 1121 296 1200 ostendit,
319 1124 446 1186 utnon
468 1120 626 1199 dubitem,
655 1121 734 1203 quin
755 1120 932 1187 delendum
955 1123 998 1187 sit
1014 1125 1125 1207 possit,
1155 1126 1247 1190 cuius

10 1200 189 1313 ¹,addendi
212 1247 316 1294 causa
341 1227 415 1306 fuit,
444 1247 516 1310 quae
539 1227 755 1311 plurimarum
782 1228 1081 1310 interpolationurn,
1109 1229 1246 1295 verbum

45 1334 145 1402 uel
168 1336 327 1419 position,
351 1354 454 1418 quum
477 1334 521 1399 ad
543 1334 610 1401 duo
631 1335 787 1401 orationis
810 1333 960 1400 membra
983 1337 1171 1418 pertineret.

130 1442 171 1507 ln
193 1442 344 1507 oratione
365 1460 427 1524 pro
447 1441 570 1507 Archia
592 1460 657 1523 quo
684 1459 750 1506 uno
779 1439 851 1506 loco
880 1460 956 1506 mea
987 1442 1089 1524 ipsius
1119 1444 1248 1508 coniec-

48 1552 119 1615 nna
151 1552 322 1632 repertam
358 1548 621 1613 emendationem
655 1548 688 1611 in
721 1548 814 1611 textu
843 1547 938 1630 posui
966 1545 1008 1629 (c.
1032 1549 1069 1628 9,
1103 1549 1143 1613 21
1173 1549 1248 1632 effe·

50 1662 162 1720 m
189 1675 252 1738 pro
278 1653 347 1718 lcoec
372 1651 552 1735 feruntur),
586 1652 629 1718 de
660 1672 699 1718 eo
729 1653 800 1718 loco
831 1653 921 1732 dixit,
956 1655 1013 1736 qni
1042 1657 1076 1720 in
1107 1644 1247 1722 eandem

51 1761 268 1827 omiemuram
303 1763 421 1843 postea
453 1759 575 1838 incidit,
610 1759 868 1825 E.·Wunderus.
878 1755 904 1842 ¹)
954 1761 1117 1845 Relinquo
1151 1763 1248 1846 igitur

51 1866 108 1933 lrss
129 1869 308 1946 orationes,
332 1885 472 1949 quanun
495 1868 747 1931 instrumentum
771 1868 917 1932 criticum
940 1872 977 1933 ut
998 1888 1147 1952 persaepe
1170 1889 1248 1935 con-

31 1974 181 2061 'yiedurae
202 1974 313 2040 Ιοοιιω
336 1973 405 2051 dat,
433 1974 479 2037 ita
501 1971 612 2038 multis
636 1972 714 2038 locis
742 1973 822 2037 nihil
846 1975 982 2056 praebet,
1012 1995 1076 2057 quo
1099 1978 1247 2042 insistere

31 2099 90 2157 ¹ec
118 2082 179 2146 niti
212 2081 329 2164 possit.
374 2079 489 2161 ltaque
516 2080 646 2162 saepius,
681 2079 770 2161 quod
804 2085 917 2170 aperte
952 2080 1036 2147 falsa
1069 2102 1129 2164 pro
1163 2084 1247 2148 veris

57 2186 164 2253 hberi
183 2187 351 2264 nolebam,
385 2185 497 2252 mendi
526 2192 605 2251 nota
632 2184 740 2268 posita
768 2187 1004 2252 transeundum
1033 2192 1121 2267 erat;
1155 2190 1247 2254 cuius

59 2295 164 2377 posita
183 2313 252 2359 non
273 2296 356 2377 puto
377 2293 539 2359 rationem
562 2293 784 2374 requisituros,
816 2294 871 2376 qui
900 2294 935 2357 in
957 2294 1090 2376 singulis
1112 2295 1192 2360 locis
1215 2300 1248 2361 et

61 2398 206 2466 Mum
244 2401 423 2483 scripturas
463 2403 501 2464 et·
535 2399 771 2464 sententiarum
811 2399 1052 2482 verbomrnque
1093 2405 1246 2468 naturam

63 2500 330 2588 antemnam)
382 2505 486 2572 Venio
517 2505 559 2571 ad
590 2524 647 2571 eas
677 2506 856 2583 orationes,
892 2525 1031 2588 quarum
1061 2509 1248 2575 emendatio
1262 2526 1302 2568 ns

32 2680 38 2689 ,
65 2611 183 2678 meliore
203 2614 422 2679 instrumento
445 2612 628 2691 adiuvatur,
653 2614 685 2677 in
709 2612 827 2695 quibus
850 2617 887 2677 ut
904 2613 1011 2678 minus
1028 2614 1182 2697 frequens
1199 2620 1249 2680 est

69 2720 243 2785 nniecnrrae
265 2721 454 2796 necessitas,
477 2720 524 2783 ita
547 2719 625 2796 fere,
649 2718 705 2783 ubi
729 2738 807 2783 usus
831 2723 891 2796 est,
917 2720 1042 2786 facilior
1065 2722 1127 2786 via.

127 2953 166 3003 tet
180 2953 338 3005 municas
352 2957 496 3019 proeuore,
515 2953 570 3003 tres
588 2954 653 3003 sunt
671 2948 917 3018 interpretationes,
943 2949 1100 3014 Hotomani,
1124 2950 1247 3014 Abrami,

128 3039 228 3105 (taurii,
245 3055 364 3109 querum
383 3038 461 3094 nulla
477 3054 544 3092 vera
561 3054 621 3092 esse
639 3042 737 3106 potest

96 3123 116 3192 ¹)
127 3128 189 3184 lua
206 3130 332 3184 Rhenen.
350 3127 448 3183 Philol.
467 3127 514 3192 lIl,
537 3124 555 3177 2
572 3143 599 3196 p.
617 3125 678 3191 275,
702 3126 750 3189 ubi
768 3131 909 3194 praeterea,
938 3131 1032 3180 nostra
1054 3126 1173 3181 editione
1191 3143 1248 3181 non

131 3217 190 3282 risa,
212 3218 295 3283 locos,
318 3217 366 3286 qui
390 3220 456 3270 suut
473 3216 531 3270 Cat.
551 3215 571 3280 l,
594 3214 620 3279 4,
643 3213 707 3268 8et
724 3214 759 3280 ll,
782 3214 807 3280 6,
836 3214 870 3266 14
889 3215 986 3269 eodem
1004 3216 1095 3280 modo,
1123 3232 1179 3284 quo
1198 3231 1248 3284 ego

131 3306 269 3371 edideram,
292 3305 451 3360 scribendos
474 3320 534 3358 esse
552 3303 684 3367 ostendit3
713 3303 796 3357 etiam
815 3303 849 3357 de
868 3303 934 3357 locis
952 3303 1030 3358 Catil.
1049 3304 1070 3369 l,
1089 3302 1114 3369 2,
1133 3304 1149 3356 4
1168 3308 1196 3358 et
1213 3305 1247 3369 ll,

132 3393 230 3457 titia
247 3395 365 3449 eandem
383 3391 549 3447 senteutiam
568 3391 724 3461 disputarit,
753 3408 837 3459 quam
862 3391 890 3445 in
909 3392 1014 3446 mendo
1033 3398 1143 3448 secutus
1162 3410 1248 3457 eram,

135 3483 176 3536 sed
191 3483 244 3538 alia
261 3482 374 3537 addidit

103 3562 203 3631 'ivan
219 3572 256 3626 ΠΙ
280 3571 309 3627 iu
327 3569 406 3626 Catil.
425 3569 450 3634 9,
477 3567 513 3620 22
539 3573 657 3638 recepto,
686 3574 717 3622 ut
744 3567 804 3634 feci,
832 3586 865 3624 eo
893 3569 989 3624 ordine
1016 3569 1172 3634 verborum,
1200 3569 1247 3637 qui

135 3665 225 3715 ueram
250 3661 443 3716 macritatem
469 3659 553 3712 habet
580 3657 732 3712 editionum
760 3660 885 3711 veterum
918 3662 946 3711 et
978 3657 1081 3727 aliquot
1114 3658 1247 3721 codicum,

135 3749 211 3802 multo
227 3749 346 3819 apertior
364 3748 396 3802 tlt
413 3747 596 3817 perturbatio;
615 3763 680 3800 narn
698 3745 728 3799 iu
746 3745 837 3799 verbis
855 3754 1000 3813 tantares,
1019 3747 1108 3815 priore
1122 3746 1261 3801 membro·

137 3834 255 3902 absoluto,
278 3854 343 3892 cum
366 3836 501 3906 grantate
524 3834 615 3904 eliqua
639 3851 742 3889 norum
761 3833 918 3903 adiungitur
942 3832 1010 3901 (iam
1027 3852 1088 3889 vero
1107 3836 1156 3887 sila
1174 3835 1248 3888 Allo·

139 3923 236 3991 lropem
253 3928 406 3981 sollicitatio
424 3932 549 3993 suscepta
567 3942 585 3977 o
603 3925 718 3977 Lentulo
743 3949 774 3958 —
799 3930 856 3976 tom
874 3925 1015 3992 dementer,
1034 3931 1112 3977 tanto
1130 3939 1174 3976 res
1192 3939 1248 3994 cre·

139 4011 188 4064 dito
204 4022 227 4067 ot
241 4017 341 4082 ἱρηοιίε
358 4022 383 4067 et
400 4014 529 4067 cauam
546 4017 596 4066 cet.
622 4016 670 4065 aut
688 4010 837 4076 similiter);
861 4011 980 4066 alterurn
999 4012 1131 4074 ordinem,
1154 4010 1247 4063 induc·

143 4102 192 4153 tum
207 4102 240 4155 ad
257 4103 449 4157 occultandum
469 4102 561 4170 aliquo
579 4100 661 4154 modo
680 4099 821 4164 mendum,
849 4105 954 4154 oertum
979 4105 1019 4153 est
1042 4100 1069 4152 in
1094 4098 1169 4152 nullo
1189 4114 1247 4151 esse

144 4187 227 4243 codice.
258 4191 317 4245 Dixi
336 4191 392 4245 iam
410 4191 439 4245 in
456 4189 624 4261 prefatione,
643 4206 676 4242 ex
695 4187 896 4244 oxoniensibus
915 4189 1061 4252 codicibus,
1080 4203 1149 4256 quos
1168 4185 1247 4239 valde

144 4275 213 4330 miror
231 4294 248 4332 a
268 4279 407 4334 Wundero
432 4277 547 4348 (Proleq.
571 4279 606 4333 ad
630 4281 697 4331 orat
721 4293 771 4346 pro
794 4277 885 4332 Plane.
904 4295 931 4346 p.
950 4275 984 4343 V)
1010 4277 1081 4329 inter
1104 4275 1247 4343 diligenter

145 4364 238 4420 collatos
253 4369 399 4433 merari,
426 4367 479 4426 nisi
501 4366 572 4421 iorte
594 4370 703 4420 tanturn
728 4365 763 4419 ab
787 4366 828 4431 iis,
858 4366 904 4434 qui
923 4365 1017 4434 paucis
1041 4363 1107 4417 locis
1130 4363 1245 4431 inspecti

146 4460 204 4518 Μ
218 4472 353 4527 “mm
365 4457 460 4522 voluit,
479 4471 615 4525 nusquam
627 4461 752 4509 notatam
764 4471 824 4509 esse
836 4455 982 4509 verborum
995 4450 1243 4519 transpositionem.

147 4538 232 4598 Similia
247 4546 274 4601 in
290 4545 386 4601 ceteris
403 4545 470 4600 locis
487 4543 541 4598 dici
559 4549 681 4613 possunt.
