2948 5206
119 106 216 182 uduo,
237 99 312 186 al.¹)
359 105 426 169 Nec
449 107 504 188 qui
528 104 571 168 ad
604 104 743 168 comicos
773 104 915 168 maxime
939 104 1191 187 disputationem
1216 124 1293 169 con·

122 212 187 288 tulit
212 210 451 275 Lindemannus
480 211 536 293 (ad
564 211 671 275 Plaut.
696 211 790 293 Capt.
814 211 852 288 Π,
876 211 907 288 2,
933 208 999 293 60),
1029 231 1126 293 quam
1151 211 1292 276 lateres

124 320 233 398 pateret,
268 319 435 400 perspexit
469 318 735 400 exemplorumre
770 337 890 401 genera
919 323 952 382 et
981 319 1214 402 proprietatem
1243 318 1293 382 di·

127 418 252 506 sumtu
294 423 468 489 Derivatur
490 429 601 489 autem
625 424 731 489 omnis
754 424 806 489 hic
830 445 908 490 usus
933 446 973 490 ex
997 445 1036 490 ea
1059 424 1293 507 significatione
1306 444 1333 484 a

128 529 255 596 ulterioris
278 533 435 614 temporis
458 533 624 609 momenti,
649 551 748 613 quam
773 533 879 596 inesse
902 532 935 595 in
957 532 1066 597 futuro
1083 535 1197 596 exacto
1221 532 1292 596 dix·

130 635 203 713 inus;
222 638 379 703 eiusmodi
403 639 489 702 enim
513 637 671 703 momenti
695 639 847 720 cogitatio
870 659 936 702 non
953 659 1019 715 uno
1036 637 1134 702 modo
1153 638 1292 703 latenter

132 741 243 809 uuinrum
266 740 369 810 subit.¹

193 850 212 915 l.
252 852 399 916 Primum
423 851 529 932 igitur,
554 870 654 932 quum
679 851 775 932 vulgo
799 852 908 916 futuro
925 855 1041 916 exacto
1057 853 1292 935 significaretur

131 953 231 1022 electus
264 959 296 1022 in
332 977 382 1035 re,
418 977 492 1039 quae
527 949 818 1034 commemoratur,
854 958 950 1023 simul
984 959 1142 1037 inclusus,
1179 962 1292 1025 cornici

131 1064 228 1130 omino
249 1067 282 1129 in
306 1068 425 1130 eventu
449 1066 597 1130 tructuve
625 1064 672 1129 rei
696 1063 808 1146 (etiam
833 1063 1056 1148 consequenti)
1084 1067 1292 1148 praedicendo

130 1161 167 1229 illu
190 1170 283 1237 torma
312 1174 403 1237 verbi
432 1175 577 1250 utuntur,
613 1170 700 1253 quod
734 1171 768 1234 in
802 1172 891 1235 omni
925 1173 1111 1238 huiusmodi
1145 1175 1291 1239 oratione

130 1266 183 1337 unu
200 1280 327 1344 aetionis
351 1280 397 1344 sic
419 1281 600 1361 respicitur,
636 1283 672 1342 ut
703 1279 788 1343 actio
812 1278 846 1342 in
869 1278 978 1344 futuro
1001 1280 1167 1363 praeterita
1190 1283 1291 1346 menti

128 1371 297 1451 obremetur.
351 1386 403 1451 Sic
435 1386 571 1451 Plautus
603 1385 795 1452 Menaechm.
819 1385 857 1464 ΙΙ,
892 1387 919 1464 1,
951 1388 1009 1452 45:
1045 1387 1088 1451 lu
1115 1396 1290 1474 utrumque,

128 1496 262 1565 “aarum
284 1493 412 1577 quondo
434 1493 560 1576 habebo,
584 1513 705 1574 cavero,
736 1513 775 1556 ne
805 1499 839 1555 tu
862 1492 1029 1580 delinquas
1050 1515 1125 1558 neure
1148 1515 1201 1579 epo
1223 1496 1291 1559 ira·

121 1648 358 1679 k.-

135 1755 155 1826 ¹t
172 1772 218 1828 m.
237 1776 392 1831 mutamus
410 1777 428 1831 1.
448 1794 470 1831 c.
489 1794 515 1846 p.
534 1775 578 1842 25,
602 1776 745 1845 numptius
764 1775 856 1842 5511,
881 1777 1073 1831 orassemus
1091 1776 1290 1847 scrupalum.

171 1875 196 1928 p.
213 1863 270 1930 142,
294 1865 411 1921 Kritzius
429 1867 464 1920 ad
483 1866 547 1921 Sall.
567 1868 623 1936 lug.
643 1866 703 1931 106,
726 1866 752 1920 4.
789 1858 989 1920 Ramshornius
1008 1865 1044 1935 (p.
1064 1865 1125 1933 602)
1145 1867 1229 1921 etiam
1248 1883 1291 1921 ur·

169 1949 315 2008 imitamur
340 1955 430 2009 inesse
453 1957 520 2020 vult,
549 1957 644 2010 omnia
667 1955 788 2024 alioquin
814 1956 989 2024 permiscens.
1032 1953 1140 2022 [Melius
1164 1956 1291 2025 quaedam

170 2043 261 2097 ueteris
279 2043 517 2099 Weissenbornius
536 2061 609 2098 anno
629 2043 699 2097 1838
718 2045 845 2113 exposuit
863 2044 891 2097 in
911 2044 1031 2098 Gramm.
1049 2045 1109 2098 Lat.
1128 2043 1145 2110 ἕ
1163 2043 1213 2097 171
1234 2051 1289 2100 not.

168 2129 241 2185 1842.

119 2196 143 2270 ³)
165 2129 374 2291 Quadiuplioem
393 2223 471 2292 ponit
490 2223 575 2277 futuri
594 2222 682 2276 exacti
700 2239 790 2286 usum,
810 2223 931 2291 primum
950 2223 1177 2292 vulgatissimum,
1196 2240 1291 2279 secun·

166 2310 239 2376 dum,
258 2310 287 2365 in
306 2327 361 2380 quo
379 2311 516 2365 actionem
534 2311 657 2366 futuram
676 2317 900 2365 momentaneam
919 2311 1064 2380 significet;
1088 2312 1117 2366 in
1140 2329 1173 2366 eo
1191 2329 1291 2382 genere

158 2408 273 2467 pomero
291 2407 420 2455 numerat
437 2417 487 2469 pro
500 2409 604 2469 potero,
624 2401 657 2454 de
677 2417 732 2469 quo
751 2416 834 2468 supra
847 2401 910 2466 dixi,
930 2406 957 2454 et
969 2403 1072 2459 mlier03
1092 2401 1204 2455 tertium
1218 2402 1290 2467 lacit,

164 2487 192 2542 in
210 2505 264 2557 quo
282 2490 429 2544 celeritatis
448 2489 579 2544 indicium
597 2490 645 2554 sit;
675 2494 813 2558 quartum,
839 2506 921 2559 quem
946 2490 989 2543 his
1008 2489 1098 2544 verbis
1117 2489 1174 2558 ipse
1193 2491 1291 2544 descri-

164 2577 215 2631 bit:
237 2578 343 2644 ,Habet
361 2579 486 2632 futurum
505 2586 632 2634 exactum
652 2580 772 2648 aliquam
792 2578 945 2632 communis
965 2578 1100 2646 opinionis
1119 2583 1167 2632 aut
1182 2595 1290 2648 exspec-

165 2667 273 2721 tationis
291 2667 525 2736 significationem,
555 2686 650 2737 quum,
679 2669 745 2722 dum
765 2667 867 2735 aliquid
886 2667 916 2719 lit
935 2665 992 2719 sive
1011 2667 1121 2735 geritur,
1149 2667 1222 2720 aliud
1243 2668 1290 2721 diu

163 2761 226 2811 ante
242 2756 302 2810 fieri
321 2755 448 2810 debuisse
467 2756 501 2810 de
520 2757 661 2811 communi
680 2756 816 2810 sententia
840 2760 1029 2824 exspectatum
1055 2773 1114 2809 esse
1138 2755 1290 2824 significare

162 2845 298 2920 uolumus,
325 2845 399 2899 unde
426 2851 522 2914 postea
549 2847 706 2900 universam
735 2845 817 2899 traxit
841 2844 976 2914 opinionis
999 2849 1027 2897 et
1050 2844 1219 2912 cogitationis
1243 2860 1290 2899 no·

164 2933 275 2994 tionem,
303 2950 365 3003 quae
388 2934 455 2988 alias
479 2935 529 2988 soli
552 2934 726 2989 coniunctivo
750 2934 873 2988 inbaeret.
910 2933 1000 2986 Veluti
1024 2932 1091 2986 illud
1117 2939 1158 2987 est
1182 2934 1235 2987 Cic.
1255 2933 1289 2988 de

164 3021 220 3075 Pin.
240 3023 261 3085 1,
279 3021 327 3075 20:
346 3025 454 3077 Etenim
472 3027 498 3077 si
515 3027 581 3091 loca,
600 3027 626 3077 ai
641 3026 711 3091 fano
730 3029 781 3078 cet.
803 3055 834 3062 -
854 3026 986 3077 adamare
1004 3025 1126 3089 solemus,
1146 3031 1246 3091 quanto
1260 3025 1290 3077 id

164 3114 192 3163 in
214 3113 354 3165 luminum
376 3116 566 3167 consuetudine
588 3115 700 3180 faritius
726 3115 787 3180 ficui
808 3116 930 3181 potuerit
956 3121 980 3165 et
1007 3115 1128 3165 iustius?
1161 3114 1213 3165 Wie
1240 3114 1290 3165 viel

164 3201 271 3253 leuiter
288 3204 358 3255 adrd
375 3204 427 3255 dau
444 3203 530 3255 haben
553 3210 618 3256 stott
639 3205 730 3270 finden
753 3205 878 3256 manen?
902 3201 954 3266 rel,
982 3205 1013 3261 ut
1037 3206 1109 3254 recte
1134 3200 1289 3254 Goerenzius

162 3288 255 3344 vertit:
284 3293 332 3343 wie
355 3292 406 3344 viel
423 3293 531 3344 letaliter
550 3294 619 3344 wird
637 3294 696 3359 dae,
720 3293 795 3346 sollte
813 3310 878 3344 mon
896 3294 1007 3357 minen,
1035 3298 1101 3343 atott
1117 3292 1207 3357 finden
1225 3292 1288 3343 kda-

162 3377 243 3432 nen?
282 3379 354 3433 Nihil
382 3396 447 3434 vero
475 3396 525 3434 nec
553 3379 597 3433 hic
625 3396 674 3433 nec
702 3396 819 3448 usquam
848 3379 1057 3448 exspectationis
1081 3395 1130 3432 nec
1154 3378 1289 3447 opinionis

160 3468 290 3537 temporis
318 3469 407 3523 torma
435 3469 610 3538 significatur,
639 3469 686 3522 sed
714 3468 773 3537 ipsa
801 3468 1021 3537 interrogatione,
1050 3467 1227 3536 manebitque
1256 3484 1289 3522 ea

159 3556 320 3626 significatio
338 3574 394 3612 non
413 3558 513 3626 minus,
541 3558 564 3611 si
587 3559 621 3612 de
644 3558 782 3626 praeterito
807 3563 944 3626 quaeretur
968 3561 1016 3610 aut
1040 3558 1073 3610 de
1096 3557 1197 3610 futuro.
1234 3555 1289 3609 Nec

159 3663 190 3700 aa
207 3646 354 3711 sententia,
383 3664 466 3717 quarn
492 3647 697 3701 Lindemannus
721 3647 862 3715 expressit,
891 3646 971 3700 valde
994 3646 1041 3699 illa
1066 3645 1173 3698 diversa
1195 3643 1289 3698 aGoe·

157 3736 285 3789 renziana
304 3733 426 3805 (propter
445 3736 559 3791 verbum
583 3735 689 3801 baben),
717 3741 765 3788 aut
789 3735 823 3788 ad
846 3736 937 3789 locum
962 3740 1026 3803 apta
1053 3739 1100 3798 est,
1128 3734 1157 3786 in
1181 3750 1235 3802 quo
1254 3733 1288 3786 de

157 3841 198 3890 eo,
227 3824 303 3893 quod
321 3823 378 3889 fiat,
407 3824 503 3894 agitur,
531 3826 633 3878 autad
653 3826 770 3878 formam
790 3824 878 3888 verbi;
907 3840 972 3877 nam
993 3821 1150 3889 simpliciter
1169 3821 1203 3875 de
1221 3838 1288 3890 prae-

154 3913 237 3968 terito
257 3929 383 3982 quarens
402 3914 495 3968 Cicero
510 3917 600 3982 potuit
619 3914 738 3967 dixisset.
778 3912 911 3981 Equidem
937 3929 987 3966 nec
1010 3912 1134 3964 futurum
1160 3915 1288 3964 exactum

151 4003 201 4058 illo
220 4002 283 4056 loco
302 4003 422 4071 positum
443 4003 477 4056 ad
496 4002 632 4057 Ciceronis
651 4019 733 4055 usum
757 4001 813 4055 ullo
839 4002 920 4054 modo
945 4001 1152 4054 accommodare
1176 4017 1286 4069 possum

148 4110 204 4148 nec
231 4091 409 4146 coniunctim
437 4090 589 4145 dubitativo
617 4091 708 4144 locum
736 4090 764 4143 in
794 4092 845 4143 hac
879 4089 1041 4143 affirmantis
1075 4088 1288 4157 interrogatione

145 4198 213 4238 esse
233 4185 312 4249 puto.
