2948 5206
638 336 681 402 49

77 541 162 622 idque
183 538 229 603 sic
251 534 454 618 intelligitur:
490 532 628 598 verebar
650 531 757 596 turbae
779 550 833 595 me
855 529 1039 606 immittere,
1069 548 1110 593 ne
1133 529 1258 594 videret

74 646 167 723 males
183 647 293 709 vestes
313 661 416 707 meas.
451 641 572 705 Verum
584 643 655 704 tum
676 659 743 703 non
764 640 992 714 dco‘impsm,
1010 637 1070 701 sed
1087 640 1124 712 μὴ
1145 643 1256 713 πωρον,

73 751 234 817 dicendum
270 752 356 823 erat,
391 766 452 812 nec
478 754 591 821 ἱστορεῖν
617 765 676 828 pro
706 747 774 822 ὁρᾶν
808 743 978 826 Euripides
1012 743 1130 824 posuit.
1176 743 1257 809 Insi-

72 858 213 923 stendum
236 859 288 921 cst
311 854 399 920 enim
422 854 455 918 in
478 871 604 917 caesura
627 856 660 916 et
682 849 993 934 interpungendum:

452 1023 534 1100 ὄχλον
551 1023 606 1097 yde
624 1027 751 1079 εΙωιεσεῒν
768 1021 932 1097 ᾐσχυνόμην,
985 1044 987 1048 ⁴

384 1112 453 1169 ὥσθ’
471 1116 614 1183 Moci,
632 1111 678 1172 τοῖς
696 1111 764 1185 liceis
782 1113 963 1185 δυσχλαινίας,
1028 1195 1030 1201 Ι

68 1300 177 1377 idest,
201 1298 328 1380 pudore
352 1296 438 1361 enim
460 1299 595 1377 propter
617 1289 726 1359 vestes
748 1293 853 1358 malas
870 1291 1046 1380 retinebar,
1070 1291 1260 1374 quominus

65 1406 168 1472 turbae
183 1424 237 1470 me
253 1402 440 1469 sciscitandi
457 1420 557 1467 causa
571 1401 792 1465 immitterem.
826 1402 1008 1478 ’Πισχυνόμην
1024 1402 1071 1465 τὰς
1088 1405 1261 1478 evellamus

63 1521 191 1573 mir
226 1511 349 1576 dictum
390 1509 510 1574 usitata
549 1510 728 1584 structura,
769 1526 822 1583 eo,
868 1507 956 1588 quod
1001 1507 1109 1571 iecere
1148 1506 1259 1588 pudet,
1274 1523 1300 1564 ee

63 1639 122 1703 per
143 1617 340 1684 infinitivum
365 1616 461 1693 elato,
486 1635 535 1693 eo,
559 1617 692 1698 propter
712 1613 799 1695 quod
816 1613 928 1695 pudet,
951 1632 1010 1695 per
1027 1612 1260 1678 accusativum.

61 1726 214 1808 Xenoph.
226 1724 335 1789 Anah.
347 1722 385 1800 Π,
407 1721 438 1799 3,
461 1721 519 1785 22:
542 1724 716 1799 ᾐσχύνθημεν
733 1723 926 1796 nonidecimi
940 1722 1103 1795 ἀνθρώπους
1115 1727 1262 1799 προδοῦναι

146 1869 297 1983 'Alterius
320 1916 458 1999 generis,
482 1916 694 1994 divulsorum,
718 1937 792 1999 quae
814 1917 866 1980 vel
889 1917 959 1981 sola
982 1917 1137 1982 orationis
1157 1917 1263 1981 forma

62 2024 217 2107 coniungi
238 2022 362 2100 iubeat,
397 2023 582 2100 verborum,
618 2023 709 2087 cuius
738 2042 776 2087 ex
806 2022 957 2087 Iuvenale
986 2023 1135 2105 exempla
1164 2041 1264 2104 supra

61 2132 177 2214 posui,
212 2130 278 2194 duo
309 2148 349 2194 ex
377 2128 449 2193 aliis
476 2129 582 2211 poetis
610 2129 816 2211 subiungam.
862 2130 960 2212 Apud
987 2128 1136 2194 Persium
1164 2128 1264 2193 satl

62 2256 199 2302 versum
223 2236 268 2301 92
289 2235 338 2300 sic
359 2235 608 2318 interpungunt:
632 2235 696 2300 Sed
718 2237 859 2300 numme
881 2236 974 2300 decor
992 2245 1046 2319 cst,
1070 2244 1098 2300 et
1115 2238 1265 2300 tundore

62 2344 182 2408 addita
204 2341 324 2418 crudis
349 2344 381 2404 et
404 2341 648 2423 interpretando
671 2343 871 2420 distrahunt:
903 2344 971 2421 sed,
995 2349 1032 2408 ut
1054 2342 1133 2408 nihil
1157 2342 1264 2406 dicam

62 2452 107 2515 de
130 2448 243 2514 mdis
264 2448 337 2524 illis,
373 2467 446 2529 quae
474 2467 533 2529 per
561 2468 597 2512 se
625 2448 688 2513 dici
716 2449 838 2527 volunt,
873 2450 1008 2515 Latinus
1036 2451 1135 2515 homo
1158 2467 1265 2530 neque

63 2555 177 2618 crudis
206 2553 249 2618 ab
277 2556 419 2618 numme
448 2573 553 2636 neque
586 2562 629 2618 est
651 2554 694 2618 ab
718 2555 833 2620 addita
854 2556 1058 2633 seiunxisset,
1093 2575 1198 2637 neque
1222 2562 1285 2623 cst.

64 2662 212 2744 primum
235 2661 446 2725 intellexisset
468 2661 524 2735 ita,
548 2662 585 2723 ut
605 2665 690 2724 esset
704 2664 830 2738 numeri
845 2663 985 2726 decorem
1001 2663 1123 2739 habent,
1149 2661 1265 2726 deinde

66 2789 108 2832 ex
132 2788 173 2832 eo
196 2775 241 2831 est
264 2767 390 2849 copulae
413 2766 484 2832 loco
507 2766 549 2830 ad
573 2766 687 2830 addita
710 2769 891 2849 repetisset.
927 2768 1041 2850 (Multo
1065 2769 1171 2832 minus
1189 2788 1265 2851 pro·

67 2875 180 2938 banda
205 2877 308 2950 erant,
344 2894 418 2956 quae
441 2874 573 2939 Meister
596 2878 798 2939 commentus
827 2879 887 2952 est,
922 2875 1020 2939 homo
1049 2874 1266 2939 iurisconsulti

68 2981 221 3046 acumine
244 2981 278 3044 in
302 2981 400 3045 rebus
424 2980 633 3063 philologieis,
657 3000 797 3062 quarum
821 2982 989 3064 imperitus
1011 2985 1091 3057 erat,
1116 2981 1266 3050 abutens.

69 3087 211 3151 multum
234 3087 287 3151 ille
312 3107 332 3150 a
355 3087 510 3153 Cramero
534 3092 566 3151 et
590 3087 658 3152 eius
688 3087 846 3152 similibus
871 3085 1043 3169 diversus.)
1088 3088 1124 3150 ln
1149 3086 1266 3150 Catulli

71 3214 172 3258 carm.
197 3194 240 3257 64
261 3195 295 3257 'v‚
322 3194 385 3258 103
408 3194 528 3258 editur:
565 3193 639 3257 Non
660 3196 800 3278 ingrato,
835 3203 941 3258 tamen
967 3195 1105 3276 frustra,
1140 3214 1267 3257 :nunus-

71 3301 144 3363 culo
165 3299 251 3364 diois
274 3299 472 3380 Remittcne,
497 3303 532 3363 ut
549 3301 591 3366 sit
607 3320 732 3378 sensus,
755 3320 893 3365 munera
910 3321 975 3365 non
992 3301 1120 3383 ingrata
1136 3300 1267 3381 quidem

73 3406 239 3483 obtulisse,
274 3406 334 3470 sed
356 3410 467 3470 tamen
490 3407 621 3471 trustra.
667 3408 734 3471 Nec
756 3411 868 3472 tamen
891 3409 1073 3489 quisquam,
1098 3427 1199 3489 quum
1223 3407 1269 3470 le·

75 3513 173 3594 gisset
197 3511 271 3576 Non
293 3514 434 3597 inputa,
470 3515 512 3578 ab
536 3514 586 3578 his
609 3513 828 3578 disiunctums
852 3517 923 3578 erat
945 3521 1058 3589 tamen,
1094 3519 1131 3578 ut
1153 3516 1269 3578 subse·

76 3619 186 3700 quemi
210 3620 370 3684 vocabulo
392 3620 584 3697 adhaereret,
608 3620 666 3684 sed
690 3640 755 3684 uno
776 3616 889 3684 tenore
911 3621 1171 3685 continuaturus:
1198 3619 1269 3682 Non

79 3728 207 3809 ingrata
236 3734 342 3790 tamen
370 3726 508 3809 frustra.
554 3728 594 3792 Et
625 3727 768 3809 postulat
799 3726 884 3791 idem
916 3728 1093 3802 sententia:
1128 3725 1270 3806 alioquin

79 3833 162 3895 cium
194 3832 246 3896 hic
280 3852 393 3897 versus
428 3853 503 3897 cum
537 3833 757 3916 superioribus
792 3833 923 3897 omnino
958 3853 1023 3898 nou
1057 3832 1269 3913 coniungitur.

81 3937 143 4001 Nec
170 3957 252 4002 sane
281 3939 400 4004 frustra
429 3959 565 4004 munera
593 3939 725 4014 obtulit:
760 3940 901 4003 vovebat
931 3942 1017 4004 enim
1047 3960 1106 4021 pro
1136 3938 1270 4001 victoria

82 4043 208 4120 Thesei,
232 4049 266 4109 et
287 4046 379 4122 vicit:
408 4047 486 4110 nihil
510 4046 552 4110 ad
576 4046 660 4109 hanc
684 4065 753 4109 rem
777 4046 917 4128 pertinet
940 4047 1086 4109 insecuta
1110 4043 1269 4107 Ariadnes

84 4151 260 4215 calamitas.
316 4153 383 4217 Nec
417 4157 510 4235 grata
538 4157 615 4216 sunt
643 4152 691 4215 dis
725 4172 877 4228 munera,
912 4171 987 4232 quae
1021 4153 1178 4231 respuunt
1212 4167 1272 4211 nec

84 4257 313 4339 obsequuntur.
359 4259 528 4341 Copiosius
552 4259 657 4340 igitur,
687 4262 723 4321 ut
745 4258 837 4334 solet,
867 4258 1011 4322 Catullus
1041 4256 1179 4319 eandem
1202 4266 1293 4317 rem·

85 4367 115 4425 et
136 4365 294 4429 adieetivo
318 4369 351 4429 et
374 4364 529 4429 adverbio
553 4365 725 4446 expressit:
755 4365 827 4428 Non
856 4364 982 4445 ingrata
1006 4367 1116 4426 [anien
1139 4380 1273 4423 munus·

89 4469 157 4533 urla
181 4471 312 4536 fuerunt
335 4477 369 4536 et
392 4472 512 4536 frustra
535 4471 657 4535 oblata.
1150 4540 1154 4547 ,

1047 4573 1063 4624 4
