2948 5206
643 295 688 362 ab

63 492 263 570 argumenta,
287 508 354 555 non
377 493 429 555 est
449 489 549 555 huius
572 490 634 559 loci
657 509 830 574 exponere.
864 493 901 559 In
918 514 986 563 uno
1000 496 1132 579 quidem
1150 517 1266 567 emen·

68 592 163 660 dandi
184 614 313 677 genere,
349 616 414 680 quo
445 596 545 663 etiam
576 596 629 661 bic
661 617 750 680 saepe
781 599 940 666 utendum
971 602 1041 680 fuit,
1076 604 1111 668 in
1133 603 1264 673 addita·

72 703 181 767 mentis
219 701 388 782 tollendis,
431 723 506 787 quae
547 702 627 769 mihi
661 705 730 769 reri
764 704 950 774 inveniendi
983 710 1068 775 ratio
1102 711 1262 790 videatur,

76 806 264 874 deonacum
298 814 350 876 est
383 830 486 893 quum
503 800 554 874 *in
589 810 727 893 epistola
761 812 872 880 critica
901 813 946 879 ad
968 813 1126 883 Orellium
1148 815 1195 901 (p.
1219 819 1265 887 22

79 915 160 998 sqq),
180 919 249 982 tum
272 918 307 981 in
321 915 504 1000 appendice
525 918 809 984 commentationis
826 919 868 984 de
883 921 1025 988 Ascomo
1041 919 1087 1005 (p.
1104 924 1149 989 45
1165 922 1262 1007 sqq).

81 1020 137 1086 libi
160 1026 264 1089 autem
293 1023 422 1089 codices
449 1022 544 1106 sequi
574 1042 640 1088 non
663 1027 823 1106 poteram,
858 1025 996 1110 vestigia
1025 1034 1157 1095 secutus
1188 1049 1262 1097 sum

85 1127 126 1192 rel
144 1129 344 1212 optimorum,
377 1129 429 1195 vel
459 1149 541 1212 quos
572 1131 705 1196 omnino
735 1150 901 1198 notamus.
946 1132 1056 1216 Atque
1085 1135 1161 1203 binc
1183 1156 1263 1220 pro·
1377 1213 1381 1219 ¹

88 1233 167 1300 lectas
187 1235 390 1303 coniecturas
413 1235 538 1319 aliquot
569 1237 615 1301 ita
646 1256 761 1302 omnes
791 1238 937 1305 veritatis
967 1244 1063 1305 notas
1093 1242 1263 1318 continere

88 1339 208 1419 iudcavi,
232 1346 269 1408 ut
292 1344 327 1409 in
348 1342 455 1426 ipsam
479 1343 662 1408 orationem
684 1343 830 1426 recipere
852 1365 919 1410 non
941 1345 1137 1413 dubitarem.
1177 1347 1262 1413 Alite

9 1460 13 1497 ⁹
88 1447 212 1529 quedam
233 1451 437 1533 suspiciones
460 1448 502 1514 de
524 1449 603 1515 locis
626 1452 740 1531 aperte
757 1451 931 1533 cormptis,
952 1471 1034 1535 quos
1050 1456 1129 1519 nota
1148 1453 1263 1520 addita

88 1553 217 1637 insigniri,
252 1575 319 1621 non
349 1554 584 1640 improbabiles
612 1555 691 1620 visae
720 1560 807 1635 sunt,
842 1577 903 1623 nec
932 1564 1044 1625 tamen
1066 1559 1113 1624 ita
1136 1566 1193 1625 aut
1217 1560 1261 1626 ad

88 1660 187 1726 ccdces
208 1663 366 1729 accedere
389 1665 448 1727 aut
469 1661 632 1727 adiunctis
655 1661 850 1742 confirmari,
882 1669 920 1731 ut
941 1685 1016 1731 cum
1039 1665 1101 1731 illis
1123 1684 1261 1748 compa·

87 1766 173 1832 rande
194 1773 314 1834 essent.
355 1767 526 1834 Nonnullae
549 1769 710 1833 universae
734 1770 814 1835 satis
839 1776 936 1837 certoe
959 1773 1165 1850 videbantur,
1189 1772 1259 1851 sed,
1360 1828 1363 1835 .

85 1872 151 1953 quod
164 1874 196 1938 in
210 1876 321 1958 aliqua
336 1879 431 1958 parte
446 1874 555 1940 dubiae
568 1893 643 1939 esse
658 1879 812 1957 poterant
827 1882 885 1942 aul
896 1879 1033 1944 nimium
1056 1898 1078 1943 a
1092 1877 1260 1946 codicibus

82 1979 266 2057 recedebant
300 1982 335 2046 in
363 1983 510 2064 margine
536 1983 708 2065 ponendoe.
754 1982 824 2066 lllis¹
841 1983 983 2066 litteram
1008 1984 1047 2049 F.
1071 1982 1256 2067 (Fortasse),

78 2084 117 2151 bis
136 2107 201 2152 voc.
226 2087 303 2173 Lep.
328 2086 538 2173 (Leqcndum)
567 2089 742 2170 praeposui.
787 2089 901 2154 Plures
930 2093 1041 2155 autem
1070 2090 1258 2157 huiusmodi
1311 2168 1316 2179 Ι

75 2191 148 2258 lucca
163 2196 285 2273 notavi,
309 2196 366 2278 qui
381 2216 441 2278 pro
457 2197 589 2279 integris
608 2196 800 2274 edebantur,
824 2216 927 2280 quum
945 2197 1093 2262 codicum
1110 2197 1257 2262 omnium

10 2318 12 2329 ·
71 2303 119 2364 aut
138 2303 338 2384 optimorum
362 2321 384 2367 a
408 2302 541 2385 vulgata
564 2304 726 2386 scriptura
748 2302 978 2386 discrepantia,
1008 2323 1027 2368 e
1055 2323 1122 2387 qua
1144 2307 1257 2369 tamen

69 2425 170 2472 reram
192 2407 368 2474 lectionem
391 2427 458 2474 non
480 2430 640 2489 eruerem,
664 2415 735 2476 lum
758 2429 869 2474 reram
882 2411 1110 2492 sennonisque
1130 2410 1256 2495 indiciis

64 2513 228 2580 adductus.
287 2515 356 2581 Nec
390 2517 424 2581 id
459 2515 502 2581 ab
537 2517 679 2583 editione
713 2516 879 2599 discipulis
913 2515 1077 2582 destinata
1111 2517 1254 2581 ebenum

62 2620 239 2699 ridebatur,
265 2623 421 2700 confiteri,
446 2624 570 2705 aliquot
592 2624 680 2701 locis,
705 2608 783 2706 quid
806 2627 918 2688 orator
940 2623 1084 2701 dixisset,
1109 2628 1167 2688 aut
1184 2643 1254 2688 cer·

59 2732 127 2792 turn
151 2747 217 2794 non
240 2748 313 2794 esse
336 2734 395 2795 aut
417 2730 515 2812 plane
538 2732 689 2813 ignorari.
1279 2800 1287 2817 ,

145 2834 390 2917 Disputationes
415 2837 552 2902 aliorum
576 2857 658 2901 meae
682 2836 853 2901 sententiae
877 2837 1056 2902 contrarias
1080 2836 1121 2900 de
1144 2822 1310 2901 multisne

58 2939 135 3006 locis
150 2960 217 3007 non
233 2942 389 3025 ignoravi,
413 2944 472 3008 sed
491 2943 689 3024 improbavi;
713 2943 953 3019 nonnullorum,
977 2947 1014 3008 ut
1030 2942 1253 3019 Wemsdorfii,

55 3047 176 3126 lloebii,
201 3049 434 3131 contempsisse
457 3068 511 3113 me
535 3049 649 3114 faleor.

144 3155 310 3238 Superest,
334 3159 371 3220 ut
390 3156 539 3238 exempla
556 3155 708 3237 quaedam
725 3157 944 3221 mutationum
962 3176 1002 3220 ex
1019 3157 1107 3220 omni
1124 3174 1252 3237 genere,

54 3262 174 3342 partim
191 3261 503 3345 maiorum„partim
522 3262 690 3337 leviorum,
714 3281 754 3325 ex
772 3263 885 3344 primis
902 3262 1103 3328 orationibus
1119 3281 1251 3344 ponam,

54 3368 289 3451 explicatisque
311 3371 344 3433 in
372 3369 411 3434 iis
439 3368 547 3434 iudicii
576 3369 639 3432 mei
668 3369 785 3446 causis,
820 3370 938 3434 similia
971 3389 1024 3433 me
1059 3370 1092 3433 in
1127 3370 1252 3445 ceteris,

53 3494 128 3557 quae
162 3494 326 3556 sequerer,
361 3474 516 3540 babuisse
547 3473 634 3539 credi
662 3473 805 3552 iubeam,
841 3495 945 3556 eaque
979 3476 1181 3557 exquirenda
1214 3475 1253 3540 iis

53 3582 247 3663 relinquam,
271 3582 326 3664 qui
350 3582 622 3664 operaepretium
646 3583 679 3645 in
703 3600 743 3645 ea
767 3601 801 3645 re
824 3600 860 3645 se
884 3581 1026 3646 facturos
1050 3582 1206 3664 putarint.

143 3686 307 3753 Orationis
334 3708 394 3771 pro
422 3688 497 3753 Sex.
526 3688 644 3752 Roscio
675 3689 802 3752 codices
837 3707 949 3751 omnes
984 3692 1130 3752 recentes
1164 3692 1250 3766 sunt,

53 3813 93 3859 ex
123 3815 190 3861 uno
215 3815 283 3861 non
313 3795 400 3860 bono
435 3795 587 3869 derivati,
623 3794 800 3859 eorundem
836 3795 1038 3871 mendorum,
1075 3793 1251 3875 interpola·

53 3904 194 3978 tionum,
230 3902 420 3966 lacunarum
456 3901 648 3984 participes;
684 3903 835 3965 accurate
871 3900 977 3964 collati
1010 3901 1100 3977 nulli,
1136 3901 1251 3963 ceteris

54 4008 237 4071 accuratius
261 4007 472 4073 Oxonienses
518 4007 622 4085 Patet,
655 4027 720 4072 non
750 4006 888 4071 multum
917 4006 1025 4070 valere
1049 4025 1089 4069 ne
1114 4024 1250 4069 consen·

53 4116 188 4179 lientem
223 4114 355 4196 quidem
391 4115 537 4180 codicum
574 4116 812 4190 auctoritatem,
851 4114 1108 4194 coniecturaeque
1142 4112 1249 4176 locum

52 4221 199 4303 amplum
223 4220 338 4296 suisse;
369 4220 428 4285 sed
451 4240 490 4285 ea
514 4221 684 4303 aliquoties
709 4221 830 4303 apertis
854 4220 1005 4301 vestigiis,
1030 4218 1192 4282 nonnullis
1217 4220 1249 4282 in

51 4329 128 4393 locis
152 4326 379 4410 probabilibus
410 4328 468 4392 niti
498 4331 642 4410 poterat;
678 4329 711 4390 in
746 4328 816 4390 aliis
850 4327 946 4390 nimis
976 4329 1069 4389 erant
1098 4326 1248 4400 obscura,
1371 4398 1374 4404 .

50 4435 139 4499 velut
163 4435 194 4511 5,
222 4435 272 4511 ll,
302 4433 358 4496 ubi
383 4432 556 4497 edebatur:
592 4441 620 4496 10
642 4441 781 4516 proetore
809 4432 848 4495 dc
876 4431 1054 4513 manifestis
1085 4432 1250 4513 maleficiis

48 4541 294 4627 quotidianoque
317 4540 471 4623 sanquine
494 4538 582 4602 haud
605 4541 768 4602 remissius
790 4546 918 4622 sperant
939 4537 1102 4619 suturam
1135 4558 1248 4604 verum
