2948 5206
699 285 762 351 105

130 480 229 545 oritur
257 480 397 546 oratoris
425 480 542 558 Latini,
578 480 612 546 in
639 500 704 564 quo
730 498 850 563 genere
877 478 1030 562 fingendo
1058 477 1197 544 Orellius
1226 482 1327 546 iuter·

135 587 209 652 dum
230 587 381 652 ineautus
404 591 465 665 est,
500 587 560 652 sed
588 587 793 669 apertissime
822 589 856 650 et
882 586 980 669 plane
1009 585 1052 650 ad
1074 585 1231 668 regulam,
1260 574 1381 650 ‘Mi-1³0

138 692 280 758 tbridatis
301 693 414 776 copias
442 712 462 758 a
490 694 676 759 Mithridate
699 692 852 759 obsessas
879 692 989 770 luisse,
1019 695 1181 756 narratur.
1226 692 1327 775 Atqui

143 799 237 882 ipsum
259 799 338 865 illud
367 801 505 865 verbum
533 804 703 883 receptum
734 819 755 865 a
785 799 925 865 Grutero
956 803 1006 865 est
1036 817 1076 862 ex
1108 797 1168 863 illis
1199 797 1327 863 duobus

146 905 261 971 lumiliae
283 905 487 972 Germauieae
510 906 621 984 codd.;
644 906 694 972 his
717 906 844 972 accedit
859 906 974 972 tertius
992 905 1128 981 Erfurt.;
1152 904 1193 969 de
1210 908 1327 986 quarto

151 1013 308 1094 siquidm,
332 1011 516 1079 Coloniensi
540 1017 574 1078 et
595 1013 781 1090 Dresdensi,
806 1016 943 1079 tacetur.
979 1012 1065 1078 Tum
1088 1011 1167 1076 illud
1190 1012 1327 1076 verbum

152 1121 228 1182 retus
245 1118 434 1185 scholiastes
445 1118 547 1184 habet
559 1119 673 1184 leviter
685 1123 890 1202 corruptum
914 1117 1327 1202 estipsumrectissimum3

153 1224 222 1305 quod
242 1220 326 1290 enim
349 1225 449 1291 moro
477 1225 569 1291 nuto
596 1207 770 1291 dicendum
801 1229 887 1292 erat:
922 1228 1020 1311 aare
1048 1224 1251 1290 uranum
1279 1225 1328 1288 u

156 1339 258 1396 maa
283 1340 392 1415 eram,
426 1331 503 1397 urba
530 1331 744 1410 obsidebatur,
779 1332 905 1399 infinito
932 1332 983 1398 fit:
1019 1334 1190 1397 inurenda
1216 1329 1326 1413 fuisse,

156 1436 282 1504 masam
305 1459 379 1504 ease.
426 1438 606 1504 omittendi
629 1460 704 1524 quae
726 1440 824 1506 luerit
852 1459 961 1517 causa,
996 1442 1089 1522 patet
1115 1437 1258 1502 maxime
1287 1455 1328 1501 ex

156 1543 259 1610 dmbtu
279 1545 375 1611 codd.
399 1546 493 1625 Oxx„
528 1547 562 1612 in
589 1547 709 1630 quibus
737 1546 887 1612 additum
915 1548 965 1611 est
992 1544 1110 1611 delum
1133 1543 1247 1628 (fuisse
1269 1541 1326 1626 d),

156 1668 186 1714 ex
203 1671 260 1733 quo
281 1652 400 1717 deiude
424 1653 548 1718 lactum
570 1653 614 1718 ab
643 1653 714 1718 aliis
743 1673 806 1718 erre
835 1653 962 1718 aanor.
1014 1651 1087 1717 Non
1115 1651 1265 1716 ferebant
1294 1649 1327 1713 in

157 1755 294 1825 uudmdo
313 1758 448 1824 Lucullo
471 1759 610 1824 describi
627 1779 737 1825 rerum
754 1763 893 1835 statum;
916 1757 1043 1825 narrari
1060 1757 1183 1840 aliquid
1199 1759 1326 1839 gestum

157 1862 293 1943 volebant,
327 1869 366 1930 ut
395 1865 497 1930 voluit
529 1866 628 1931 etiam
660 1866 864 1931 Heumenus.
911 1865 977 1931 Sed
1003 1863 1095 1929 obliti
1119 1867 1204 1940 sunt
1240 1863 1327 1926 idem

156 1967 207 2035 ieri
225 1971 257 2035 in
277 1972 428 2054 proximo
450 1973 600 2038 membro
632 1970 754 2056 (urbem
783 1971 938 2038 obsessam
969 1970 1056 2051 erre),
1090 1974 1161 2035 tum
1193 1969 1327 2033 demum

156 2073 246 2141 subiici
267 2077 392 2143 lactum
415 2078 550 2144 Luculli.

221 2182 255 2249 (i
277 2184 314 2263 9,
349 2185 403 2251 24.
468 2184 651 2252 Ostendere
683 2187 737 2251 bic
770 2187 859 2252 locus
893 2188 1017 2268 potest,
1058 2203 1158 2267 quam
1197 2183 1327 2247 incaute

155 2287 363 2372 mipbuarum
393 2293 571 2357 auctoritas
598 2312 686 2374 saepe
716 2292 931 2357 examinetur.
978 2289 1146 2355 Edebatur
1169 2290 1271 2353 enim:
1301 2297 1329 2352 et
1421 2361 1423 2365 ¹

155 2398 255 2480 munio
275 2397 464 2463 mominis
485 2399 656 2464 multorum
673 2419 782 2484 regrum
800 2406 828 2464 et
843 2402 1008 2464 nationum
1025 2399 1123 2482 copiis
1141 2394 1328 2469 innobatum

154 2520 245 2568 rerum
272 2507 382 2590 sepiis,
417 2505 506 2588 quod
540 2505 573 2570 in
601 2506 690 2572 nullo
724 2526 765 2571 ne
794 2505 938 2588 pessimo
966 2503 1098 2587 quidem
1128 2502 1238 2567 codiee
1267 2504 1327 2576 est,

152 2615 223 2689 patet
244 2612 392 2677 additum
416 2632 487 2677 esse
511 2612 554 2677 ad
577 2613 741 2701 delectum
765 2612 971 2690 substantivi,
1001 2610 1088 2692 quod
1117 2609 1149 2672 in
1178 2607 1329 2672 omnibus

151 2716 317 2800 rugarihus
341 2720 436 2784 codd.
460 2720 630 2796 omittitur,
655 2720 863 2802 explendum.
910 2720 978 2783 lam
1002 2718 1064 2782 hoc
1087 2715 1329 2779 substantivum

147 2820 253 2890 hubent
275 2828 423 2891 omnium
445 2827 560 2908 optimi
583 2830 738 2907 quattuor
761 2826 899 2902 codices
925 2829 957 2889 et
979 2825 1185 2906 aptissimum
1203 2824 1236 2884 et
1253 2820 1328 2895 tale,

147 2930 219 3009 arod
240 2936 316 3014 post
344 2932 530 2997 duodicim
557 2937 692 3015 propter
720 2933 859 2997 similem
895 2932 1018 2996 exitrun
1054 2929 1202 2993 excidere
1238 2926 1329 2991 facil·

145 3034 207 3101 lime
229 3043 340 3120 posset
364 3039 564 3122 (adventiciis
587 3036 742 3119 a-uaeiiiis).
789 3040 830 3103 Et
853 3043 965 3104 lamen
989 3057 1028 3101 ex
1053 3037 1238 3101 coniectura
1259 3033 1329 3098 ltali

144 3144 309 3223 cuiusdam,
334 3166 401 3229 qua
423 3147 450 3211 is
475 3146 672 3211 deteriorum
696 3146 790 3211 codd.
810 3146 1005 3228 scripturam
1024 3142 1200 3207 emendare
1218 3141 1328 3215 voluit,

144 3250 301 3330 abortivo,
326 3254 414 3336 quod
438 3253 563 3329 aderat,
587 3255 620 3317 in
640 3253 893 3328 substantivum,
919 3251 1006 3333 quod
1024 3250 1138 3315 deesse
1156 3246 1328 3321 sentiebat,

143 3362 266 3437 mutato,
302 3380 389 3425 nova
420 3362 606 3426 coniectura
634 3360 677 3424 ab
707 3359 827 3424 Orellio
850 3361 1005 3434 tentatur,
1041 3361 1078 3420 ut
1101 3355 1213 3420 Cicero
1238 3353 1330 3416 adiu-

144 3468 241 3530 mentis
263 3468 377 3531 iuuare
399 3467 496 3531 dicat.

219 3573 254 3638 C.
278 3574 310 3651 9,
335 3575 388 3638 26.
434 3573 482 3638 lle
514 3574 642 3637 minuta
672 3593 707 3637 re
737 3573 855 3636 dicam.
907 3571 971 3636 Pro
1002 3573 1037 3632 iu
1067 3571 1135 3652 ipso
1165 3568 1218 3630 illo
1248 3566 1331 3628 rnatu

143 3677 228 3755 edidi,
255 3680 327 3745 cod.
351 3680 585 3758 Erlurtensem
615 3680 649 3745 id
678 3683 737 3757 est,
767 3681 922 3761 optimos
952 3677 1062 3741 Haun.
1087 3679 1120 3739 et
1142 3674 1216 3739 edd.
1241 3676 1329 3747 vett,

143 3783 171 3846 id
196 3791 251 3865 est,
283 3787 463 3853 deteriores
491 3806 615 3864 omnes,
644 3796 787 3864 secutus,
817 3786 928 3850 inillo
953 3783 1136 3869 ipsaniam,
1167 3778 1331 3862 quomodo
1347 3807 1382 3844 1³1

143 3890 309 3959 Lambinus
332 3896 476 3960 scribere
500 3895 637 3959 solebat.
678 3895 707 3959 ls
732 3894 819 3958 enim
844 3892 1043 3974 frequentior
1067 3889 1147 3954 ordo
1171 3889 1251 3962 erat,
1277 3886 1329 3966 qui

144 4017 233 4078 quum
255 4001 428 4084 aliquoties
451 4021 472 4066 a
495 4001 634 4066 librariis
658 4002 691 4065 in
715 4020 802 4076 eum,
833 4000 887 4081 qui
911 3997 1015 4061 rarior
1038 4000 1088 4061 est
1115 3995 1228 4068 multo,
1258 4011 1330 4055 mu·

145 4107 222 4170 laun
243 4112 339 4185 esset,
375 4108 556 4191 elegantius
586 4108 685 4172 etiam
717 4110 750 4171 et
780 4103 978 4170 reconditius
1010 4103 1159 4167 habitum
1189 4103 1239 4164 est
1268 4101 1332 4181 ipae

146 4209 200 4273 itte.
246 4213 286 4278 lis
317 4215 435 4280 harum
470 4214 641 4280 duodecim
673 4214 857 4277 orationum
890 4211 983 4287 locis
1020 4209 1075 4273 ubi
1106 4209 1229 4273 editum
1261 4209 1332 4269 erat

147 4317 203 4398 ipse
223 4320 282 4399 ille,
306 4322 448 4387 alterum
471 4321 618 4387 ordinem
644 4321 710 4384 fere
735 4323 792 4383 aul
810 4339 924 4383 omnes
942 4317 1111 4382 habebant
1129 4314 1266 4388 codices
1292 4331 1331 4374 ex

149 4425 253 4504 rubus
274 4429 353 4494 talia
375 4433 535 4494 annotata
558 4431 644 4504 sunt,
669 4433 725 4491 aut
749 4424 1021 4508 praestantissimi,
1046 4422 1140 4487 Catil.
1159 4420 1209 4495 lV,
1235 4420 1264 4495 8,
1291 4419 1329 4481 ll

149 4527 205 4594 Eri.
227 4554 296 4600 cum
319 4536 395 4601 edd.
421 4538 509 4612 vett,
534 4554 594 4617 pro
617 4535 681 4598 Mil.
701 4535 753 4609 25,
778 4534 821 4598 68
835 4533 901 4597 Eri.
926 4540 958 4596 et
981 4530 1169 4599 BararicuS.
1194 4524 1259 4591 ibd.
1279 4525 1331 4600 32,
