2948 5206
679 309 743 374 113

157 510 207 591 uuis
224 505 308 570 hecil
328 506 471 582 nuntius,
506 504 565 568 sed
593 504 637 570 ad
663 524 760 587 quem
789 482 917 571 missus.
963 507 1076 590 ltaque
1098 511 1307 593 perspicuum

158 615 257 690 uidetur,
277 616 376 694 quum
392 610 504 677 Cicero
520 630 569 687 ea,
594 630 667 693 quae
681 611 760 694 fingi
773 617 918 694 possent,
941 613 1169 693 coniunxisset,
1192 615 1309 682 deinde

156 721 278 804 duplicem
299 718 588 800 interrogationem
611 717 812 795 subiecisset,
835 720 882 784 ita
904 723 941 784 ut
963 740 1053 806 quem
1069 721 1247 803 pertineret
1264 722 1308 787 ad

155 827 216 910 pu‘us
238 825 312 908 (arc.
340 824 421 905 ot),
444 810 489 888 od
516 845 606 910 mauu
633 829 743 891 autem
771 825 815 891 ad
843 826 982 891 alterum
1011 824 1113 908 (num.
1142 826 1211 911 m),
1245 828 1308 894 hoc

154 954 198 999 uou
217 933 370 999 intellecto
398 932 541 1015 aliquem
569 931 668 1013 priori
698 932 783 1014 parti
812 952 907 997 suam
921 932 1220 1016 interrogationem
1248 933 1308 999 ad-

153 1041 310 1123 imgendam
334 1042 479 1122 putasse.
488 1033 515 1120 ¹)
549 1037 585 1103 C.
601 1039 656 1116 45,
682 1038 745 1103 132
768 1038 952 1122 legebatur:
976 1058 1078 1103 nonne
1094 1041 1197 1125 quiuis
1207 1047 1309 1124 potest

153 1147 296 1232 modium,
318 1149 459 1212 ommam
481 1145 684 1209 architectum
706 1152 735 1209 et
749 1146 996 1209 machinatorem
1011 1166 1110 1210 unum
1127 1166 1191 1211 esse
1208 1145 1309 1233 Chcyj

151 1252 286 1337 mosum?
304 1255 361 1340 qui
382 1252 454 1317 Sea.
478 1251 586 1316 Roscii
608 1271 720 1316 momen
740 1250 948 1333 defcrmcdmn
970 1252 1118 1316 curavit?
1145 1244 1201 1317 hoc
1223 1252 1308 1317 iadi-

151 1354 216 1441 dm,
239 1362 325 1425 caius
345 1360 475 1425 honoria
496 1379 595 1424 causa
617 1378 768 1423 ammom
789 1379 822 1423 cc
843 1357 927 1422 dieu
950 1357 1113 1424 Mus?
1144 1359 1230 1424 Nihil
1259 1363 1309 1425 est

150 1472 230 1532 autem
255 1469 408 1551 apertius,
443 1486 543 1549 quam
573 1467 663 1530 cuius
690 1466 806 1531 eodem
833 1465 932 1531 modo
959 1465 1072 1530 reterri
1101 1466 1143 1531 ad
1174 1465 1308 1550 Chryso·

146 1593 241 1657 psum,
266 1594 331 1657 quo
353 1575 418 1660 qui,
449 1573 697 1654 enumerarique
719 1592 778 1654 per
801 1571 944 1637 relativae
972 1573 1143 1638 sententiae
1167 1574 1307 1639 formam

148 1699 181 1757 aa
201 1701 217 1744 a
237 1680 352 1764 quibus
375 1680 408 1745 id
430 1679 637 1761 intelligatur,
654 1678 754 1760 ⁴(duod
777 1677 909 1761 intelligi
933 1678 1045 1745 Cicero
1068 1679 1149 1744 dixit
1177 1679 1308 1763 (seque-

146 1787 238 1851 bmlur
257 1786 342 1851 erum
367 1786 476 1869 plures
499 1785 646 1850 eiusdem
665 1785 792 1867 generis
809 1787 990 1863 sententia,
1014 1786 1071 1850 ubi
1088 1806 1175 1851 nunc
1191 1786 1307 1852 lacuna

144 1890 262 1975 excipit);
289 1893 400 1975 itaque
423 1893 559 1957 turbant
580 1890 761 1956 orationem
785 1891 928 1973 alioquin
951 1892 1048 1972 plane
1070 1892 1232 1975 integram
1254 1892 1309 1957 illa

146 1999 225 2064 uerba
244 1999 299 2063 hoc
320 1999 485 2078 iudicimu,
509 2019 549 2065 ex
572 1997 690 2081 quibus
713 1998 902 2076 Lambinus,
926 1999 982 2080 qui
998 2000 1153 2064 orationis
1169 2000 1309 2064 formam
1323 2013 1363 2054 1⁴⁰

143 2106 255 2185 uiderat,
287 2104 515 2186 interpolando
543 2105 651 2168 effecit
679 2105 825 2169 inutilem
854 2107 1028 2188 superioris
1056 2106 1226 2170 sententiae
1256 2123 1308 2170 re·

138 2214 304 2294 petitionem
331 2210 401 2298 (qui
427 2209 483 2274 hoe
510 2209 665 2274 iudicium
693 2210 862 2293 conflavit).
908 2211 974 2277 Sed
1002 2212 1064 2276 illis
1092 2211 1201 2277 uerbis
1229 2223 1307 2276 con·'

137 2320 237 2383 tmebcr
261 2317 430 2384 annotatio
458 2317 593 2382 aliccuius
616 2318 788 2395 monentis,
817 2320 956 2383 nominis
985 2318 1085 2383 delati
1108 2319 1307 2383 mentionem

135 2425 169 2490 ad
186 2426 243 2491 hoc
263 2425 372 2508 ipsum
399 2423 554 2488 iudicium
582 2425 755 2506 pertinere.
801 2425 974 2490 Extremus
1003 2424 1047 2489 sit
1074 2444 1114 2489 ex
1142 2425 1205 2490 bac
1232 2444 1306 2490 ora·

134 2533 207 2597 tione
225 2532 323 2609 locus,
348 2531 404 2613 qui
420 2548 447 2594 c.
466 2531 519 2609 47,
546 2529 608 2594 136
631 2530 677 2596 ita
699 2530 796 2613 vulgo
819 2531 957 2613 scriptus
982 2534 1104 2595 exstat:
1131 2529 1208 2609 Qus
1225 2531 1307 2593 emim

133 2645 199 2719 aral,
219 2639 271 2724 pei
292 2657 355 2700 mon
377 2621 506 2718 uideuet,
534 2636 743 2700 humilitatem
766 2658 836 2702 cum
859 2637 1014 2722 dignitate
1037 2637 1076 2701 de
1100 2636 1308 2720 amplitudine

132 2744 317 2808 mmeudere?
348 2745 432 2808 mira
461 2743 617 2808 oratione.
664 2744 772 2822 Quum
802 2745 888 2810 enim
917 2744 1082 2808 humilitas
1112 2749 1145 2809 et
1167 2743 1309 2828 dignitas

132 2852 169 2915 ita
188 2855 354 2933 ponantur,
384 2853 421 2914 ut
444 2853 554 2932 partes
577 2849 666 2932 ipsae,
702 2871 775 2931 quae
799 2851 978 2929 certabant,
1013 2855 1175 2928 notentur,
1211 2851 1307 2933 plane

132 2958 260 3022 eiusdem
277 2958 405 3040 generis
428 2956 634 3034 vocabulum,
659 2957 843 3040 amplitudo,
867 2957 1072 3022 vitiosissime
1096 2957 1141 3022 ita
1164 2957 1306 3034 additur,

132 3069 160 3128 ul
180 3085 304 3146 prorsus
327 3063 391 3128 alio
414 3063 513 3128 modo
536 3063 671 3128 dicatur.
718 3064 840 3129 Deinde
864 3083 1016 3147 peruerse
1046 3065 1130 3128 inter
1157 3083 1193 3127 se
1221 3062 1306 3127 reie-

132 3175 231 3235 runtur
251 3171 415 3234 humilitas
437 3173 470 3234 et
492 3169 643 3254 dignitas,
679 3191 752 3252 quac
783 3172 953 3235 contrariae
982 3190 1048 3234 non
1076 3174 1167 3246 sunl;
1201 3190 1308 3252 neque

134 3279 205 3341 cuim
226 3277 365 3362 dignitus
386 3277 433 3341 ita
456 3275 605 3341 absolute
627 3279 767 3358 ponitur,
796 3297 856 3341 nec
879 3277 1027 3341 homines
1051 3280 1127 3340 sunt
1150 3277 1247 3358 digni,
1271 3283 1307 3341 ut

134 3383 267 3460 humiles;
300 3403 362 3448 nec
385 3383 551 3447 humilitas
575 3383 615 3447 de
639 3383 851 3465 amplitudine
875 3387 1000 3448 certare
1023 3387 1166 3464 poterat:
1201 3401 1307 3464 neque

135 3490 205 3554 enim
236 3511 379 3573 unquam
409 3489 531 3554 habere
555 3509 628 3553 eam
651 3493 769 3571 potest.
815 3490 993 3555 Contrariae
1029 3493 1106 3554 sunt
1139 3489 1305 3553 humilitas

136 3600 161 3659 et
180 3598 359 3680 amplitudo,
383 3596 521 3661 humiles
544 3597 691 3660 homines
709 3601 742 3661 et
763 3596 969 3679 aunplissimi;
993 3596 1014 3660 ii
1038 3596 1217 3674 certabant,
1241 3597 1305 3660 utri

137 3704 194 3783 plus
215 3709 353 3786 possent.
400 3704 558 3769 Tollenda
587 3704 696 3784 itaque
731 3707 802 3767 erat
835 3702 1001 3787 diguitatis
1034 3723 1106 3778 vox,
1142 3702 1306 3784 adscripta

138 3809 171 3872 ad
189 3811 402 3893 amplitudinis
425 3829 544 3875 nomen
572 3809 712 3874 barbare
742 3809 1032 3891 interpretandum,
1069 3809 1186 3873 deinde
1215 3807 1304 3871 illata

138 3913 361 3984 luctationem.
408 3918 516 3982 Sensit
539 3918 686 3992 tortasse,
711 3936 775 3979 non
799 3916 938 3993 sustulit,
963 3917 1209 3996 perversitatem
1233 3912 1303 3975 vul·

141 4026 207 4100 uam
232 4027 412 4107 scripturae,
448 4024 592 4106 quisquis
622 4027 735 4087 auctor
763 4018 824 4087 suit
852 4023 926 4104 (nisi
954 4023 980 4087 is
1010 4040 1105 4086 casus
1134 4016 1195 4098 est)
1225 4020 1304 4095 eius

141 4145 220 4206 quam
241 4133 272 4195 in
292 4152 359 4196 una
385 4131 553 4212 alteraque
581 4131 721 4194 editione
750 4130 824 4205 vidi,
860 4151 928 4193 mim
957 4129 1109 4212 diquuilate
1138 4133 1165 4189 et
1194 4126 1306 4208 ampli·

143 4232 238 4298 tudine.

166 4457 183 4524 ¹)
197 4460 331 4533 [Sequeudi
350 4472 429 4521 erant
449 4467 606 4535 integriores
624 4466 754 4519 Prisciani
775 4466 894 4519 codices:
915 4473 942 4517 ol
961 4480 993 4517 ex
1013 4468 1178 4516 emortum.
1217 4459 1305 4527 1834]

1078 4550 1095 4603 8
