2948 5206
698 295 740 360 73

121 476 125 487 '
163 483 288 564 scripsisse
308 485 458 564 traditur,
488 487 523 551 in
545 489 665 570 quibus
688 510 810 556 nomen
834 491 940 573 ipsum
966 494 999 554 et
1022 490 1214 572 fragmenta,
1245 511 1319 572 quae
1406 475 1410 485 ⁴

160 589 231 670 paulo
246 594 313 671 post
335 593 552 673 proferentur,
583 595 625 658 de
652 598 743 685 poesi
771 597 899 660 scenica
928 598 1063 677 eiusque
1086 596 1220 661 historia
1244 616 1319 661 eru·

159 693 205 758 dite
221 695 410 778 disputatum
434 717 507 763 csse
530 700 716 778 ostendunt,
753 703 882 779 mirum,
916 705 954 765 ut
981 702 1120 779 ridetur,
1155 702 1319 766 scribendi

157 820 229 881 genus
251 803 302 868 illa
332 807 431 868 aetate
465 805 555 887 apud
583 806 767 885 Romanos,
802 807 949 873 nondum
978 807 1157 872 admodum
1185 809 1318 873 remotis

154 926 231 972 seue
254 909 364 987 initiis,
401 914 434 974 et
461 911 496 974 in
523 911 578 976 illo
605 912 752 990 homine,
788 913 876 995 quod
905 913 994 996 apud
1023 912 1153 978 Graecos
1181 913 1319 978 anullo

152 1019 288 1094 poetarum
311 1017 516 1082 scenicorum
535 1022 711 1083 tractatum
730 1024 790 1097 est,
815 1040 834 1084 a
852 1019 1074 1110 grammaticis
1089 1019 1319 1083 Alexandrinis

150 1121 302 1203 portisque,
338 1123 395 1203 qui
428 1125 541 1206 poesin
569 1143 644 1188 cum
672 1128 894 1207 grammaticis
922 1125 1039 1191 studiis
1067 1125 1317 1207 coniungehant,

148 1225 287 1308 diligenter
310 1229 487 1294 excultum.
533 1230 570 1294 Id
592 1230 680 1295 unde
711 1231 868 1313 originem
897 1236 930 1296 et
958 1250 1078 1296 nornen
1105 1231 1258 1296 hahuerit
1286 1235 1319 1295 et

145 1333 219 1413 quale
240 1334 347 1411 fuerit,
386 1340 462 1418 post
490 1336 722 1402 Casaubonum
754 1337 811 1419 (ad
839 1340 959 1403 Athen.
983 1337 1025 1402 Vl
1047 1358 1080 1420 p.
1104 1337 1170 1402 235
1193 1335 1233 1419 Ε)
1262 1357 1318 1401 ex·
1333 1355 1358 1395 σι

142 1440 228 1520 posuit
255 1442 296 1505 A.
325 1441 501 1507 Boeckhius
530 1440 576 1525 (in
605 1444 888 1527 Corpslnscriptt.
913 1444 1016 1508 Graec.
1040 1443 1054 1506 Ι
1076 1464 1109 1525 p.
1134 1443 1200 1508 350
1222 1442 1318 1525 squ),

140 1551 268 1613 auctores
292 1552 405 1612 autern
428 1549 632 1613 enumeravit
654 1551 694 1616 Α.
718 1551 897 1616 Meinekius
921 1550 1058 1632 (Quaest.
1082 1549 1206 1614 Scenic.
1231 1569 1318 1632 spec.

137 1652 170 1716 lll
187 1674 217 1736 p.
242 1653 352 1734 1-7).
405 1654 452 1718 Ex
481 1655 647 1720 veteribus
676 1659 762 1721 enim
792 1658 1023 1732 monumentis
1059 1656 1177 1737 quibus
1205 1659 1319 1721 notata

136 1764 213 1824 erant
234 1761 364 1825 scenica
388 1762 568 1827 certamina
592 1767 624 1826 et
647 1783 720 1845 quae
751 1764 795 1828 ad
823 1782 863 1828 ea
890 1763 1108 1847 pertinebant,
1145 1782 1218 1844 quae
1247 1763 1320 1844 ipsa

133 1872 290 1925 διδααιιαδδαι
335 1868 504 1950 appellata
543 1870 710 1947 videntur,
758 1870 951 1937 Aristoteles
1000 1870 1118 1934 librum
1167 1869 1320 1933 effecerat

133 1972 394 2056 inscripseratque
417 1982 601 2054 διδασκαλίας,
630 1976 663 2041 in
692 1996 757 2058 quo
785 1978 865 2042 nihil
888 1977 977 2042 aliud
1001 1996 1101 2058 quam
1125 1974 1179 2038 illa
1202 1995 1319 2039 monu-

132 2087 231 2147 menta
258 2082 428 2164 collegisse
457 2083 721 2164 disposuisseque
749 2083 894 2168 videtur,
929 2087 966 2149 ut
1000 2083 1183 2147 efficeretur
1211 2080 1318 2157 index,

131 2205 166 2251 ex
186 2208 248 2271 quo
268 2189 410 2271 perspici
432 2193 554 2272 posset,
589 2208 663 2271 quae
692 2189 814 2254 tabulae
842 2196 981 2272 quorum
1004 2192 1176 2272 poetarum
1200 2186 1319 2269 quibus

130 2296 322 2377 temporibus
345 2317 406 2378 per
428 2315 510 2378 quos
534 2315 599 2378 quo
628 2300 748 2361 eventu
776 2300 858 2361 actae
888 2299 1007 2372 essent,
1042 2314 1181 2376 quaeque
1211 2297 1320 2358 essent

131 2400 237 2467 borum
252 2403 381 2479 similia,
406 2402 587 2483 eodemque
610 2402 708 2467 modo
733 2403 797 2467 alia
816 2409 999 2460 διδασκαλιῶν
1022 2420 1159 2484 corpora
1182 2401 1225 2465 ab
1249 2400 1320 2464 aliis

132 2509 267 2574 coniecta
290 2509 393 2574 tuisse
416 2509 577 2572 videntur.
623 2509 683 2573 His
712 2510 857 2573 fontibus
881 2509 1093 2573 Alexandrini
1116 2508 1320 2589 grammatici

133 2615 240 2697 aliique
262 2617 440 2681 utebantur
463 2634 634 2695 scenaeque
658 2617 827 2680 historiam
857 2617 985 2697 scriptis
1009 2615 1319 2696 complectebantur,

134 2723 183 2801 qui
203 2727 311 2787 tamen
333 2743 400 2787 non
427 2727 602 2784 διδασκαλίας
632 2722 732 2816 libros
764 2724 1012 2803 inscripserunt3
1044 2722 1101 2785 sed
1131 2720 1321 2786 Callimachi

136 2834 196 2892 erat
217 2840 293 2896 πίναξ
311 2843 365 2888 τῶν
382 2834 449 2889 amet
464 2833 581 2908 χρόνους
599 2837 644 2886 καὶ
662 2833 710 2887 ἀπ’
728 2834 812 2907 ἀρχῆς
830 2840 985 2905 γενομένων
1002 2834 1194 2903 διδασκαλιῶν,
1220 2829 1320 2909 Cary·

137 2936 182 2999 stii
201 2937 392 3020 Pergameni
415 2938 497 3002 liber
520 2945 579 3014 περὶ
604 2944 796 3000 διδασκαλιῶν.

213 3044 336 3109 Horum
361 3047 457 3134 igitur
474 3046 660 3126 exemplum
677 3049 807 3109 secutus
825 3044 933 3108 Attius
951 3042 1168 3107 didascalicon
1178 3036 1203 3122 ¹)
1222 3041 1321 3105 libros

138 3148 341 3232 inscripserat,
366 3152 486 3233 quibus
509 3153 613 3216 simile
637 3156 864 3234 argumentum
890 3151 988 3231 paulo
1012 3147 1225 3228 amplioribus
1249 3148 1321 3211 fini-

138 3254 190 3320 bus
211 3258 511 3340 comprehenderat.
557 3259 641 3322 Nam
664 3260 806 3340 primum
831 3257 960 3321 Graecos
990 3261 1022 3319 et
1050 3256 1182 3319 Latinos
1206 3258 1321 3335 poetas

140 3370 313 3442 persecutus
337 3369 419 3450 erat,
443 3384 633 3446 quanquam
658 3366 778 3429 diutius
802 3367 834 3428 in
851 3364 968 3428 hortun
986 3362 1139 3443 operibus
1158 3366 1323 3425 moratum
1349 3380 1357 3389 ·

140 3475 214 3548 puto,
237 3472 355 3536 deinde
378 3476 498 3554 proeter
521 3472 683 3536 scenicum
708 3491 809 3553 genus
833 3469 989 3534 nonnulla
1012 3469 1054 3532 ad
1078 3469 1158 3532 alias
1178 3467 1322 3533 historiae

199 3755 294 3810 bonem
315 3756 471 3824 Vopiscum,
495 3760 631 3808 oratorem
655 3760 682 3807 et
700 3759 810 3823 poetam
830 3754 971 3820 tragicum,
996 3751 1043 3819 qui
1062 3768 1086 3803 a.
1106 3768 1132 3804 u.
1151 3768 1173 3802 c.
1194 3750 1245 3801 667
1265 3748 1321 3815 (87)

199 3846 325 3899 aedilicius
338 3845 428 3914 periit.
456 3844 598 3906 Convenit,
617 3844 690 3911 quod
710 3844 803 3896 Cicero
822 3859 851 3895 se
870 3842 1072 3895 adolescentem
1091 3832 1153 3892 curn
1173 3856 1205 3892 eo
1224 3838 1322 3906 saepius

199 3936 361 3988 collocutum
386 3934 521 4002 significat
544 3929 783 3996 (mutuarer),
812 3936 850 3991 ut,
879 3931 900 3983 si
925 3947 941 3983 a
965 3930 1094 3983 Cicerone
1119 3927 1212 3995 viginti
1235 3943 1322 3980 annos

200 4029 261 4077 nato
280 4024 392 4077 auditus
410 4027 460 4086 est,
479 4022 541 4090 plus
560 4037 644 4088 quam
663 4021 800 4088 octoginta
819 4035 906 4072 annos
925 4019 1030 4071 vixerit

166 4106 183 4173 ¹]
200 4111 274 4166 lianc
291 4129 352 4166 esse
372 4127 466 4164 veram
485 4110 612 4174 formam,
640 4127 702 4178 quar
726 4114 766 4162 est
785 4109 813 4161 in
832 4108 939 4161 duobus
959 4105 1097 4167 Prisciani,
1125 4122 1181 4158 uno
1200 4104 1323 4167 Charisii,

201 4216 253 4255 uuo
271 4202 337 4255 item
357 4199 436 4254 Nonii
455 4200 523 4263 loco,
543 4215 598 4252 uon
617 4201 796 4252 didascalicos
811 4198 893 4251 libros
908 4194 991 4263 (quod
1007 4196 1073 4247 item
1092 4194 1145 4246 dici
1163 4209 1243 4261 posse
1257 4193 1323 4246 bler-

202 4306 276 4344 ccrus
293 4291 410 4359 putabat
423 4289 458 4341 ad
471 4289 538 4341 Non.
551 4305 578 4356 p.
594 4287 654 4356 134,
675 4290 747 4356 quod
764 4287 863 4341 extrita
881 4289 1004 4337 extrema
1016 4283 1106 4335 littera
1119 4286 1148 4334 in
1161 4284 1324 4335 didascalico

203 4380 267 4433 libro
290 4383 308 4434 Ι
331 4385 359 4433 et
387 4377 488 4431 similia
515 4376 699 4444 legebantur),
728 4375 795 4429 vidit
824 4376 925 4429 Osann.
950 4373 1028 4427 Anat.
1052 4371 1110 4425 crit.
1136 4389 1162 4439 p.
1182 4369 1223 4423 62.
1270 4371 1324 4423 Sed

205 4468 427 4522 didascalicam
444 4465 543 4518 Latina
561 4465 650 4518 forma
669 4482 685 4518 a
697 4464 882 4533 grammaticis
895 4461 1026 4531 appellari
1039 4476 1095 4513 non
1108 4449 1244 4528 potuisse,
1256 4459 1323 4511 nihil

207 4561 251 4615 est,
268 4557 339 4624 quod
358 4556 471 4610 credere
490 4559 576 4622 cogat.
613 4554 665 4608 Cir.
685 4553 856 4607 Weichertus
875 4552 934 4604 loco
954 4549 1025 4602 infra
1042 4535 1175 4602 citando.⁰
1273 4599 1275 4602 Δ
