2948 5206
678 319 736 383 191

164 514 239 580 stratio
259 516 355 581 libera
383 519 464 580 erat.
509 514 679 580 Postremo
714 535 735 578 a
768 534 836 579 suae
871 516 975 597 gentis
1009 516 1147 598 populis,
1183 517 1239 598 qui
1273 518 1307 582 in

160 622 257 687 andem
288 621 509 688 condicionem
544 620 667 686 redacti
701 640 766 685 non
801 626 908 699 erant,
950 624 1038 687 omni
1079 624 1306 688 communione

79 762 86 775 ·
156 728 255 806 sublata,
283 727 477 794 commercio
507 728 743 809 connubioque,
773 728 861 809 quod
885 729 1008 793 civibus
1033 749 1106 794 cum
1129 732 1307 814 peregrinis

79 867 86 907 ·.
152 839 282 913 nouerat
306 834 488 911 interdicto,
512 834 747 899 avellebantur.
757 829 783 915 ¹)
818 835 932 916 ltaque
954 835 1112 902 hactenus
1135 838 1206 902 haec
1230 847 1364 903 con-ne

79 1006 84 1011 .
149 939 213 1020 litio,
245 942 304 1006 etsi
326 961 393 1006 non
416 940 563 1006 omnium
590 941 687 1023 plane
715 942 832 1006 eadem
861 941 929 1018 fuit,
965 962 1078 1007 eorum
1110 944 1307 1021 condicione,

79 1080 83 1087 ·
145 1067 253 1129 quorum
274 1053 391 1130 postea
415 1051 506 1112 extra
529 1046 656 1112 ltaliam
681 1047 826 1112 civitates
850 1048 882 1112 in
905 1050 1144 1129 provinciarum
1169 1050 1308 1114 formam

142 1155 256 1219 rcdactae
289 1158 377 1232 suut,
413 1154 596 1236 quibusque
630 1156 673 1219 ob
709 1154 961 1236 discrepantiam
995 1175 1124 1220 morum
1158 1176 1224 1221 non
1259 1158 1308 1221 ius

139 1260 300 1325 Romanurn
325 1260 497 1325 obtrusum
521 1264 580 1338 est,
610 1261 668 1325 sed
696 1261 748 1325 lex
764 1262 950 1343 ,provinciae
973 1262 1061 1340 data,
1091 1263 1205 1327 melior
1228 1267 1308 1340 erat,

137 1369 205 1449 quod
226 1369 361 1449 antiquo
384 1368 438 1433 illo
462 1372 609 1449 tempore
638 1367 780 1431 Romani
808 1368 918 1432 mitius
946 1369 1137 1450 parentibus
1166 1370 1309 1452 impera·

135 1474 211 1551 bant,
242 1475 425 1557 praesertim
454 1473 600 1538 nondum
629 1473 759 1538 licentia
786 1474 841 1538 illa
868 1476 1099 1557 proconsulum
1128 1480 1309 1557 propraeto-

79 1588 83 1669 ᾗ
134 1601 253 1664 rumque
275 1584 366 1659 nata,
396 1601 470 1663 quae
493 1582 526 1645 in
549 1581 731 1663 longInquis
747 1581 921 1662 provinciis
938 1584 1048 1660 crevit,
1073 1586 1105 1647 et
1128 1582 1215 1664 quod
1238 1582 1310 1647 Itali

82 1694 85 1700 '
134 1687 177 1761 dli.
202 1692 346 1771 mgnatae
373 1688 566 1769 plerumque
589 1687 746 1752 Romanis
771 1688 889 1769 stirpis,
919 1689 1013 1753 saelle
1042 1709 1115 1752 cum
1139 1689 1178 1752 iis
1202 1689 1311 1753 coale-

133 1796 252 1861 scebant
273 1803 414 1877 postque
438 1793 569 1875 aliquod
593 1797 722 1875 tempus
751 1794 794 1857 ad
822 1795 976 1877 suffragia
1005 1795 1273 1860 admittebantur.
1282 1790 1311 1878 ⁹)

79 1932 81 1939 ·
132 1900 250 1966 llectius
272 1903 369 1984 igitur
392 1901 433 1965 de
456 1901 518 1965 hoc
542 1901 689 1965 beneficii
711 1920 828 1983 genere
853 1901 961 1965 Livius
978 1899 1044 1982 (lx,
1068 1901 1125 1983 45)
1149 1903 1210 1966 sub
1234 1922 1309 1984 per-

83 2092 86 2098 ,
134 2027 202 2072 sona
232 2008 411 2090 AEquorum
445 2006 576 2084 iudicat,
612 2027 711 2087 quam
739 2007 797 2070 ubi
825 2009 894 2090 ipse
923 2028 974 2072 res
1002 2013 1128 2086 narrat,
1163 2009 1245 2073 mire
1274 2029 1311 2073 se

135 2113 296 2196 implicans,
325 2119 371 2191 ut,
405 2134 462 2179 cur
484 2113 517 2178 id
540 2113 733 2177 beneficium
757 2113 871 2178 datum
894 2114 946 2191 sit,
970 2117 1121 2197 reperiat,
1151 2116 1310 2197 quemad·

197 2363 321 2418 denarum
348 2378 442 2417 rerum
469 2361 734 2416 administrationem
761 2379 833 2432 soepe
861 2361 1024 2426 retinebant,
1052 2379 1102 2416 nec
1130 2379 1208 2431 aeque
1235 2363 1311 2417 duris

199 2451 292 2520 legibus
315 2468 413 2506 omnes
435 2451 686 2519 adstringebantur3
716 2468 781 2505 narn
805 2451 928 2505 Hernicis
953 2452 1021 2516 (Liv.
1040 2453 1089 2515 IX,
1117 2451 1163 2518 43)
1186 2451 1311 2505 interdic-

202 2543 251 2593 tum
268 2547 307 2595 est
326 2540 541 2609 magistratibus
570 2544 665 2593 contra
687 2539 747 2592 aliis
770 2557 826 2593 suae
845 2539 884 2592 rei
907 2540 1021 2608 publicae
1040 2540 1143 2610 species
1162 2540 1253 2608 aliqua
1272 2557 1311 2594 re

203 2627 256 2681 licta
272 2635 318 2683 est.
356 2630 556 2683 Veliternorum
580 2633 719 2682 senatores
742 2629 920 2682 nominantur
942 2630 1011 2694 (Liv.
1031 2629 1100 2692 VIII,
1120 2626 1163 2692 14)
1191 2634 1218 2681 et
1241 2628 1311 2681 l'un·

206 2716 321 2772 danorum
344 2724 406 2787 post
429 2719 568 2770 civItatem
591 2716 637 2769 illo
661 2717 743 2770 modo
768 2718 860 2770 datam
885 2717 952 2782 (Lis.
972 2718 1041 2782 VIII,
1070 2715 1121 2782 19).
1159 2717 1203 2770 Sic
1227 2717 1311 2770 etiam

208 2805 333 2874 nrplnaies
351 2808 412 2860 illos
431 2806 522 2859 aediles
541 2823 575 2859 ex
593 2806 756 2873 antiquitate
775 2812 894 2859 retentos
911 2813 987 2874 puto,
1006 2823 1098 2859 rerum
1111 2807 1310 2875 oppidanorum

210 2901 334 2959 curatores,
363 2912 449 2964 quum
473 2895 616 2963 praeiectus
635 2894 677 2947 ius
696 2896 805 2957 diceret,
834 2902 868 2958 et,
897 2896 961 2948 dato
980 2896 1116 2964 suffragio,
1144 2896 1171 2948 in
1191 2896 1311 2964 praefecti

214 2981 285 3037 locum
301 2985 471 3038 suocessisse.
507 2985 547 3036 De
570 2983 715 3051 Campanis
738 2985 820 3051 paulo
848 2991 909 3052 post
928 2985 1040 3037 dicetur.
1082 2985 1120 3037 Ex
1143 2986 1313 3052 praefecturae

212 3070 305 3140 denique
322 3073 434 3128 nomine
453 3090 516 3126 cum
535 3073 594 3140 ipsa
618 3072 729 3125 historia
753 3073 897 3126 deditionis
921 3073 1070 3135 conficitur,
1098 3074 1171 3141 quod
1195 3073 1223 3126 in
1246 3079 1312 3127 uota

214 3161 311 3225 proxima
337 3162 402 3226 dlxi,
432 3163 637 3214 Privernatibus
665 3162 784 3229 primurn
813 3161 951 3215 civitatem
974 3162 1032 3215 sine
1055 3162 1183 3230 suffragio
1209 3164 1312 3215 datam.

215 3242 294 3312 [Quum
311 3267 401 3304 meam
420 3251 584 3305 senteutiam
604 3251 637 3303 de
656 3251 880 3318 praefecturarum
899 3251 1001 3318 origine
1019 3256 1046 3303 et
1059 3256 1132 3304 statu
1145 3256 1172 3303 et
1191 3251 1231 3314 iis,
1251 3268 1312 3319 quae

214 3332 246 3388 his
260 3341 393 3394 semuncta
411 3345 484 3403 sunt,
503 3339 568 3393 satis
587 3344 614 3392 et
631 3340 794 3407 disputando
808 3345 835 3392 et
847 3339 1009 3392 testimoniis
1022 3339 1197 3393 confirmasse
1210 3341 1313 3403 videar,

217 3438 256 3478 non
280 3436 341 3496 puto
373 3428 531 3497 singulatim
563 3428 713 3481 refellenda
745 3444 817 3491 esse,
855 3444 916 3496 quae
948 3428 1125 3492 Niebuhrius,
1161 3429 1310 3497 opinationi

218 3510 339 3584 Indulgens,
367 3519 396 3571 in
420 3517 560 3570 volumine
583 3517 619 3569 Ill
643 3516 704 3569 hist.
729 3516 807 3568 Rom.
832 3534 857 3584 p.
877 3516 929 3568 338
948 3534 1006 3585 sqq.
1030 3517 1064 3570 de
1089 3533 1121 3569 ea
1143 3533 1173 3569 re
1197 3517 1310 3585 scripsit.

219 3599 285 3671 ltu]

186 3679 203 3748 ι)
218 3686 258 3743 liv.
272 3694 310 3760 u,
330 3696 365 3749 43
384 3695 565 3749 Hernicorum
585 3695 671 3748 tribus
691 3694 806 3763 populis,
836 3695 935 3762 quibus
953 3712 1009 3747 suae
1028 3696 1100 3762 leges
1119 3694 1227 3756 relicta,
1257 3710 1311 3745 non

220 3777 365 3839 damnata
389 3790 438 3850 est,
467 3786 627 3839 connubium
652 3788 721 3835 inter
744 3787 825 3850 ipsos,
854 3787 925 3851 qnod
948 3786 1117 3851 aliquamdiu
1140 3785 1190 3836 soli
1212 3784 1313 3834 Herni-

221 3882 287 3924 mm
302 3876 451 3942 botuuini,
473 3877 639 3942 permissum
662 3873 763 3925 scribit.
807 3873 906 3925 Contra
932 3874 1086 3939 Arrapninis
1110 3875 1207 3939 quique
1232 3888 1312 3923 ανηια

222 3954 495 4029 manutenerent,
523 3967 617 4016 civitas
640 3965 697 4014 sine
716 3964 845 4028 suffrapii
862 3964 960 4014 latione
979 3964 1052 4027 data,
1081 3962 1194 4013 coercitio
1213 3978 1313 4013 corinn-

223 4042 291 4115 bicque
313 4056 445 4120 adempto,
473 4052 597 4105 videlicet
621 4069 683 4105 cum
708 4051 831 4103 Hernicis
855 4050 954 4103 liberis,
992 4050 1093 4103 Eodem
1121 4049 1203 4116 Igitur
1231 4049 1312 4101 modo

223 4129 393 4206 damnanda
411 4141 624 4196 naeniarum
644 4141 727 4192 verna
746 4139 816 4202 rur,
837 4138 870 4190 14
890 4140 924 4192 ue
943 4139 1057 4191 natiuis:
1085 4138 1185 4190 caera
1203 4139 1313 4188 carna

222 4227 448 4290 arduennense
466 4234 673 4298 cornmerciaquc
692 4238 715 4282 et
735 4231 846 4282 concilio·
866 4232 936 4281 inter
958 4245 985 4281 se
1004 4231 1168 4287 adema-unt,
1192 4230 1223 4278 ut
1242 4225 1313 4277 inter

225 4305 306 4369 lallinos
321 4319 391 4372 ciros
409 4324 436 4372 et
455 4335 510 4372 non
533 4320 605 4372 cives
628 4319 795 4372 connubium
811 4335 874 4370 -uon
899 4318 988 4370 luerit.
1025 4313 1226 4382 [Conferantun
1251 4331 1314 4382 quae

226 4395 250 4449 ie
263 4408 378 4462 omullo
401 4414 428 4462 et
451 4409 614 4461 commercio
638 4408 708 4461 inter
731 4408 891 4460 Macedones
915 4405 1042 4458 subactos
1065 4409 1092 4457 et
1117 4403 1312 4471 quadrifariam

227 4484 300 4545 stillans
313 4497 415 4550 sublato
435 4503 580 4550 narrantur
599 4498 671 4565 apud
692 4496 798 4549 Livium
818 4495 896 4557 XLV,
916 4492 970 4560 29]

195 4561 249 4630 Ἢ·
263 4592 307 4648 paq.
322 4583 368 4637 234
388 4591 443 4639 not
