<?xml version="1.0" encoding="UTF-8"?>
<!DOCTYPE html PUBLIC "-//W3C//DTD XHTML 1.0 Transitional//EN"
    "http://www.w3.org/TR/xhtml1/DTD/xhtml1-transitional.dtd">
<html xmlns="http://www.w3.org/1999/xhtml" xml:lang="en" lang="en">
 <head>
  <title>
</title>
<meta http-equiv="Content-Type" content="text/html;charset=utf-8" />
  <meta name='ocr-system' content='tesseract 3.04.00' />
  <meta name='ocr-capabilities' content='ocr_page ocr_carea ocr_par ocr_line ocrx_word'/>
</head>
<body>
  <div class='ocr_page' id='page_1' title='image "./ionicolaimadvig02madvgoog_0042.png"; bbox 0 0 2948 5206; ppageno 0'>
   <div class='ocr_carea' id='block_1_1' title="bbox 645 281 685 345">
    <p class='ocr_par' dir='ltr' id='par_1_1' title="bbox 645 281 685 345">
     <span class='ocr_line' id='line_1_1' title="bbox 645 281 685 345; baseline 0.025 -1"><span class='ocrx_word' id='word_1_1' title='bbox 645 281 685 345; x_wconf 89' lang='grc'>19</span> 
     </span>
    </p>
   </div>
   <div class='ocr_carea' id='block_1_2' title="bbox 57 471 1313 3445">
    <p class='ocr_par' dir='ltr' id='par_1_2' title="bbox 57 471 1313 3445">
     <span class='ocr_line' id='line_1_2' title="bbox 59 471 1264 564; baseline 0.001 -21"><span class='ocrx_word' id='word_1_2' title='bbox 59 481 247 564; x_wconf 63' lang='lat' dir='ltr'>ramisque</span> <span class='ocrx_word' id='word_1_3' title='bbox 270 477 433 562; x_wconf 73' lang='lat' dir='ltr'><strong><em>lapidibus</em></strong></span> <span class='ocrx_word' id='word_1_4' title='bbox 448 477 666 542; x_wconf 76' lang='lat' dir='ltr'>Rornanorum</span> <span class='ocrx_word' id='word_1_5' title='bbox 689 476 852 541; x_wconf 84' lang='lat' dir='ltr'>invenisse</span> <span class='ocrx_word' id='word_1_6' title='bbox 876 471 1032 557; x_wconf 85' lang='lat' dir='ltr'>scribit¹),</span> <span class='ocrx_word' id='word_1_7' title='bbox 1058 497 1122 559; x_wconf 93' lang='lat' dir='ltr'>quo</span> <span class='ocrx_word' id='word_1_8' title='bbox 1146 499 1264 561; x_wconf 90' lang='lat' dir='ltr'>genere</span> 
     </span>
     <span class='ocr_line' id='line_1_3' title="bbox 57 583 1267 667; baseline 0.001 -17"><span class='ocrx_word' id='word_1_9' title='bbox 57 584 239 651; x_wconf 85' lang='lat' dir='ltr'>testimonii</span> <span class='ocrx_word' id='word_1_10' title='bbox 263 605 304 650; x_wconf 84' lang='lat' dir='ltr'>ex</span> <span class='ocrx_word' id='word_1_11' title='bbox 327 584 592 667; x_wconf 80' lang='lat' dir='ltr'>inscriptionibus</span> <span class='ocrx_word' id='word_1_12' title='bbox 616 584 763 665; x_wconf 89' lang='lat' dir='ltr'>lapidum</span> <span class='ocrx_word' id='word_1_13' title='bbox 787 584 876 648; x_wconf 88' lang='lat' dir='ltr'>ducti</span> <span class='ocrx_word' id='word_1_14' title='bbox 899 583 1053 666; x_wconf 82' lang='lat' dir='ltr'>philologi</span> <span class='ocrx_word' id='word_1_15' title='bbox 1071 585 1136 648; x_wconf 90' lang='lat' dir='ltr'>iam</span> <span class='ocrx_word' id='word_1_16' title='bbox 1154 585 1267 667; x_wconf 86' lang='lat' dir='ltr'>quinto</span> 
     </span>
     <span class='ocr_line' id='line_1_4' title="bbox 60 687 1268 773; baseline 0.002 -17"><span class='ocrx_word' id='word_1_17' title='bbox 60 693 189 758; x_wconf 89' lang='lat' dir='ltr'>decimo</span> <span class='ocrx_word' id='word_1_18' title='bbox 218 691 340 757; x_wconf 74' lang='lat' dir='ltr'>saeculo</span> <span class='ocrx_word' id='word_1_19' title='bbox 369 691 557 767; x_wconf 85' lang='lat' dir='ltr'>utebantur,</span> <span class='ocrx_word' id='word_1_20' title='bbox 593 710 658 756; x_wconf 92' lang='lat' dir='ltr'>non</span> <span class='ocrx_word' id='word_1_21' title='bbox 687 694 814 755; x_wconf 90' lang='lat' dir='ltr'>veteres</span> <span class='ocrx_word' id='word_1_22' title='bbox 843 687 1093 773; x_wconf 76' lang='lat' dir='ltr'>grammatici.²)</span> <span class='ocrx_word' id='word_1_23' title='bbox 1139 692 1204 757; x_wconf 89' lang='lat' dir='ltr'>Sed</span> <span class='ocrx_word' id='word_1_24' title='bbox 1234 693 1268 758; x_wconf 91' lang='lat' dir='ltr'>in</span> 
     </span>
     <span class='ocr_line' id='line_1_5' title="bbox 59 797 1308 882; baseline 0.002 -18"><span class='ocrx_word' id='word_1_25' title='bbox 59 819 96 864; x_wconf 91' lang='lat' dir='ltr'>re</span> <span class='ocrx_word' id='word_1_26' title='bbox 119 803 237 882; x_wconf 85' lang='lat' dir='ltr'>aperta</span> <span class='ocrx_word' id='word_1_27' title='bbox 260 799 337 863; x_wconf 93' lang='lat' dir='ltr'>nolo</span> <span class='ocrx_word' id='word_1_28' title='bbox 360 799 475 880; x_wconf 91' lang='lat' dir='ltr'>longus</span> <span class='ocrx_word' id='word_1_29' title='bbox 500 817 582 862; x_wconf 90' lang='lat' dir='ltr'>esse.</span> <span class='ocrx_word' id='word_1_30' title='bbox 623 797 668 861; x_wconf 92' lang='lat' dir='ltr'>Ut</span> <span class='ocrx_word' id='word_1_31' title='bbox 691 797 778 862; x_wconf 89' lang='lat' dir='ltr'>enim</span> <span class='ocrx_word' id='word_1_32' title='bbox 803 798 1001 880; x_wconf 85' lang='lat' dir='ltr'>complectar</span> <span class='ocrx_word' id='word_1_33' title='bbox 1023 799 1144 879; x_wconf 90' lang='lat' dir='ltr'>omnia,</span> <span class='ocrx_word' id='word_1_34' title='bbox 1168 800 1267 866; x_wconf 94' lang='lat' dir='ltr'>homo</span> <span class='ocrx_word' id='word_1_35' title='bbox 1281 826 1308 866; x_wconf 73' lang='lat' dir='ltr'>ec</span> 
     </span>
     <span class='ocr_line' id='line_1_6' title="bbox 59 903 1267 988; baseline 0.001 -18"><span class='ocrx_word' id='word_1_36' title='bbox 59 926 127 972; x_wconf 89' lang='lat' dir='ltr'>non</span> <span class='ocrx_word' id='word_1_37' title='bbox 160 905 314 970; x_wconf 90' lang='lat' dir='ltr'>indoctus</span> <span class='ocrx_word' id='word_1_38' title='bbox 349 903 462 986; x_wconf 85' lang='lat' dir='ltr'>(talem</span> <span class='ocrx_word' id='word_1_39' title='bbox 497 904 584 968; x_wconf 91' lang='lat' dir='ltr'>enim</span> <span class='ocrx_word' id='word_1_40' title='bbox 612 904 685 986; x_wconf 88' lang='lat' dir='ltr'>ipsa</span> <span class='ocrx_word' id='word_1_41' title='bbox 713 905 837 969; x_wconf 82' lang='lat' dir='ltr'>fraudis</span> <span class='ocrx_word' id='word_1_42' title='bbox 870 904 954 969; x_wconf 88' lang='lat' dir='ltr'>ratio</span> <span class='ocrx_word' id='word_1_43' title='bbox 987 904 1094 986; x_wconf 88' lang='lat' dir='ltr'>arguit</span> <span class='ocrx_word' id='word_1_44' title='bbox 1128 905 1267 988; x_wconf 89' lang='lat' dir='ltr'>lectique</span> 
     </span>
     <span class='ocr_line' id='line_1_7' title="bbox 62 1009 1267 1094; baseline -0.001 -16"><span class='ocrx_word' id='word_1_45' title='bbox 62 1033 141 1078; x_wconf 86' lang='lat' dir='ltr'>sane</span> <span class='ocrx_word' id='word_1_46' title='bbox 173 1012 280 1077; x_wconf 88' lang='lat' dir='ltr'>Graeci</span> <span class='ocrx_word' id='word_1_47' title='bbox 311 1009 442 1093; x_wconf 83' lang='lat' dir='ltr'>poetae),</span> <span class='ocrx_word' id='word_1_48' title='bbox 478 1031 579 1092; x_wconf 87' lang='lat' dir='ltr'>quum</span> <span class='ocrx_word' id='word_1_49' title='bbox 614 1011 682 1075; x_wconf 83' lang='lat' dir='ltr'>sive</span> <span class='ocrx_word' id='word_1_50' title='bbox 718 1011 819 1075; x_wconf 91' lang='lat' dir='ltr'>animi</span> <span class='ocrx_word' id='word_1_51' title='bbox 853 1031 953 1076; x_wconf 88' lang='lat' dir='ltr'>causa</span> <span class='ocrx_word' id='word_1_52' title='bbox 988 1010 1079 1092; x_wconf 86' lang='lat' dir='ltr'>(nam</span> <span class='ocrx_word' id='word_1_53' title='bbox 1114 1013 1267 1094; x_wconf 86' lang='lat' dir='ltr'>quaedam</span> 
     </span>
     <span class='ocr_line' id='line_1_8' title="bbox 62 1117 1267 1200; baseline -0.001 -15"><span class='ocrx_word' id='word_1_54' title='bbox 62 1119 224 1184; x_wconf 83' lang='lat' dir='ltr'>ebrsmodi</span> <span class='ocrx_word' id='word_1_55' title='bbox 257 1123 353 1188; x_wconf 81' lang='lat' dir='ltr'>sunt,</span> <span class='ocrx_word' id='word_1_56' title='bbox 389 1118 478 1182; x_wconf 88' lang='lat' dir='ltr'>velut</span> <span class='ocrx_word' id='word_1_57' title='bbox 511 1117 590 1181; x_wconf 91' lang='lat' dir='ltr'>illud</span> <span class='ocrx_word' id='word_1_58' title='bbox 625 1118 666 1181; x_wconf 93' lang='lat' dir='ltr'>de</span> <span class='ocrx_word' id='word_1_59' title='bbox 694 1117 844 1195; x_wconf 82' lang='lat' dir='ltr'>Phaone,</span> <span class='ocrx_word' id='word_1_60' title='bbox 879 1123 916 1182; x_wconf 92' lang='lat' dir='ltr'>ut</span> <span class='ocrx_word' id='word_1_61' title='bbox 949 1118 1064 1182; x_wconf 87' lang='lat' dir='ltr'>lusisse</span> <span class='ocrx_word' id='word_1_62' title='bbox 1094 1117 1267 1200; x_wconf 86' lang='lat' dir='ltr'>videatur),</span> 
     </span>
     <span class='ocr_line' id='line_1_9' title="bbox 62 1224 1265 1309; baseline -0.002 -17"><span class='ocrx_word' id='word_1_63' title='bbox 62 1229 130 1292; x_wconf 86' lang='lat' dir='ltr'>sive</span> <span class='ocrx_word' id='word_1_64' title='bbox 154 1244 354 1309; x_wconf 86' lang='lat' dir='ltr'>quacunque</span> <span class='ocrx_word' id='word_1_65' title='bbox 376 1224 441 1289; x_wconf 87' lang='lat' dir='ltr'>alia</span> <span class='ocrx_word' id='word_1_66' title='bbox 464 1225 506 1288; x_wconf 91' lang='lat' dir='ltr'>de</span> <span class='ocrx_word' id='word_1_67' title='bbox 530 1244 630 1289; x_wconf 85' lang='lat' dir='ltr'>causa</span> <span class='ocrx_word' id='word_1_68' title='bbox 653 1245 782 1307; x_wconf 84' lang='lat' dir='ltr'>magnae</span> <span class='ocrx_word' id='word_1_69' title='bbox 805 1225 961 1290; x_wconf 77' lang='lat' dir='ltr'>documae</span> <span class='ocrx_word' id='word_1_70' title='bbox 985 1230 1027 1301; x_wconf 88' lang='lat' dir='ltr'>et,</span> <span class='ocrx_word' id='word_1_71' title='bbox 1058 1225 1146 1307; x_wconf 91' lang='lat' dir='ltr'>quod</span> <span class='ocrx_word' id='word_1_72' title='bbox 1168 1245 1265 1290; x_wconf 87' lang='lat' dir='ltr'>rena·</span> 
     </span>
     <span class='ocr_line' id='line_1_10' title="bbox 62 1331 1267 1415; baseline -0.002 -17"><span class='ocrx_word' id='word_1_73' title='bbox 62 1333 231 1398; x_wconf 88' lang='lat' dir='ltr'>scentibus</span> <span class='ocrx_word' id='word_1_74' title='bbox 255 1332 370 1396; x_wconf 90' lang='lat' dir='ltr'>litteris</span> <span class='ocrx_word' id='word_1_75' title='bbox 394 1331 428 1395; x_wconf 95' lang='lat' dir='ltr'>in</span> <span class='ocrx_word' id='word_1_76' title='bbox 450 1331 544 1396; x_wconf 83' lang='lat' dir='ltr'>ltalia</span> <span class='ocrx_word' id='word_1_77' title='bbox 567 1333 721 1414; x_wconf 84' lang='lat' dir='ltr'>frequens</span> <span class='ocrx_word' id='word_1_78' title='bbox 744 1352 846 1415; x_wconf 90' lang='lat' dir='ltr'>genus</span> <span class='ocrx_word' id='word_1_79' title='bbox 870 1331 1023 1396; x_wconf 81' lang='lat' dir='ltr'>vanitatis</span> <span class='ocrx_word' id='word_1_80' title='bbox 1048 1335 1128 1408; x_wconf 87' lang='lat' dir='ltr'>erat,</span> <span class='ocrx_word' id='word_1_81' title='bbox 1157 1332 1267 1414; x_wconf 88' lang='lat' dir='ltr'>cogni·</span> 
     </span>
     <span class='ocr_line' id='line_1_11' title="bbox 63 1438 1267 1522; baseline -0.003 -16"><span class='ocrx_word' id='word_1_82' title='bbox 63 1441 158 1506; x_wconf 87' lang='lat' dir='ltr'>tionis</span> <span class='ocrx_word' id='word_1_83' title='bbox 196 1460 311 1505; x_wconf 90' lang='lat' dir='ltr'>eorum</span> <span class='ocrx_word' id='word_1_84' title='bbox 346 1438 557 1521; x_wconf 87' lang='lat' dir='ltr'>scriptorum,</span> <span class='ocrx_word' id='word_1_85' title='bbox 601 1439 657 1520; x_wconf 88' lang='lat' dir='ltr'>qui</span> <span class='ocrx_word' id='word_1_86' title='bbox 696 1440 793 1522; x_wconf 83' lang='lat' dir='ltr'>vulgo</span> <span class='ocrx_word' id='word_1_87' title='bbox 826 1440 1054 1522; x_wconf 80' lang='lat' dir='ltr'>ignorarentur</span> <span class='ocrx_word' id='word_1_88' title='bbox 1089 1445 1121 1503; x_wconf 90' lang='lat' dir='ltr'>et</span> <span class='ocrx_word' id='word_1_89' title='bbox 1155 1438 1267 1504; x_wconf 90' lang='lat' dir='ltr'>amissi</span> 
     </span>
     <span class='ocr_line' id='line_1_12' title="bbox 64 1545 1266 1629; baseline 0 -18"><span class='ocrx_word' id='word_1_90' title='bbox 64 1550 270 1629; x_wconf 85' lang='lat' dir='ltr'>putarentur,</span> <span class='ocrx_word' id='word_1_91' title='bbox 305 1546 448 1628; x_wconf 87' lang='lat' dir='ltr'>speciem</span> <span class='ocrx_word' id='word_1_92' title='bbox 484 1546 546 1610; x_wconf 93' lang='lat' dir='ltr'>sibi</span> <span class='ocrx_word' id='word_1_93' title='bbox 581 1546 716 1611; x_wconf 85' lang='lat' dir='ltr'>induere</span> <span class='ocrx_word' id='word_1_94' title='bbox 752 1547 916 1624; x_wconf 90' lang='lat' dir='ltr'>voluisset,</span> <span class='ocrx_word' id='word_1_95' title='bbox 952 1546 986 1609; x_wconf 92' lang='lat' dir='ltr'>id</span> <span class='ocrx_word' id='word_1_96' title='bbox 1019 1546 1064 1611; x_wconf 89' lang='lat' dir='ltr'>ita</span> <span class='ocrx_word' id='word_1_97' title='bbox 1099 1545 1184 1624; x_wconf 88' lang='lat' dir='ltr'>iecit,</span> <span class='ocrx_word' id='word_1_98' title='bbox 1219 1554 1266 1624; x_wconf 88' lang='lat' dir='ltr'>ut,</span> 
     </span>
     <span class='ocr_line' id='line_1_13' title="bbox 66 1652 1269 1736; baseline 0.001 -18"><span class='ocrx_word' id='word_1_99' title='bbox 66 1658 196 1736; x_wconf 88' lang='lat' dir='ltr'>arrepto</span> <span class='ocrx_word' id='word_1_100' title='bbox 220 1653 292 1718; x_wconf 88' lang='lat' dir='ltr'>loco</span> <span class='ocrx_word' id='word_1_101' title='bbox 315 1652 357 1717; x_wconf 90' lang='lat' dir='ltr'>de</span> <span class='ocrx_word' id='word_1_102' title='bbox 385 1653 628 1735; x_wconf 79' lang='lat' dir='ltr'>orthographia,</span> <span class='ocrx_word' id='word_1_103' title='bbox 662 1652 857 1734; x_wconf 87' lang='lat' dir='ltr'>scriptorum</span> <span class='ocrx_word' id='word_1_104' title='bbox 885 1653 1108 1734; x_wconf 89' lang='lat' dir='ltr'>librorumque</span> <span class='ocrx_word' id='word_1_105' title='bbox 1136 1653 1269 1719; x_wconf 86' lang='lat' dir='ltr'>nomina</span> 
     </span>
     <span class='ocr_line' id='line_1_14' title="bbox 67 1759 1269 1842; baseline 0 -18"><span class='ocrx_word' id='word_1_106' title='bbox 67 1759 263 1836; x_wconf 87' lang='lat' dir='ltr'>corraderet,</span> <span class='ocrx_word' id='word_1_107' title='bbox 297 1760 404 1824; x_wconf 87' lang='lat' dir='ltr'>multa</span> <span class='ocrx_word' id='word_1_108' title='bbox 437 1761 584 1842; x_wconf 84' lang='lat' dir='ltr'>fingeret,</span> <span class='ocrx_word' id='word_1_109' title='bbox 619 1779 697 1825; x_wconf 85' lang='lat' dir='ltr'>vera</span> <span class='ocrx_word' id='word_1_110' title='bbox 733 1760 824 1825; x_wconf 83' lang='lat' dir='ltr'>falsis</span> <span class='ocrx_word' id='word_1_111' title='bbox 858 1760 1025 1837; x_wconf 86' lang='lat' dir='ltr'>misceret,</span> <span class='ocrx_word' id='word_1_112' title='bbox 1060 1760 1157 1825; x_wconf 89' lang='lat' dir='ltr'>nimis</span> <span class='ocrx_word' id='word_1_113' title='bbox 1189 1780 1269 1825; x_wconf 86' lang='lat' dir='ltr'>sane</span> 
     </span>
     <span class='ocr_line' id='line_1_15' title="bbox 67 1864 1269 1950; baseline 0.001 -20"><span class='ocrx_word' id='word_1_114' title='bbox 67 1870 179 1948; x_wconf 86' lang='lat' dir='ltr'>aperte</span> <span class='ocrx_word' id='word_1_115' title='bbox 203 1869 237 1929; x_wconf 92' lang='lat' dir='ltr'>et</span> <span class='ocrx_word' id='word_1_116' title='bbox 259 1864 406 1943; x_wconf 78' lang='lat' dir='ltr'>incaute3</span> <span class='ocrx_word' id='word_1_117' title='bbox 435 1871 467 1931; x_wconf 87' lang='lat' dir='ltr'>et</span> <span class='ocrx_word' id='word_1_118' title='bbox 491 1887 593 1949; x_wconf 89' lang='lat' dir='ltr'>quum</span> <span class='ocrx_word' id='word_1_119' title='bbox 616 1868 769 1948; x_wconf 84' lang='lat' dir='ltr'>quaedam</span> <span class='ocrx_word' id='word_1_120' title='bbox 793 1867 1041 1950; x_wconf 82' lang='lat' dir='ltr'>orthographica</span> <span class='ocrx_word' id='word_1_121' title='bbox 1068 1867 1269 1931; x_wconf 83' lang='lat' dir='ltr'>err-exilibus</span> 
     </span>
     <span class='ocr_line' id='line_1_16' title="bbox 68 1968 1269 2056; baseline 0 -19"><span class='ocrx_word' id='word_1_122' title='bbox 68 1972 136 2049; x_wconf 89' lang='lat' dir='ltr'>illis,</span> <span class='ocrx_word' id='word_1_123' title='bbox 161 1972 222 2037; x_wconf 89' lang='lat' dir='ltr'>sed</span> <span class='ocrx_word' id='word_1_124' title='bbox 245 1992 311 2037; x_wconf 94' lang='lat' dir='ltr'>non</span> <span class='ocrx_word' id='word_1_125' title='bbox 335 1973 549 2037; x_wconf 80' lang='lat' dir='ltr'>mendacibus</span> <span class='ocrx_word' id='word_1_126' title='bbox 573 1974 703 2056; x_wconf 91' lang='lat' dir='ltr'>Apuleii</span> <span class='ocrx_word' id='word_1_127' title='bbox 732 1974 846 2039; x_wconf 87' lang='lat' dir='ltr'>libellis</span> <span class='ocrx_word' id='word_1_128' title='bbox 875 1968 1112 2055; x_wconf 71' lang='lat' dir='ltr'>sumpsisset3),</span> <span class='ocrx_word' id='word_1_129' title='bbox 1148 1993 1269 2038; x_wconf 91' lang='lat' dir='ltr'>nomen</span> 
     </span>
     <span class='ocr_line' id='line_1_17' title="bbox 68 2079 1267 2160; baseline 0 -17"><span class='ocrx_word' id='word_1_130' title='bbox 68 2098 196 2160; x_wconf 84' lang='lat' dir='ltr'>quoque</span> <span class='ocrx_word' id='word_1_131' title='bbox 220 2079 284 2143; x_wconf 91' lang='lat' dir='ltr'>sibi</span> <span class='ocrx_word' id='word_1_132' title='bbox 307 2079 395 2143; x_wconf 92' lang='lat' dir='ltr'>idem</span> <span class='ocrx_word' id='word_1_133' title='bbox 419 2080 505 2157; x_wconf 86' lang='lat' dir='ltr'>lecit,</span> <span class='ocrx_word' id='word_1_134' title='bbox 530 2080 589 2144; x_wconf 91' lang='lat' dir='ltr'>sed</span> <span class='ocrx_word' id='word_1_135' title='bbox 612 2081 759 2145; x_wconf 88' lang='lat' dir='ltr'>ornatius</span> <span class='ocrx_word' id='word_1_136' title='bbox 783 2086 816 2144; x_wconf 93' lang='lat' dir='ltr'>et</span> <span class='ocrx_word' id='word_1_137' title='bbox 839 2079 1019 2157; x_wconf 85' lang='lat' dir='ltr'>sonantius,</span> <span class='ocrx_word' id='word_1_138' title='bbox 1044 2080 1079 2143; x_wconf 90' lang='lat' dir='ltr'>L.</span> <span class='ocrx_word' id='word_1_139' title='bbox 1103 2079 1267 2144; x_wconf 85' lang='lat' dir='ltr'>Caecilium</span> 
     </span>
     <span class='ocr_line' id='line_1_18' title="bbox 68 2185 1270 2270; baseline 0.001 -21"><span class='ocrx_word' id='word_1_140' title='bbox 68 2185 284 2249; x_wconf 76' lang='lat' dir='ltr'>ifinutianum</span> <span class='ocrx_word' id='word_1_141' title='bbox 308 2185 481 2268; x_wconf 86' lang='lat' dir='ltr'>Apuleium</span> <span class='ocrx_word' id='word_1_142' title='bbox 506 2206 542 2250; x_wconf 88' lang='lat' dir='ltr'>se</span> <span class='ocrx_word' id='word_1_143' title='bbox 566 2187 746 2270; x_wconf 88' lang='lat' dir='ltr'>appellans.</span> <span class='ocrx_word' id='word_1_144' title='bbox 782 2188 840 2253; x_wconf 85' lang='lat' dir='ltr'>Est</span> <span class='ocrx_word' id='word_1_145' title='bbox 863 2191 975 2252; x_wconf 87' lang='lat' dir='ltr'>autem</span> <span class='ocrx_word' id='word_1_146' title='bbox 999 2191 1067 2251; x_wconf 87' lang='lat' dir='ltr'>tota</span> <span class='ocrx_word' id='word_1_147' title='bbox 1090 2187 1162 2250; x_wconf 88' lang='lat' dir='ltr'>haec</span> <span class='ocrx_word' id='word_1_148' title='bbox 1180 2185 1270 2250; x_wconf 88' lang='lat' dir='ltr'>iraus</span> 
     </span>
     <span class='ocr_line' id='line_1_19' title="bbox 69 2281 1270 2373; baseline 0.001 -17"><span class='ocrx_word' id='word_1_149' title='bbox 69 2311 132 2358; x_wconf 92' lang='lat' dir='ltr'>non</span> <span class='ocrx_word' id='word_1_150' title='bbox 156 2292 278 2358; x_wconf 87' lang='lat' dir='ltr'>abillo</span> <span class='ocrx_word' id='word_1_151' title='bbox 303 2293 591 2373; x_wconf 87' lang='lat' dir='ltr'>temporealiena.</span> <span class='ocrx_word' id='word_1_152' title='bbox 637 2294 711 2372; x_wconf 89' lang='lat' dir='ltr'>Qua</span> <span class='ocrx_word' id='word_1_153' title='bbox 726 2281 826 2358; x_wconf 81' lang='lat' dir='ltr'>¹enim</span> <span class='ocrx_word' id='word_1_154' title='bbox 855 2297 953 2358; x_wconf 87' lang='lat' dir='ltr'>aetate</span> <span class='ocrx_word' id='word_1_155' title='bbox 982 2292 1097 2357; x_wconf 86' lang='lat' dir='ltr'>litterae</span> <span class='ocrx_word' id='word_1_156' title='bbox 1121 2293 1155 2357; x_wconf 92' lang='lat' dir='ltr'>in</span> <span class='ocrx_word' id='word_1_157' title='bbox 1177 2293 1270 2357; x_wconf 85' lang='lat' dir='ltr'>Italia</span> 
     </span>
     <span class='ocr_line' id='line_1_20' title="bbox 69 2399 1268 2483; baseline 0 -20"><span class='ocrx_word' id='word_1_158' title='bbox 69 2400 101 2463; x_wconf 92' lang='lat' dir='ltr'>in</span> <span class='ocrx_word' id='word_1_159' title='bbox 123 2400 231 2463; x_wconf 88' lang='lat' dir='ltr'>lucem</span> <span class='ocrx_word' id='word_1_160' title='bbox 247 2399 414 2480; x_wconf 85' lang='lat' dir='ltr'>vitamque</span> <span class='ocrx_word' id='word_1_161' title='bbox 430 2405 592 2465; x_wconf 71' lang='lat' dir='ltr'>revocatae</span> <span class='ocrx_word' id='word_1_162' title='bbox 608 2405 695 2477; x_wconf 88' lang='lat' dir='ltr'>sunt,</span> <span class='ocrx_word' id='word_1_163' title='bbox 721 2401 793 2483; x_wconf 87' lang='lat' dir='ltr'>quis</span> <span class='ocrx_word' id='word_1_164' title='bbox 809 2400 922 2477; x_wconf 90' lang='lat' dir='ltr'>nescit,</span> <span class='ocrx_word' id='word_1_165' title='bbox 947 2404 979 2464; x_wconf 87' lang='lat' dir='ltr'>et</span> <span class='ocrx_word' id='word_1_166' title='bbox 997 2419 1123 2464; x_wconf 89' lang='lat' dir='ltr'>errores</span> <span class='ocrx_word' id='word_1_167' title='bbox 1138 2400 1268 2477; x_wconf 93' lang='lat' dir='ltr'>multos,</span> 
     </span>
     <span class='ocr_line' id='line_1_21' title="bbox 70 2506 1270 2589; baseline 0.001 -19"><span class='ocrx_word' id='word_1_168' title='bbox 70 2506 156 2587; x_wconf 86' lang='lat' dir='ltr'>quod</span> <span class='ocrx_word' id='word_1_169' title='bbox 178 2506 249 2570; x_wconf 87' lang='lat' dir='ltr'>fieri</span> <span class='ocrx_word' id='word_1_170' title='bbox 272 2525 407 2570; x_wconf 90' lang='lat' dir='ltr'>necesse</span> <span class='ocrx_word' id='word_1_171' title='bbox 431 2513 512 2583; x_wconf 89' lang='lat' dir='ltr'>erat,</span> <span class='ocrx_word' id='word_1_172' title='bbox 537 2508 736 2589; x_wconf 85' lang='lat' dir='ltr'>provenisse,</span> <span class='ocrx_word' id='word_1_173' title='bbox 761 2511 803 2585; x_wconf 91' lang='lat' dir='ltr'>et,</span> <span class='ocrx_word' id='word_1_174' title='bbox 828 2507 862 2570; x_wconf 90' lang='lat' dir='ltr'>in</span> <span class='ocrx_word' id='word_1_175' title='bbox 884 2526 1014 2571; x_wconf 92' lang='lat' dir='ltr'>summo</span> <span class='ocrx_word' id='word_1_176' title='bbox 1037 2507 1145 2571; x_wconf 88' lang='lat' dir='ltr'>studio</span> <span class='ocrx_word' id='word_1_177' title='bbox 1168 2527 1270 2571; x_wconf 85' lang='lat' dir='ltr'>novo-</span> 
     </span>
     <span class='ocr_line' id='line_1_22' title="bbox 70 2613 1271 2695; baseline 0.001 -19"><span class='ocrx_word' id='word_1_178' title='bbox 70 2633 141 2676; x_wconf 88' lang='lat' dir='ltr'>mm</span> <span class='ocrx_word' id='word_1_179' title='bbox 176 2613 398 2689; x_wconf 79' lang='lat' dir='ltr'>inventorum,</span> <span class='ocrx_word' id='word_1_180' title='bbox 428 2614 559 2695; x_wconf 91' lang='lat' dir='ltr'>multos</span> <span class='ocrx_word' id='word_1_181' title='bbox 601 2613 721 2679; x_wconf 89' lang='lat' dir='ltr'>abusos</span> <span class='ocrx_word' id='word_1_182' title='bbox 763 2635 835 2679; x_wconf 90' lang='lat' dir='ltr'>esse</span> <span class='ocrx_word' id='word_1_183' title='bbox 876 2614 1046 2678; x_wconf 91' lang='lat' dir='ltr'>hominum</span> <span class='ocrx_word' id='word_1_184' title='bbox 1081 2613 1271 2678; x_wconf 81' lang='lat' dir='ltr'>credulitate</span> 
     </span>
     <span class='ocr_line' id='line_1_23' title="bbox 71 2719 1270 2803; baseline 0 -20"><span class='ocrx_word' id='word_1_185' title='bbox 71 2740 194 2801; x_wconf 86' lang='lat' dir='ltr'>suaque</span> <span class='ocrx_word' id='word_1_186' title='bbox 236 2725 422 2784; x_wconf 89' lang='lat' dir='ltr'>commenta</span> <span class='ocrx_word' id='word_1_187' title='bbox 463 2741 522 2802; x_wconf 90' lang='lat' dir='ltr'>pro</span> <span class='ocrx_word' id='word_1_188' title='bbox 563 2728 709 2785; x_wconf 83' lang='lat' dir='ltr'>veterum</span> <span class='ocrx_word' id='word_1_189' title='bbox 751 2720 905 2803; x_wconf 89' lang='lat' dir='ltr'>operibus</span> <span class='ocrx_word' id='word_1_190' title='bbox 945 2721 1139 2802; x_wconf 84' lang='lat' dir='ltr'>protulisse?</span> <span class='ocrx_word' id='word_1_191' title='bbox 1191 2719 1270 2798; x_wconf 86' lang='lat' dir='ltr'>Quis</span> 
     </span>
     <span class='ocr_line' id='line_1_24' title="bbox 71 2825 1270 2909; baseline 0 -18"><span class='ocrx_word' id='word_1_192' title='bbox 71 2828 206 2908; x_wconf 85' lang='lat' dir='ltr'>ignorat.</span> <span class='ocrx_word' id='word_1_193' title='bbox 231 2825 336 2909; x_wconf 89' lang='lat' dir='ltr'>poetis</span> <span class='ocrx_word' id='word_1_194' title='bbox 360 2828 482 2891; x_wconf 87' lang='lat' dir='ltr'>Latinis</span> <span class='ocrx_word' id='word_1_195' title='bbox 508 2828 654 2892; x_wconf 88' lang='lat' dir='ltr'>subiecta</span> <span class='ocrx_word' id='word_1_196' title='bbox 679 2829 833 2904; x_wconf 86' lang='lat' dir='ltr'>earmina,</span> <span class='ocrx_word' id='word_1_197' title='bbox 859 2827 1005 2892; x_wconf 85' lang='lat' dir='ltr'>Ciceroni</span> <span class='ocrx_word' id='word_1_198' title='bbox 1029 2835 1061 2890; x_wconf 89' lang='lat' dir='ltr'>et</span> <span class='ocrx_word' id='word_1_199' title='bbox 1082 2827 1153 2891; x_wconf 90' lang='lat' dir='ltr'>aliis</span> <span class='ocrx_word' id='word_1_200' title='bbox 1170 2827 1270 2891; x_wconf 87' lang='lat' dir='ltr'>libros</span> 
     </span>
     <span class='ocr_line' id='line_1_25' title="bbox 70 2933 1272 3016; baseline 0 -19"><span class='ocrx_word' id='word_1_201' title='bbox 70 2956 175 3016; x_wconf 85' lang='lat' dir='ltr'>prosae</span> <span class='ocrx_word' id='word_1_202' title='bbox 199 2935 356 2998; x_wconf 87' lang='lat' dir='ltr'>orationis</span> <span class='ocrx_word' id='word_1_203' title='bbox 381 2936 621 3016; x_wconf 84' lang='lat' dir='ltr'>ineptissimos?</span> <span class='ocrx_word' id='word_1_204' title='bbox 651 2936 712 2999; x_wconf 89' lang='lat' dir='ltr'>sub</span> <span class='ocrx_word' id='word_1_205' title='bbox 737 2935 885 2999; x_wconf 84' lang='lat' dir='ltr'>Messalae</span> <span class='ocrx_word' id='word_1_206' title='bbox 910 2933 1038 2998; x_wconf 90' lang='lat' dir='ltr'>Corvini</span> <span class='ocrx_word' id='word_1_207' title='bbox 1068 2933 1272 3014; x_wconf 87' lang='lat' dir='ltr'>aliorumque</span> 
     </span>
     <span class='ocr_line' id='line_1_26' title="bbox 69 3036 1271 3122; baseline -0.001 -18"><span class='ocrx_word' id='word_1_208' title='bbox 69 3041 257 3105; x_wconf 90' lang='lat' dir='ltr'>nominibus</span> <span class='ocrx_word' id='word_1_209' title='bbox 274 3042 378 3105; x_wconf 89' lang='lat' dir='ltr'>editos</span> <span class='ocrx_word' id='word_1_210' title='bbox 395 3063 466 3106; x_wconf 88' lang='lat' dir='ltr'>esse</span> <span class='ocrx_word' id='word_1_211' title='bbox 483 3043 523 3106; x_wconf 89' lang='lat' dir='ltr'>de</span> <span class='ocrx_word' id='word_1_212' title='bbox 539 3043 675 3107; x_wconf 88' lang='lat' dir='ltr'>historia</span> <span class='ocrx_word' id='word_1_213' title='bbox 691 3043 791 3106; x_wconf 89' lang='lat' dir='ltr'>libros</span> <span class='ocrx_word' id='word_1_214' title='bbox 807 3036 1100 3122; x_wconf 83' lang='lat' dir='ltr'>nugacissimos?⁴)</span> <span class='ocrx_word' id='word_1_215' title='bbox 1124 3040 1271 3120; x_wconf 89' lang='lat' dir='ltr'>Denique</span> 
     </span>
     <span class='ocr_line' id='line_1_27' title="bbox 68 3146 1313 3229; baseline 0 -18"><span class='ocrx_word' id='word_1_216' title='bbox 68 3148 149 3212; x_wconf 80' lang='lat' dir='ltr'>vixit</span> <span class='ocrx_word' id='word_1_217' title='bbox 183 3148 239 3211; x_wconf 87' lang='lat' dir='ltr'>illa</span> <span class='ocrx_word' id='word_1_218' title='bbox 275 3153 371 3212; x_wconf 83' lang='lat' dir='ltr'>aetate</span> <span class='ocrx_word' id='word_1_219' title='bbox 406 3150 533 3214; x_wconf 86' lang='lat' dir='ltr'>Annius</span> <span class='ocrx_word' id='word_1_220' title='bbox 568 3150 779 3213; x_wconf 85' lang='lat' dir='ltr'>Viterbiensis</span> <span class='ocrx_word' id='word_1_221' title='bbox 816 3148 872 3229; x_wconf 89' lang='lat' dir='ltr'>(ab</span> <span class='ocrx_word' id='word_1_222' title='bbox 907 3168 937 3211; x_wconf 91' lang='lat' dir='ltr'>a.</span> <span class='ocrx_word' id='word_1_223' title='bbox 970 3147 1054 3211; x_wconf 79' lang='lat'><strong>1432</strong></span> <span class='ocrx_word' id='word_1_224' title='bbox 1088 3148 1131 3211; x_wconf 90' lang='lat' dir='ltr'>ad</span> <span class='ocrx_word' id='word_1_225' title='bbox 1162 3146 1270 3228; x_wconf 78' lang='lat'>1502).</span> <span class='ocrx_word' id='word_1_226' title='bbox 1287 3184 1313 3223; x_wconf 74' lang='lat'>25</span> 
     </span>
     <span class='ocr_line' id='line_1_28' title="bbox 67 3254 1271 3338; baseline 0.002 -21"><span class='ocrx_word' id='word_1_227' title='bbox 67 3257 186 3336; x_wconf 77' lang='lat' dir='ltr'>Atque·</span> <span class='ocrx_word' id='word_1_228' title='bbox 202 3255 236 3317; x_wconf 92' lang='lat' dir='ltr'>in</span> <span class='ocrx_word' id='word_1_229' title='bbox 260 3254 321 3319; x_wconf 84' lang='lat' dir='ltr'>hoc</span> <span class='ocrx_word' id='word_1_230' title='bbox 344 3256 452 3337; x_wconf 89' lang='lat' dir='ltr'>ipsum</span> <span class='ocrx_word' id='word_1_231' title='bbox 477 3261 606 3338; x_wconf 91' lang='lat' dir='ltr'>tempus</span> <span class='ocrx_word' id='word_1_232' title='bbox 637 3256 748 3321; x_wconf 89' lang='lat' dir='ltr'>incidit</span> <span class='ocrx_word' id='word_1_233' title='bbox 772 3259 888 3320; x_wconf 88' lang='lat' dir='ltr'>horum</span> <span class='ocrx_word' id='word_1_234' title='bbox 912 3255 1169 3336; x_wconf 88' lang='lat' dir='ltr'>fragmentorum</span> <span class='ocrx_word' id='word_1_235' title='bbox 1195 3277 1271 3320; x_wconf 90' lang='lat' dir='ltr'>con-</span> 
     </span>
     <span class='ocr_line' id='line_1_29' title="bbox 67 3362 1273 3445; baseline 0.002 -21"><span class='ocrx_word' id='word_1_236' title='bbox 67 3363 166 3425; x_wconf 82' lang='lat' dir='ltr'>fictio.</span> <span class='ocrx_word' id='word_1_237' title='bbox 215 3362 299 3425; x_wconf 90' lang='lat' dir='ltr'>Nam</span> <span class='ocrx_word' id='word_1_238' title='bbox 335 3368 367 3426; x_wconf 87' lang='lat' dir='ltr'>et</span> <span class='ocrx_word' id='word_1_239' title='bbox 402 3364 549 3428; x_wconf 86' lang='lat' dir='ltr'>doctrina</span> <span class='ocrx_word' id='word_1_240' title='bbox 583 3364 651 3427; x_wconf 89' lang='lat' dir='ltr'>iere</span> <span class='ocrx_word' id='word_1_241' title='bbox 685 3364 789 3427; x_wconf 88' lang='lat' dir='ltr'>maior</span> <span class='ocrx_word' id='word_1_242' title='bbox 824 3383 923 3443; x_wconf 88' lang='lat' dir='ltr'>quam</span> <span class='ocrx_word' id='word_1_243' title='bbox 952 3385 1011 3445; x_wconf 88' lang='lat' dir='ltr'>pro</span> <span class='ocrx_word' id='word_1_244' title='bbox 1041 3363 1147 3444; x_wconf 91' lang='lat' dir='ltr'>priore</span> <span class='ocrx_word' id='word_1_245' title='bbox 1180 3369 1273 3445; x_wconf 90' lang='lat' dir='ltr'>parte</span> 
     </span>
    </p>
   </div>
   <div class='ocr_carea' id='block_1_3' title="bbox 94 3573 1275 4356">
    <p class='ocr_par' dir='ltr' id='par_1_3' title="bbox 94 3573 303 3640">
     <span class='ocr_line' id='line_1_30' title="bbox 94 3573 303 3640; baseline 0.01 -14"><span class='ocrx_word' id='word_1_246' title='bbox 94 3573 118 3635; x_wconf 79' lang='lat'>¹)</span> <span class='ocrx_word' id='word_1_247' title='bbox 139 3574 169 3627; x_wconf 92' lang='lat' dir='ltr'>P.</span> <span class='ocrx_word' id='word_1_248' title='bbox 190 3573 207 3625; x_wconf 88' lang='lat'>8</span> <span class='ocrx_word' id='word_1_249' title='bbox 226 3573 243 3640; x_wconf 60' lang='grc' dir='ltr'>ᾖ</span> <span class='ocrx_word' id='word_1_250' title='bbox 263 3574 303 3628; x_wconf 78' lang='grc'>17.</span> 
     </span>
    </p>

    <p class='ocr_par' dir='ltr' id='par_1_4' title="bbox 95 3660 1275 3998">
     <span class='ocr_line' id='line_1_31' title="bbox 95 3660 1273 3734; baseline 0.003 -18"><span class='ocrx_word' id='word_1_251' title='bbox 95 3660 118 3724; x_wconf 75' lang='lat'>²)</span> <span class='ocrx_word' id='word_1_252' title='bbox 138 3664 218 3716; x_wconf 79' lang='lat' dir='ltr'>Nunc</span> <span class='ocrx_word' id='word_1_253' title='bbox 237 3664 264 3716; x_wconf 93' lang='lat' dir='ltr'>id</span> <span class='ocrx_word' id='word_1_254' title='bbox 283 3681 392 3733; x_wconf 82' lang='lat' dir='ltr'>quoque</span> <span class='ocrx_word' id='word_1_255' title='bbox 412 3665 578 3733; x_wconf 86' lang='lat' dir='ltr'>intelligitur,</span> <span class='ocrx_word' id='word_1_256' title='bbox 600 3667 738 3734; x_wconf 83' lang='lat' dir='ltr'>quomodo</span> <span class='ocrx_word' id='word_1_257' title='bbox 757 3683 881 3734; x_wconf 86' lang='lat' dir='ltr'>personae</span> <span class='ocrx_word' id='word_1_258' title='bbox 900 3672 1033 3734; x_wconf 81' lang='lat' dir='ltr'>susceptae</span> <span class='ocrx_word' id='word_1_259' title='bbox 1058 3667 1159 3719; x_wconf 91' lang='lat' dir='ltr'>oblitus</span> <span class='ocrx_word' id='word_1_260' title='bbox 1175 3667 1273 3719; x_wconf 85' lang='lat' dir='ltr'>Planu-</span> 
     </span>
     <span class='ocr_line' id='line_1_32' title="bbox 143 3754 1274 3823; baseline 0.002 -18"><span class='ocrx_word' id='word_1_261' title='bbox 143 3754 208 3805; x_wconf 90' lang='lat' dir='ltr'>dem</span> <span class='ocrx_word' id='word_1_262' title='bbox 228 3754 428 3806; x_wconf 83' lang='lat' dir='ltr'>memoraverit.</span> <span class='ocrx_word' id='word_1_263' title='bbox 467 3754 515 3806; x_wconf 90' lang='lat' dir='ltr'>Vel</span> <span class='ocrx_word' id='word_1_264' title='bbox 536 3755 700 3821; x_wconf 87' lang='lat' dir='ltr'>potiusnon</span> <span class='ocrx_word' id='word_1_265' title='bbox 721 3757 806 3808; x_wconf 87' lang='lat' dir='ltr'>voluit</span> <span class='ocrx_word' id='word_1_266' title='bbox 826 3762 882 3808; x_wconf 88' lang='lat' dir='ltr'>tarn</span> <span class='ocrx_word' id='word_1_267' title='bbox 907 3755 1037 3823; x_wconf 83' lang='lat' dir='ltr'>antiquus</span> <span class='ocrx_word' id='word_1_268' title='bbox 1062 3756 1155 3819; x_wconf 85' lang='lat' dir='ltr'>videri,</span> <span class='ocrx_word' id='word_1_269' title='bbox 1182 3772 1274 3823; x_wconf 89' lang='lat' dir='ltr'>quam,</span> 
     </span>
     <span class='ocr_line' id='line_1_33' title="bbox 142 3842 1275 3912; baseline 0.003 -18"><span class='ocrx_word' id='word_1_270' title='bbox 142 3842 332 3911; x_wconf 83' lang='lat' dir='ltr'>cuiuscunque</span> <span class='ocrx_word' id='word_1_271' title='bbox 351 3844 439 3895; x_wconf 86' lang='lat' dir='ltr'>aetatis</span> <span class='ocrx_word' id='word_1_272' title='bbox 458 3850 538 3906; x_wconf 89' lang='lat' dir='ltr'>esset,</span> <span class='ocrx_word' id='word_1_273' title='bbox 557 3844 618 3897; x_wconf 88' lang='lat' dir='ltr'>illos</span> <span class='ocrx_word' id='word_1_274' title='bbox 637 3850 694 3897; x_wconf 89' lang='lat' dir='ltr'>tam</span> <span class='ocrx_word' id='word_1_275' title='bbox 714 3846 815 3898; x_wconf 90' lang='lat' dir='ltr'>multos</span> <span class='ocrx_word' id='word_1_276' title='bbox 834 3851 946 3912; x_wconf 88' lang='lat' dir='ltr'>tamque</span> <span class='ocrx_word' id='word_1_277' title='bbox 962 3862 1038 3898; x_wconf 85' lang='lat' dir='ltr'>raros</span> <span class='ocrx_word' id='word_1_278' title='bbox 1053 3846 1135 3898; x_wconf 89' lang='lat' dir='ltr'>libros</span> <span class='ocrx_word' id='word_1_279' title='bbox 1150 3851 1275 3898; x_wconf 88' lang='lat' dir='ltr'>veterum</span> 
     </span>
     <span class='ocr_line' id='line_1_34' title="bbox 142 3931 467 3998; baseline 0.009 -16"><span class='ocrx_word' id='word_1_280' title='bbox 142 3931 309 3998; x_wconf 75' lang='lat' dir='ltr'>scriptorum</span> <span class='ocrx_word' id='word_1_281' title='bbox 330 3933 467 3986; x_wconf 89' lang='lat' dir='ltr'>habuisse.</span> 
     </span>
    </p>

    <p class='ocr_par' dir='ltr' id='par_1_5' title="bbox 96 4016 1275 4356">
     <span class='ocr_line' id='line_1_35' title="bbox 96 4016 1274 4092; baseline 0.002 -21"><span class='ocrx_word' id='word_1_282' title='bbox 96 4016 119 4080; x_wconf 78' lang='lat'>³)</span> <span class='ocrx_word' id='word_1_283' title='bbox 140 4020 265 4087; x_wconf 85' lang='lat' dir='ltr'>Apparet</span> <span class='ocrx_word' id='word_1_284' title='bbox 283 4037 365 4084; x_wconf 88' lang='lat' dir='ltr'>nunc,</span> <span class='ocrx_word' id='word_1_285' title='bbox 390 4023 471 4089; x_wconf 88' lang='lat' dir='ltr'>quale</span> <span class='ocrx_word' id='word_1_286' title='bbox 495 4023 530 4075; x_wconf 88' lang='lat' dir='ltr'>sit</span> <span class='ocrx_word' id='word_1_287' title='bbox 549 4022 624 4085; x_wconf 89' lang='lat' dir='ltr'>illud,</span> <span class='ocrx_word' id='word_1_288' title='bbox 650 4023 723 4090; x_wconf 89' lang='lat' dir='ltr'>quod</span> <span class='ocrx_word' id='word_1_289' title='bbox 743 4023 869 4076; x_wconf 84' lang='lat' dir='ltr'>Osannus</span> <span class='ocrx_word' id='word_1_290' title='bbox 888 4026 963 4092; x_wconf 73' lang='lat' dir='ltr'>praef.</span> <span class='ocrx_word' id='word_1_291' title='bbox 984 4042 1009 4092; x_wconf 86' lang='lat' dir='ltr'>p.</span> <span class='ocrx_word' id='word_1_292' title='bbox 1029 4024 1076 4076; x_wconf 83' lang='lat' dir='ltr'>XX</span> <span class='ocrx_word' id='word_1_293' title='bbox 1096 4023 1274 4075; x_wconf 83' lang='lat' dir='ltr'>memorabile</span> 
     </span>
     <span class='ocr_line' id='line_1_36' title="bbox 143 4109 1275 4180; baseline 0.004 -20"><span class='ocrx_word' id='word_1_294' title='bbox 143 4114 232 4176; x_wconf 85' lang='lat' dir='ltr'>putat.</span> <span class='ocrx_word' id='word_1_295' title='bbox 270 4109 337 4162; x_wconf 88' lang='lat' dir='ltr'>Nam</span> <span class='ocrx_word' id='word_1_296' title='bbox 362 4111 435 4178; x_wconf 90' lang='lat' dir='ltr'>apud</span> <span class='ocrx_word' id='word_1_297' title='bbox 461 4111 607 4178; x_wconf 80' lang='lat' dir='ltr'>Apuleium</span> <span class='ocrx_word' id='word_1_298' title='bbox 633 4111 667 4163; x_wconf 91' lang='lat' dir='ltr'>de</span> <span class='ocrx_word' id='word_1_299' title='bbox 692 4117 747 4163; x_wconf 90' lang='lat' dir='ltr'>not.</span> <span class='ocrx_word' id='word_1_300' title='bbox 768 4112 848 4180; x_wconf 88' lang='lat' dir='ltr'>aspir.</span> <span class='ocrx_word' id='word_1_301' title='bbox 868 4130 893 4180; x_wconf 93' lang='lat' dir='ltr'>p.</span> <span class='ocrx_word' id='word_1_302' title='bbox 915 4113 966 4164; x_wconf 79' lang='lat'>109</span> <span class='ocrx_word' id='word_1_303' title='bbox 990 4113 1122 4180; x_wconf 83' lang='lat' dir='ltr'>scriptum</span> <span class='ocrx_word' id='word_1_304' title='bbox 1147 4117 1201 4165; x_wconf 88' lang='lat' dir='ltr'>est:</span> <span class='ocrx_word' id='word_1_305' title='bbox 1231 4114 1275 4164; x_wconf 83' lang='lat' dir='ltr'>Ito</span> 
     </span>
     <span class='ocr_line' id='line_1_37' title="bbox 142 4199 1274 4270; baseline 0.003 -21"><span class='ocrx_word' id='word_1_306' title='bbox 142 4201 216 4249; x_wconf 77' lang='lat' dir='ltr'>enim</span> <span class='ocrx_word' id='word_1_307' title='bbox 238 4200 377 4265; x_wconf 72' lang='lat' dir='ltr'>effigiatur</span> <span class='ocrx_word' id='word_1_308' title='bbox 400 4207 464 4252; x_wconf 83' lang='lat' dir='ltr'>nota</span> <span class='ocrx_word' id='word_1_309' title='bbox 483 4201 670 4266; x_wconf 78' lang='lat' dir='ltr'>aspirationis.</span> <span class='ocrx_word' id='word_1_310' title='bbox 708 4201 738 4252; x_wconf 96' lang='lat' dir='ltr'>ln</span> <span class='ocrx_word' id='word_1_311' title='bbox 759 4199 918 4268; x_wconf 83' lang='lat' dir='ltr'>fragmentis</span> <span class='ocrx_word' id='word_1_312' title='bbox 938 4220 962 4270; x_wconf 88' lang='lat' dir='ltr'>p.</span> <span class='ocrx_word' id='word_1_313' title='bbox 984 4201 1015 4252; x_wconf 94' lang='grc'>11</span> <span class='ocrx_word' id='word_1_314' title='bbox 1037 4201 1053 4266; x_wconf 67' lang='grc' dir='ltr'><strong>ξ</strong></span> <span class='ocrx_word' id='word_1_315' title='bbox 1072 4201 1106 4253; x_wconf 82' lang='lat'>50</span> <span class='ocrx_word' id='word_1_316' title='bbox 1125 4202 1158 4254; x_wconf 90' lang='lat' dir='ltr'>de</span> <span class='ocrx_word' id='word_1_317' title='bbox 1178 4201 1274 4254; x_wconf 89' lang='lat' dir='ltr'>eadem</span> 
     </span>
     <span class='ocr_line' id='line_1_38' title="bbox 144 4286 1275 4356; baseline 0.004 -18"><span class='ocrx_word' id='word_1_318' title='bbox 144 4304 173 4339; x_wconf 90' lang='lat' dir='ltr'>re</span> <span class='ocrx_word' id='word_1_319' title='bbox 191 4288 312 4350; x_wconf 79' lang='lat' dir='ltr'>formari</span> <span class='ocrx_word' id='word_1_320' title='bbox 330 4288 437 4340; x_wconf 87' lang='lat' dir='ltr'>dicitur.</span> <span class='ocrx_word' id='word_1_321' title='bbox 475 4286 582 4340; x_wconf 89' lang='lat' dir='ltr'>Scilicet</span> <span class='ocrx_word' id='word_1_322' title='bbox 601 4289 796 4356; x_wconf 85' lang='lat' dir='ltr'>grammaticus</span> <span class='ocrx_word' id='word_1_323' title='bbox 815 4307 871 4342; x_wconf 82' lang='lat' dir='ltr'>suae</span> <span class='ocrx_word' id='word_1_324' title='bbox 890 4292 977 4343; x_wconf 85' lang='lat' dir='ltr'>aetatis</span> <span class='ocrx_word' id='word_1_325' title='bbox 997 4308 1072 4343; x_wconf 89' lang='lat' dir='ltr'>more</span> <span class='ocrx_word' id='word_1_326' title='bbox 1092 4291 1201 4343; x_wconf 89' lang='lat' dir='ltr'>locutus</span> <span class='ocrx_word' id='word_1_327' title='bbox 1221 4296 1275 4351; x_wconf 78' lang='lat' dir='ltr'>est;</span> 
     </span>
    </p>
   </div>
   <div class='ocr_carea' id='block_1_4' title="bbox 144 4360 1274 4515">
    <p class='ocr_par' dir='ltr' id='par_1_6' title="bbox 144 4360 1274 4515">
     <span class='ocr_line' id='line_1_39' title="bbox 144 4360 1274 4446; baseline 0.004 -20"><span class='ocrx_word' id='word_1_328' title='bbox 144 4375 223 4436; x_wconf 80' lang='lat' dir='ltr'>alter,</span> <span class='ocrx_word' id='word_1_329' title='bbox 243 4376 320 4428; x_wconf 88' lang='lat' dir='ltr'>cuius</span> <span class='ocrx_word' id='word_1_330' title='bbox 339 4360 635 4445; x_wconf 64' lang='lat' dir='ltr'>tempore&#39;eteganrius</span> <span class='ocrx_word' id='word_1_331' title='bbox 655 4379 847 4446; x_wconf 85' lang='lat' dir='ltr'>loquebantur,</span> <span class='ocrx_word' id='word_1_332' title='bbox 867 4379 1014 4431; x_wconf 87' lang='lat' dir='ltr'>barborum</span> <span class='ocrx_word' id='word_1_333' title='bbox 1034 4380 1199 4432; x_wconf 84' lang='lat' dir='ltr'>vocabulum</span> <span class='ocrx_word' id='word_1_334' title='bbox 1219 4396 1274 4431; x_wconf 93' lang='lat' dir='ltr'>non</span> 
     </span>
     <span class='ocr_line' id='line_1_40' title="bbox 146 4464 218 4515; baseline -0.014 0"><span class='ocrx_word' id='word_1_335' title='bbox 146 4464 218 4515; x_wconf 82' lang='lat' dir='ltr'>tulit.</span> 
     </span>
    </p>
   </div>
   <div class='ocr_carea' id='block_1_5' title="bbox 98 4549 1065 4696">
    <p class='ocr_par' dir='ltr' id='par_1_7' title="bbox 98 4549 1065 4696">
     <span class='ocr_line' id='line_1_41' title="bbox 98 4549 840 4623; baseline 0.008 -20"><span class='ocrx_word' id='word_1_336' title='bbox 98 4549 123 4617; x_wconf 83' lang='lat'>⁴)</span> <span class='ocrx_word' id='word_1_337' title='bbox 143 4552 199 4604; x_wconf 80' lang='lat' dir='ltr'>Cir.</span> <span class='ocrx_word' id='word_1_338' title='bbox 219 4552 340 4606; x_wconf 73' lang='lat' dir='ltr'>Niebuhr</span> <span class='ocrx_word' id='word_1_339' title='bbox 359 4553 427 4607; x_wconf 89' lang='lat' dir='ltr'>Hist.</span> <span class='ocrx_word' id='word_1_340' title='bbox 448 4554 527 4608; x_wconf 83' lang='lat' dir='ltr'>Rom.</span> <span class='ocrx_word' id='word_1_341' title='bbox 547 4555 558 4607; x_wconf 96' lang='lat' dir='ltr'>l</span> <span class='ocrx_word' id='word_1_342' title='bbox 578 4573 603 4623; x_wconf 91' lang='lat' dir='ltr'>p.</span> <span class='ocrx_word' id='word_1_343' title='bbox 623 4555 658 4606; x_wconf 73' lang='lat'>88</span> <span class='ocrx_word' id='word_1_344' title='bbox 677 4562 733 4610; x_wconf 88' lang='lat' dir='ltr'>not.</span> <span class='ocrx_word' id='word_1_345' title='bbox 754 4557 795 4609; x_wconf 91' lang='lat' dir='ltr'>ed.</span> <span class='ocrx_word' id='word_1_346' title='bbox 816 4555 840 4609; x_wconf 78' lang='lat'>2.</span> 
     </span>
     <span class='ocr_line' id='line_1_42' title="bbox 1033 4644 1065 4696; baseline 0 -23"><span class='ocrx_word' id='word_1_347' title='bbox 1033 4644 1065 4696; x_wconf 63' lang='lat'>2*</span> 
     </span>
    </p>
   </div>
   <div class='ocr_carea' id='block_1_6' title="bbox 0 0 1495 5206">
    <p class='ocr_par' dir='ltr' id='par_1_8' title="bbox 0 0 1495 5206">
     <span class='ocr_line' id='line_1_43' title="bbox 0 0 1495 5206; baseline 0 0"><span class='ocrx_word' id='word_1_348' title='bbox 0 0 1495 5206; x_wconf 95' lang='lat' dir='ltr'> </span> 
     </span>
    </p>
   </div>
  </div>
 </body>
</html>
