2956 5190
696 266 761 332 246

212 460 265 526 72.
311 461 532 526 Auximum
583 463 617 527 in
665 462 783 528 Piceno
831 481 861 526 a.
899 462 979 538 157,
1030 460 1148 526 incerti
1196 459 1301 541 aenan

131 674 184 738 73.
209 674 261 739 74.
286 567 350 738 nil
351 564 427 738 eruo)
440 674 493 739 77.
518 675 570 740 ra.
619 674 881 739 7777777777
914 675 948 739 in
981 671 1173 738 17717174
1206 670 1304 754 qen),

308 780 529 864 Scylaeium
552 782 585 846 in
607 781 752 859 Bruttiis,
782 779 1015 846 Minervium
1045 782 1079 845 et
1111 777 1304 843 Tarenton

308 888 342 950 in
357 886 518 966 Calabria,
540 887 738 972 Neptunia
753 887 866 953 incerti
880 888 952 964 loci,
978 885 1185 970 Cortiopo,
1208 906 1306 953 secun·

309 994 387 1057 dum
410 994 567 1059 Velleium
596 996 701 1077 prima
730 998 823 1059 extra
850 994 986 1072 ltaliam,
1016 1013 1046 1058 a.
1074 993 1140 1058 122
1168 1013 1231 1059 sec.
1252 995 1307 1078 Ap

308 1099 395 1183 pian.
425 1100 492 1166 Ciu.
516 1101 559 1179 11,
595 1102 653 1181 23,
689 1122 719 1167 a.
745 1101 808 1166 123
837 1120 901 1166 sec.
931 1101 1021 1177 velt,
1055 1101 1179 1166 civium
1212 1101 1307 1186 (supra

308 1227 340 1289 r·
364 1206 452 1289 rao).
462 1203 488 1290 ¹)

258 1363 264 1378 .
311 1314 444 1399 Aquas
473 1312 627 1392 Sentice
657 1317 747 1378 trans
776 1315 877 1397 Alpes
906 1314 940 1378 in
967 1313 1127 1378 Galliae.
1155 1314 1308 1380 1230011·

308 1421 392 1485 ditas
416 1421 577 1486 coloniam
600 1421 744 1504 appellat
762 1422 842 1486 Livii
859 1423 935 1504 epit.
953 1420 1008 1485 lib.
1028 1420 1088 1497 613
1112 1428 1150 1485 ut
1167 1421 1308 1498 dubitem,

306 1527 429 1592 Plinius
458 1528 544 1605 facit,
580 1528 635 1610 qui
664 1526 718 1610 (H.
743 1528 781 1592 N.
805 1527 862 1607 111,
892 1525 948 1609 36)
982 1528 1137 1592 Latinum
1168 1528 1308 1611 oppidum

308 1634 461 1716 appellat,
493 1634 581 1717 quod
610 1634 679 1716 lege
703 1634 784 1698 Iulia
807 1635 925 1699 civium
948 1635 1178 1700 Romanorum
1202 1635 1308 1699 iactum
1355 1672 1358 1711 1

307 1761 378 1805 esse
413 1745 593 1823 oporteret3
628 1761 734 1824 neque
770 1743 855 1805 enirn
886 1741 965 1824 legis
999 1741 1090 1805 Iuliae
1120 1741 1189 1806 vim
1223 1740 1309 1806 ltalia
1356 1736 1358 1753 '

222 1830 224 1835 ¹
306 1847 387 1912 fines
412 1847 676 1912 circumscribere
699 1852 861 1930 poterant.

214 1954 267 2019 80.
314 1953 502 2017 Dertona
553 1955 586 2018 in
637 1954 766 2036 Liguria
818 1956 930 2019 incerti
984 1955 1060 2019 anni
1112 1957 1146 2019 et
1198 1953 1309 2037 generis

309 2060 427 2143 (7777).

211 2168 263 2233 81.
310 2166 441 2231 Narbo
470 2166 642 2232 Martius
670 2169 702 2232 in
731 2168 835 2233 Gallia
863 2167 1028 2251 provincia
1056 2185 1085 2231 a.
1114 2167 1178 2233 118
1211 2166 1309 2250 (supra

332 2273 452 2338 ooo.

208 2341 261 2445 aa
307 2271 504 2464 ‘lurica
538 2380 710 2447 17777177
749 2382 988 2464 Transpadana
1027 2381 1168 2460 a.1oo‚
1210 2379 1310 2447 77777

305 2486 432 2568 generis
456 2485 573 2569 (Veli).

194 2808 255 2877 ipsu
271 2823 401 2862 mnomen
420 2813 539 2875 ponatur
551 2812 599 2860 aut
612 2808 707 2862 saltem
724 2807 813 2878 imago
827 2808 974 2862 oboriatur.
1003 2806 1146 2875 Appianas
1159 2806 1275 2877 Hispan.
1286 2804 1317 2859 38

193 2897 222 2950 P.
242 2896 396 2965 Scipionem
419 2896 483 2950 belli
504 2897 597 2949 Punici
622 2898 734 2951 secundi
753 2901 876 2967 tempore
900 2896 1022 2950 Italicam
1047 2895 1203 2950 condidisse
1230 2896 1318 2950 scribit

193 2985 291 3039 sauciis
310 2985 442 3039 militibus
461 2985 566 3044 sedem;
596 2986 646 3039 etsi
670 2987 805 3041 coloniam
824 3002 879 3040 non
898 2985 1026 3054 appellat,
1054 2984 1146 3053 ipsum
1165 3001 1270 3041 nomen
1288 2985 1318 3039 de

193 3074 299 3129 colonia
313 3074 411 3128 Latina
429 3091 462 3129 ex
481 3075 560 3128 sociis
579 3076 653 3129 Italis
672 3080 699 3129 et
714 3075 818 3129 Latinis
837 3075 985 3128 constituta
1003 3073 1121 3142 cogitare
1140 3090 1221 3142 paene
1241 3074 1318 3143 cogit.

193 3162 298 3216 Gentius
326 3163 398 3217 idem
427 3163 455 3216 in
482 3164 609 3217 Corduba
636 3165 734 3218 Strabo
754 3165 790 3217 111
814 3181 840 3232 p.
861 3163 910 3215 141
931 3164 959 3217 C.
983 3162 1117 3231 significat
1144 3162 1187 3215 his
1217 3163 1319 3217 serbis:

194 3245 330 3320 Κόρδορα,
352 3251 510 3318 Μαρκέλλου
522 3252 567 3319 (Μ.
581 3253 700 3307 Marcelli
713 3253 833 3326 consulis
844 3270 867 3305 a.
882 3250 944 3318 152)
963 3256 1058 3319 κτίσμα
1077 3291 1190 3303 .....
1212 3246 1321 3319 qimaiu

191 3356 216 3390 ιε
235 3338 262 3397 ἐξ
280 3334 366 3408 ἀρχῆς
379 3336 520 3410 Ῥωμαίων
537 3358 562 3392 τε
580 3341 625 3391 xci
645 3343 700 3391 τῶν
718 3340 869 3408 ἐπιχωρίων
887 3335 989 3407 ἄνδρες
1001 3337 1136 3390 ἐπίλεκτοι·
1155 3338 1200 3389 καλ
1221 3335 1258 3402 δὴ
1277 3339 1321 3389 aci

192 3424 300 3497 πρώτην
318 3424 447 3479 τ’ποικίαν
465 3424 562 3491 ταύτην
586 3429 622 3487 εἰς
644 3425 736 3480 corinda
760 3424 818 3485 roric
841 3424 934 3486 τότιοτις
958 3426 1077 3478 ἔστειλαν
1094 3422 1234 3496 Ῥωμαῖοι.
1274 3429 1321 3484 Ρο-

191 3523 294 3571 strema
313 3517 371 3571 haec
391 3519 623 3586 quemadmodum
642 3536 705 3573 curn
724 3520 764 3583 iia,
790 3535 851 3588 quae
870 3517 904 3570 de
923 3517 1029 3571 Carteia
1048 3520 1076 3569 et
1095 3516 1190 3570 Italica
1207 3518 1321 3572 tradun-

191 3611 244 3670 tur,
273 3607 442 3661 concilianda
465 3608 528 3672 sint,
557 3608 672 3661 dubium
695 3613 744 3661 est.
785 3607 854 3660 Nam
873 3605 934 3656 olda
953 3605 980 3655 ot
997 3600 1073 3655 τόποι
1101 3605 1236 3674 Hispania
1264 3611 1322 3661 tote

191 3694 305 3764 intelligi
324 3696 460 3750 videntur.
488 3697 563 3750 Idem
583 3697 681 3750 Strabo
700 3698 737 3751 111
756 3714 782 3766 p.
802 3695 854 3748 167
873 3712 940 3764 sqq,
960 3693 1007 3748 ubi
1026 3693 1150 3748 Palmam
1171 3700 1198 3748 et
1212 3694 1321 3750 Pollen-

191 3782 256 3836 tiam
281 3800 306 3837 a.
326 3782 377 3837 123
401 3784 595 3852 canetulo
619 3785 646 3839 in
674 3785 833 3839 Balearibus
861 3784 984 3837 conditas
1011 3782 1113 3847 scribit,
1142 3783 1201 3837 haec
1229 3785 1321 3838 addit:

188 3867 316 3940 εἰσήγαγε
341 3871 374 3923 δὲ
397 3871 517 3931 ἐποίκους
540 3873 700 3941 τρισχιλίους
722 3876 777 3923 rniu
800 3871 829 3924 lx
853 3875 899 3934 τῆς
923 3869 1042 3940 Ἰβηρίας
1063 3866 1211 3944 Ῥωμαίων.
1250 3874 1322 3928 Tan-

190 3964 249 4013 tum
276 3960 376 4015 civium
401 3963 590 4018 Romanorum
619 3979 765 4017 numerum
789 3962 836 4016 illo
860 3968 984 4032 tempore
1007 3977 1039 4015 ex
1064 3961 1197 4031 Hispania
1221 3963 1323 4018 confici

189 4047 310 4116 potuisse
328 4048 432 4118 miron]

149 4131 171 4202 ¹)
189 4136 326 4192 Plutarch.
346 4139 374 4193 C.
389 4139 500 4194 Gracch.
520 4141 536 4193 9
556 4141 646 4207 tradit,
666 4141 780 4195 Gracchi
799 4140 857 4209 lege
877 4140 972 4204 iussos,
992 4139 1039 4207 qui
1058 4155 1137 4208 agtus
1156 4139 1185 4193 in
1204 4140 1324 4195 coloniis

190 4225 352 4293 acciperent,
381 4228 495 4299 vectigal
523 4229 562 4283 rei
589 4229 706 4298 publicae
732 4231 846 4284 solvere.
890 4230 919 4283 Id
944 4245 998 4282 non
1023 4228 1158 4282 tributum
1182 4229 1323 4285 univerae

189 4313 313 4379 colouiae,
342 4316 390 4370 sed
412 4316 528 4386 vectigal
555 4335 632 4387 agro,
661 4317 707 4387 qui
735 4319 860 4388 publicus
888 4317 996 4381 luisset,
1030 4316 1191 4386 impositum
1220 4317 1322 4373 intelli·

188 4402 308 4469 gendum
327 4408 376 4457 est.
