2948 5206
671 312 734 376 143

146 505 391 571 lsteinmetzius.
427 505 548 570 Verum
572 506 738 587 isaliquid
754 507 890 572 contulit
913 508 956 573 ad
980 528 1093 575 earum
1113 513 1296 579 orationum
1312 534 1350 575 nc

143 613 372 690 emendationem,
408 613 512 678 multo
540 616 653 677 tamen
676 613 794 690 minus,
830 633 929 696 quam
953 617 1133 698 exspectari
1158 623 1296 700 poterat,

141 737 167 782 er
182 723 255 784 tauto
278 719 426 784 codicum
451 719 722 785 conferendorum
745 719 857 784 labore
880 720 1005 786 fructus
1022 724 1173 804 provenit
1196 726 1296 807 ipsius

77 810 79 883 i
140 825 210 908 ndpa.
251 826 335 891 Nam
358 830 392 891 et
415 845 509 892 veras
533 825 681 891 codicum
705 826 883 907 scripturas
905 827 1026 892 multas
1048 830 1198 908 restituit,
1224 852 1296 914 quae

77 956 80 1027 i
138 932 181 996 ian
198 936 265 998 ante
289 951 329 997 ex
352 933 424 997 aliis
448 932 613 998 codicibus
635 933 763 997 restitui
785 935 938 1014 poterant
961 937 994 999 et
1017 953 1037 999 a
1060 956 1113 1000 me
1136 939 1297 1004 restitutae

136 1042 207 1115 erant,
227 1041 347 1122 partim
371 1040 470 1105 etiam
493 1044 570 1105 ante
595 1039 638 1104 ab
662 1037 793 1116 Orellio,
816 1042 851 1103 et
867 1039 991 1121 aliquot
1007 1043 1141 1123 protulit
1159 1047 1297 1128 recepit·

77 1166 80 1257 ἱ
137 1165 178 1227 que
194 1151 246 1211 aut
267 1166 372 1212 novas
394 1150 453 1211 aut
480 1146 526 1211 ita
555 1150 653 1210 antea
682 1145 832 1223 incertae,
867 1150 904 1210 ut
931 1145 1030 1228 recipi
1058 1168 1124 1214 non
1153 1157 1296 1232 possent,

77 1262 80 1367 J
134 1254 263 1331 eledecit,
288 1258 326 1319 ut
347 1253 578 1319 nonnullorum
600 1252 749 1318 locorum
771 1252 892 1316 menda
915 1252 1118 1320 manifestius
1141 1276 1297 1341 coargue-

134 1356 262 1441 rentur¹);
296 1360 357 1426 sed
390 1363 610 1443 praeterquam
645 1358 734 1440 quod
768 1359 947 1440 permultas
975 1358 1079 1426 bonas
1108 1364 1296 1446 scripturas,

135 1486 184 1548 qna
204 1468 254 1532 rel
281 1488 323 1532 ex
358 1465 523 1532 codicibus
557 1469 634 1531 ante
669 1464 794 1530 collatis
828 1467 914 1530 sumi
948 1470 1110 1548 poterant,
1145 1470 1296 1552 neglexit,

134 1575 305 1655 dumalias
329 1573 534 1650 adscisceret,
570 1593 644 1656 quae
675 1571 895 1636 adsciscendae
922 1591 988 1637 non
1017 1579 1120 1653 erant,
1154 1577 1298 1658 nequid

133 1667 205 1746 deco
226 1682 344 1755 dicam,
369 1680 457 1762 quod
478 1678 767 1762 postulari-minus
790 1680 908 1760 potest,
940 1679 1028 1760 quod
1052 1680 1096 1745 ad
1118 1700 1174 1746 eos
1198 1682 1296 1759 locos,
1384 1668 1388 1674 ’
1461 1750 1465 1758 ,

133 1782 273 1868 inquibus
296 1786 433 1869 vestigia
456 1789 584 1851 tanturn
607 1785 741 1850 verioris
757 1786 927 1866 scripturae
947 1785 1074 1851 codices
1091 1787 1295 1869 praebebant,
1311 1821 1351 1864 m

133 1891 180 1972 ipse
197 1912 310 1975 parurn
333 1895 406 1976 opis
429 1892 538 1958 attulit
560 1893 728 1974 multaque
752 1892 795 1955 ab
819 1890 890 1956 aliis
908 1890 1044 1958 feliciter
1061 1894 1195 1959 inventa
1212 1915 1297 1976 proe·

133 1998 200 2077 leniit
226 2001 421 2083 pravissimo
444 1999 577 2065 consilio
600 1999 748 2064 codicum
771 2017 906 2063 suorum
930 1998 1106 2081 scripturas
1131 2000 1199 2065 fere
1223 2005 1297 2066 tan·
1338 2021 1341 2026 ’

132 2107 181 2169 tum
198 2107 288 2171 iniis
312 2107 401 2186 locis,
434 2106 492 2171 ubi
514 2106 584 2187 ipse
606 2105 645 2170 iis
668 2105 832 2181 utebatur,
862 2106 1067 2171 annotandas
1090 2109 1228 2189 putavit,
1263 2110 1297 2173 in

132 2211 232 2295 reliquis
254 2214 373 2290 omisit,
408 2232 497 2295 saepe
527 2213 626 2276 etiam
649 2212 683 2275 in
706 2211 954 2293 suspectissimis
979 2215 1011 2276 et
1035 2215 1296 2296 corruptissimis,

133 2317 173 2381 ubi
188 2320 307 2396 codices
330 2320 401 2386 eius
424 2339 490 2386 non
513 2317 715 2384 consensisse
745 2337 819 2382 cum
848 2318 936 2382 edita
964 2319 1125 2401 scriptura
1153 2322 1233 2385 satis
1257 2340 1297 2386 ex

133 2422 183 2490 eliis
199 2426 361 2495 codicibus
384 2428 522 2493 constat.
531 2418 558 2506 ²)
592 2424 705 2507 ltaque
729 2425 817 2506 quod
840 2429 938 2489 antea
962 2429 1033 2490 erat
1055 2426 1239 2503 molestum,
1263 2429 1296 2492 id

77 2748 79 2753 ·
154 2703 170 2770 1)
182 2709 213 2764 Ex
228 2712 305 2767 noris
323 2711 465 2781 seripturis
483 2705 708 2779 praestantissima
727 2713 775 2764 est,
795 2723 879 2776 quam
894 2708 923 2762 in
937 2707 994 2763 Cat.
1009 2708 1041 2771 ΙΙ,
1062 2706 1103 2771 12,
1122 2705 1156 2759 27
1175 2725 1190 2762 e
1205 2711 1297 2764 codice

184 2801 362 2871 antiquissimo
380 2798 575 2870 Tegernseensi
594 2796 721 2860 restituit,
745 2799 883 2851 munivere
900 2813 1015 2865 pomum
1033 2812 1082 2865 pro
1101 2813 1141 2860 eo,
1166 2798 1240 2866 quod
1258 2799 1297 2853 in·
1373 2799 1375 2803 ’

185 2891 319 2958 terpolator
338 2890 438 2960 aliquis
455 2888 642 2951 substituerat,
661 2886 797 2940 consulere
815 2886 868 2938 eibi
880 2893 1004 2953 possunt,
1024 2900 1107 2953 quam
1126 2885 1209 2941 eliam
1224 2889 1297 2956 apud

186 2977 311 3037 Valerium
329 2979 451 3035 Probum
470 2975 681 3047 grammaticum
700 2973 819 3043 repperit
837 2972 871 3037 (c.
892 2971 961 3025 1482
982 2971 1024 3037 Ρ.)
1046 2978 1073 3025 et
1097 2973 1125 3027 in
1144 2975 1297 3031 scholiastae

187 3071 349 3125 umueione
367 3069 453 3123 latere
471 3065 599 3122 ostendit.
627 3065 658 3118 lu
677 3063 753 3118 Catil.
770 3064 791 3126 1,
808 3061 834 3127 8,
853 3061 888 3115 20
906 3061 948 3126 (ut
966 3062 1054 3116 obiter
1068 3076 1189 3117 errorem
1204 3081 1298 3119 meum

188 3158 317 3228 ωπίμιιι)
334 3156 462 3213 sufficere
481 3155 549 3210 mihi
568 3153 700 3208 debuerat
719 3156 850 3206 eunomia
869 3151 923 3205 iarn
942 3151 978 3204 ab
992 3151 1052 3204 aliis
1067 3151 1193 3206 codicum
1207 3160 1297 3208 aucto

189 3245 247 3311 titre,
273 3248 309 3302 ad
332 3263 417 3317 quam
442 3261 516 3300 nuno
538 3241 746 3312 Tegernseensis
771 3240 817 3295 ille
840 3244 939 3309 prater
957 3239 1025 3293 alios
1043 3241 1156 3306 accedit,
1185 3259 1220 3299 ne
1239 3244 1298 3299 loco

190 3348 228 3388 neo
247 3336 420 3391 demoverem
445 3339 547 3389 rectam
570 3332 746 3400 scripturam,
773 3332 800 3382 ai
820 3332 905 3382 emori
927 3345 1003 3398 oeqeeo
1026 3332 1118 3384 animo
1139 3348 1195 3386 non
1213 3342 1298 3402 potes,

192 3423 319 3479 ubellula
342 3425 441 3489 altera,
469 3427 495 3477 ei
516 3425 560 3476 lete
582 3422 699 3484 wart,
728 3434 812 3487 quam
835 3416 1026 3472 Steinmetzius
1055 3434 1165 3488 quoque
1188 3418 1298 3490 probat;

194 3523 308 3569 muner
325 3517 433 3570 morari
450 3529 500 3583 pro
517 3527 626 3566 manere
644 3525 695 3563 nec
713 3510 739 3561 ei
757 3522 806 3576 pro
829 3509 958 3575 quoniam
982 3505 1046 3560 ferri
1068 3512 1168 3576 potest,
1196 3515 1224 3563 et
1247 3511 1299 3565 boe

194 3595 268 3657 OEmro
284 3602 357 3666 dicit,
381 3601 428 3671 qui
447 3605 533 3664 tanto,
556 3603 660 3668 quanto
678 3595 802 3659 catilina,
826 3594 954 3649 omnibus
977 3594 1040 3649 odio
1057 3595 1101 3660 sit,
1130 3597 1215 3651 vitam
1234 3600 1298 3654 abii·

196 3699 241 3742 cere
255 3690 363 3750 debere;
392 3691 435 3744 sin
457 3690 485 3744 id
508 3706 565 3744 noo
588 3687 729 3750 sustineat,
757 3701 774 3738 a
796 3683 885 3754 patrie
909 3682 1002 3751 lugere
1025 3699 1110 3752 quam
1129 3685 1298 3755 longissima

197 3779 367 3835 renouatur
385 3796 450 3834 rere
467 3779 620 3841 Catilinam,
649 3780 680 3830 ut
705 3773 844 3836 moriatur,
872 3770 920 3824 sed
945 3770 1018 3824 exire
1037 3771 1075 3824 ita
1093 3773 1177 3838 iubet,
1206 3780 1236 3828 ut
1256 3778 1298 3830 vel

199 3866 305 3924 medendi
333 3886 444 3925 meream
470 3870 566 3924 adesse
590 3868 670 3921 dicat.
708 3864 738 3918 ln
760 3862 819 3915 Cat.
838 3859 871 3922 ΙΙ,
899 3857 924 3922 5,
954 3857 984 3909 11
1010 3863 1084 3913 recte
1108 3861 1299 3918 Steinmetzius

201 3954 292 4011 restem
307 3977 418 4014 monere
435 3958 491 4023 (cui
509 3956 678 4012 contrarium
696 3957 738 4007 est
755 3945 892 4013 resecari),
916 3946 963 4000 ubi
982 3962 1031 4015 ego
1050 3949 1142 4004 nescio
1160 3953 1299 4018 quomodo

203 4053 288 4099 unam
304 4048 411 4118 reliqui,
429 4048 503 4116 quod
522 4064 555 4101 ex
574 4061 665 4101 errore
683 4038 878 4111 typographico
896 4040 987 4091 ortum
1007 4041 1055 4090 est.
1090 4037 1144 4091 Nec
1163 4039 1191 4092 in
1211 4041 1253 4095 ed.
1273 4059 1298 4097 a.

204 4123 253 4183 ¹4⁸⁰
266 4135 300 4190 eie
317 4143 367 4202 est,
392 4138 440 4191 sed
458 4154 575 4200 manere,
599 4151 649 4188 nec
675 4132 703 4186 in
722 4130 778 4185 ullo
798 4128 898 4182 codice.
936 4125 1019 4178 Recte
1038 4125 1120 4179 etiam
1140 4127 1172 4192 ll,
1193 4127 1234 4184 11.
1264 4128 1299 4183 25

206 4225 380 4285 “ludium
399 4225 490 4280 edidit.
528 4225 596 4292 Quae
614 4221 716 4290 recepit
736 4234 792 4273 non
811 4213 974 4283 recipienda.
1002 4228 1057 4265 non
1081 4219 1146 4268 sunt
1170 4215 1299 4273 hocloco

207 4303 331 4368 refallendae
367 4314 509 4369 Interdum
534 4314 591 4383 ipse
615 4315 725 4366 enarrat
747 4308 910 4375 scripturam
936 4301 1058 4363 eiectam,
1086 4306 1117 4354 ut
1136 4301 1192 4357 Cat.
1212 4305 1245 4367 ΙΙ,
1273 4306 1298 4372 8,

209 4384 287 4455 18nubi
303 4412 327 4457 et
344 4403 449 4458 addidit
468 4408 532 4459 ante
546 4405 725 4472 proede'orum.

180 4462 305 4555 'theudo
321 4509 381 4547 esse
400 4498 489 4561 polest
512 4493 540 4547 u
564 4493 641 4547 nmero
666 4492 758 4546 statim
784 4489 923 4544 nucianae
947 4476 1080 4544 orationi,
1104 4508 1126 4545 ,,
1145 4486 1171 4553 3,
1199 4486 1224 4552 3,
1253 4485 1300 4539 uni

211 4576 277 4629 ⁰⁰⁰1st
294 4580 408 4636 Ernestii
430 4582 615 4638 coniecturam
642 4579 747 4650 (spoliis
776 4582 852 4635 Sexti
877 4579 969 4634 Roscii
995 4591 1028 4626 ex
1055 4580 1106 4635 boe
1128 4580 1228 4633 iudicio
1250 4592 1300 4646 pro
