2956 5190
624 248 690 324 '427

148 457 301 539 Sequitur
323 456 423 534 locus,
447 474 547 538 quem
569 474 677 537 neque
699 454 866 537 praeterire
892 457 1014 538 possim
1038 455 1258 541 (coarguenda

46 564 148 630 enim
170 563 290 629 menda
313 561 403 645 sunt)
426 582 533 645 neque
557 562 720 645 expedire,
745 582 811 626 non
836 563 940 645 magis'
963 583 1062 646 quam
1079 565 1257 630 Ernestius.

48 669 145 736 Nam
168 671 202 735 in
224 670 397 735 undecimo
421 671 537 752 capite,
562 666 580 749 ἕ
604 668 657 747 28,
682 669 824 752 primum
848 670 991 751 quidem,
1016 669 1073 734 ubi
1096 674 1160 735 est:
1196 692 1258 736 non

48 796 122 843 coac
146 776 239 841 lenna
262 777 399 841 cintotis
426 778 512 854 ciria,
548 779 731 841 extremum
766 775 962 840 vocabulum
998 777 1172 841 delendum
1198 782 1258 844 ¹est
1272 798 1298 837 er

48 885 252 949 auctoritate
287 883 435 949 codicum
469 881 596 964 (PAE);
632 882 747 947 eodem
782 881 880 947 modo
913 882 1025 948 Cicero
1053 884 1179 949 locutus
1209 889 1259 951 est
1361 922 1364 928 ·

49 990 159 1073 paulo
182 993 257 1055 ante
280 987 384 1072 (caira
407 1011 471 1054 esse
492 1011 525 1054 ae
547 990 684 1053 cintatia
707 985 792 1069 velit)
820 993 853 1052 et
881 989 965 1053 inira
991 990 1042 1067 12,
1072 991 1114 1055 29
1144 995 1177 1056 et
1193 993 1257 1070 ·13‚

49 1096 117 1173 31;
153 1096 269 1162 deinde
298 1099 408 1161 autem
438 1096 471 1160 in
499 1095 547 1173 iis,
584 1115 657 1178 quae
685 1101 882 1177 sequuntur:
919 1095 1026 1182 Neque
1048 1098 1146 1162 solnm
1171 1098 1258 1162 dico·

49 1203 151 1285 tione,
185 1202 266 1289 qnod
294 1203 329 1266 in
358 1204 539 1267 calamitate
562 1203 749 1267 clarissimis
771 1203 851 1265 ciria
876 1201 911 1280 Q.
937 1201 1090 1284 Monimo,
1128 1204 1162 1268 0.
1187 1204 1258 1269 Lce-

51 1312 140 1393 natr',
177 1311 212 1389 Q.
236 1309 386 1394 Philippo
410 1308 567 1391 Nuceriae,
605 1308 639 1372 0.
665 1308 778 1372 Catoni
813 1307 1006 1389 Tarracone,
1044 1309 1081 1389 Q.
1107 1311 1257 1394 Carpinati,

51 1397 94 1482 P.
118 1416 241 1481 Rutilio
264 1415 410 1500 Srnyrnoe
433 1415 571 1478 vidimus
594 1414 753 1495 accidisse,
778 1422 812 1478 nt
835 1436 946 1478 earnm
968 1417 1132 1481 civitatum
1146 1417 1259 1500 fierent

52 1524 157 1604 civem
180 1523 262 1587 hanc
285 1530 357 1586 ante
380 1523 523 1585 amittere
545 1541 608 1585 non
625 1522 810 1605 patuissent,
834 1541 929 1606 qnam
952 1520 1048 1587 hians
1065 1525 1165 1588 solnm
1183 1526 1257 1589 cici·
1358 1609 1360 1612 ι

53 1631 135 1694 tatis
157 1630 328 1694 mutatione
350 1629 531 1708 certiorem
565 1627 620 1692 aed
652 1629 746 1691 etiarn
772 1629 967 1711 postliminio
989 1637 1092 1713 potest
1120 1632 1258 1695 civitatis
1355 1621 1359 1627 ’

50 1734 129 1819 ficri
151 1737 283 1800 metatio
306 1771 348 1778 -
378 1736 411 1798 in
439 1734 499 1811 his,
535 1734 679 1817 inquam,
715 1735 817 1798 verba
850 1734 906 1798 illa
940 1735 1057 1799 mediae
1087 1739 1257 1802 sententiae

54 1842 243 1907 interiecta:
278 1841 360 1905 harro
391 1849 464 1904 arne
495 1875 536 1884 —
569 1843 731 1905 emissent
765 1839 908 1922 pendere
938 1861 999 1905 nec
1028 1862 1102 1906 curn
1132 1844 1256 1926 reliqua

53 1948 204 2014 oratione
239 1948 402 2012 cohaerere
437 1950 543 2029 patet;
586 1967 664 2012 nam
699 1947 787 2028 quod
822 1946 1016 2012 Garatonius
1052 1949 1256 2030 parenthesis

52 2074 178 2120 nomen
201 2056 235 2118 et
263 2055 355 2136 signa
387 2053 531 2132 adhibet,
567 2053 646 2118 nihil
677 2053 753 2135 agit.
800 2053 896 2117 Nulla
928 2054 1014 2118 enim
1046 2074 1118 2119 esse
1149 2058 1257 2136 potest

53 2160 244 2226 huiusmodi
266 2158 481 2243 parenthesis,
506 2179 526 2223 a
549 2158 675 2242 reliqua
698 2162 859 2225 sententia
882 2162 980 2243 plane
1003 2162 1110 2226 aliena
1133 2181 1193 2225 nec
1217 2181 1257 2224 ex

54 2287 97 2333 ea
120 2270 193 2333 orta
216 2286 276 2331 nec
299 2266 394 2330 alicui
417 2265 451 2329 in
474 2285 514 2330 ea
537 2266 653 2348 positae
676 2267 799 2330 notioni
820 2267 1002 2346 adhaerens
1026 2268 1256 2350 apronomine

55 2373 314 2439 demonstrativo
338 2372 495 2454 incipiens
518 2392 584 2436 non
608 2373 650 2437 ad
674 2392 743 2437 rem
772 2373 804 2437 in
828 2374 983 2455 primaria
1012 2376 1173 2439 sententia
1197 2393 1256 2456 po·
1298 2352 1305 2368 ’

55 2482 157 2546 sitam
178 2480 292 2557 relato,
322 2478 381 2543 sed
405 2479 448 2543 ad
471 2479 678 2544 contrariam.
725 2479 849 2543 Deinde
873 2481 911 2544 in¹
929 2480 1007 2562 ipsis
1031 2465 1256 2562 verbis'plura
1346 2560 1349 2566 Ι
1445 2531 1449 2539 .

54 2585 327 2669 reprehendenda
363 2589 453 2662 sunt,
490 2605 589 2669 quam
624 2587 791 2651 Ernestius
825 2588 1049 2669 reprehendit;
1084 2606 1161 2651 nam
1196 2607 1256 2651 nec
1332 2670 1334 2674 Α

54 2695 194 2758 civitatis
215 2694 316 2757 solnm
338 2700 456 2756 vertere
478 2692 605 2769 dicitur,
629 2693 688 2757 sed
702 2695 802 2757 solnm
818 2701 944 2771 venere,
968 2714 1029 2759 nec
1045 2713 1092 2758 eae
1108 2695 1256 2759 notiones

56 2800 208 2883 coniungi
231 2799 363 2865 omnino
387 2802 533 2880 possunt,
558 2818 697 2881 quarum
721 2801 824 2864 altera
847 2801 880 2864 in
904 2800 985 2879 loca,
1014 2801 1118 2865 altera
1141 2801 1174 2864 in
1197 2800 1256 2865 ho·

19 2894 25 2913 ⁵
54 2907 183 2971 minum
207 2906 362 2972 societate
386 2910 419 2970 et
442 2906 671 2970 communione
693 2905 772 2971 iuris
795 2909 985 2988 posita-est,
1009 2926 1069 2971 nec
1086 2907 1257 2970 mutatinre

55 3020 176 3076 vertere
199 3012 370 3077 ferendum
395 3015 453 3091 est,
478 3013 511 3075 in
535 3031 599 3094 quo
623 3011 718 3076 haesit
742 3014 839 3077 etiam
864 3012 1013 3090 OrelliuS,
1038 3020 1070 3077 et
1087 3032 1190 3095 prava
1207 3017 1257 3077 est

57 3117 179 3201 duplex
208 3118 443 3183 demonstratio
472 3118 619 3182 eiusdem
653 3118 699 3182 rei
735 3116 832 3200 (harro
867 3154 906 3162 —
943 3119 1038 3183 leniae
1071 3139 1131 3202 pro
1166 3117 1255 3199 ntes).

57 3225 213 3291 adiuncto
240 3225 421 3308 praesertim
453 3225 497 3289 ad
531 3226 691 3308 posterius
725 3245 906 3308 pronomen
940 3225 1155 3300 substantivo,
1192 3244 1256 3306 quo

57 3332 149 3414 prius
174 3336 278 3408 caret;
301 3351 343 3396 ne
367 3331 590 3397 coniunctivas
614 3332 746 3415 quidem
770 3332 862 3396 verbi
880 3329 1080 3416 (potuissent)
1096 3331 1256 3397 rationem

58 3437 169 3516 habet,
194 3438 250 3520 qui
272 3443 381 3503 rectus
405 3441 501 3516 esset,
530 3439 557 3503 si
580 3440 643 3505 hoc
666 3422 764 3504 modo
788 3443 946 3521 concepta
968 3439 1130 3503 sententia
1154 3441 1255 3502 esset:

59 3544 202 3608 amittere
224 3566 287 3608 non
307 3546 491 3629 potuissent,
515 3547 579 3610 nisi
602 3552 674 3609 onte
697 3549 769 3624 cet„
794 3565 983 3628 quanquam
1006 3544 1057 3608 vel
1081 3545 1126 3608 sic
1144 3543 1256 3607 Cicero

57 3653 167 3732 potius
191 3654 334 3716 amittere
356 3672 419 3715 non
436 3659 585 3737 poterant
608 3652 787 3733 scripturus
811 3654 892 3715 er'at.
927 3650 1041 3731 Itaque
1065 3650 1143 3732 quin
1167 3649 1256 3714 locus

58 3758 271 3840 perturbatus
300 3760 351 3836 sit,
387 3759 548 3824 dubitatio
581 3757 672 3822 nulla
700 3760 765 3833 est3
800 3759 889 3839 origo
912 3757 1022 3821 mendi
1057 3760 1090 3821 et
1124 3754 1257 3821 tollendi

57 3866 142 3930 ratio
165 3866 299 3931 incerta.
345 3866 424 3931 Mihi
452 3865 585 3947 quidem
619 3864 674 3929 illa
708 3863 810 3928 verba
844 3883 910 3928 non
945 3863 1009 3928 alia
1039 3863 1080 3927 de
1109 3882 1207 3927 causa
1236 3881 1255 3927 a

57 3971 214 4042 Cicerone
236 3973 343 4054 posita
367 3992 438 4037 esse
461 3972 622 4048 videntur,
658 3971 720 4035 nisi
747 3973 784 4034 ut
813 3970 973 4035 rationem
1002 3963 1163 4047 redderet,
1200 3987 1257 4032 cur
1270 3995 1297 4035 n

58 4097 94 4141 se
130 4078 191 4143 illis
226 4079 411 4143 civitatibus
446 4078 574 4143 exsules
609 4076 789 4152 dicassent;
824 4076 934 4158 itaque
969 4076 1015 4141 sic
1050 4075 1256 4157 adiungenda

130 4324 159 4379 in
176 4325 229 4378 hac
247 4326 398 4394 prasertim
418 4325 617 4379 contrariorum
636 4324 768 4378 relatione
792 4321 874 4392 (quod
896 4326 939 4390 iia,
967 4341 1034 4392 qnos
1058 4350 1091 4360 -
1117 4324 1147 4375 n
1168 4321 1256 4390 ipris).

130 4415 161 4469 ln
180 4418 235 4469 tnta
253 4415 340 4469 latere
358 4413 456 4483 opinor
473 4415 536 4468 allia.
574 4411 645 4480 [Vid.
665 4413 734 4467 Adv.
754 4413 818 4468 Crit.
838 4413 875 4466 111
893 4430 919 4483 p.
940 4410 1012 4480 145]
