2948 5206
662 282 725 348 341

194 479 396 544 lnSestiana
418 479 515 562 igitur
542 478 695 561 primum,
731 478 886 561 quoniam
918 478 959 544 de
989 499 1069 544 voce
1100 481 1294 546 uoluntarios

133 606 200 650 uc.
223 588 254 663 l,
291 585 486 687 l'tollenda
513 584 580 650 iam
614 587 712 648 antea
745 584 868 649 dictum
895 590 968 665 est,
1001 606 1029 650 c.
1055 588 1089 664 1,
1121 587 1142 650 2
1171 587 1293 652 editur:

133 691 179 776 llpo
204 700 315 775 aidan,
349 690 479 774 iudices,
514 692 601 776 quia,
636 711 699 777 quo
732 711 802 754 voce
836 691 915 754 milti
948 694 984 756 in
1018 691 1151 776 eporedia
1178 695 1296 777 pretiis

133 798 426 884 uummmrandoque
448 818 565 880 eorum,
600 799 655 882 qui
684 797 723 861 de
752 818 800 861 me
828 800 941 881 optim
963 800 1069 863 meriti
1090 806 1173 882 sunt,
1208 798 1295 864 berce-

131 900 180 987 ic'io
197 905 428 970 deomedum
446 903 612 988 publium,
648 926 685 968 ea
716 925 799 968 nunc
829 906 876 967 uti
903 924 996 988 coqor
1025 907 1061 968 iu
1084 926 1190 969 corum
1207 907 1295 990 peri·
1362 990 1365 995 Ι

133 1012 186 1076 edis
203 1010 402 1096 depellendis,
431 1012 473 1075 iis
489 1012 690 1094 potissimum
718 1032 777 1074 uox
799 1011 865 1075 lioec
887 1013 1015 1091 sermm,
1043 1032 1175 1097 quorum
1199 1030 1350 1097 operario

134 1117 229 1181 duilii
251 1125 279 1181 et
302 1117 388 1182 vobis
410 1125 439 1182 et
455 1118 574 1202 populo
591 1118 735 1182 Romano
757 1119 902 1182 restituta
922 1125 975 1181 est.
1010 1117 1075 1182 Sed
1098 1119 1185 1204 quia,
1209 1117 1297 1201 quod

132 1221 286 1289 Hotomano
311 1228 443 1290 auctore
467 1223 635 1289 Ernestius
663 1224 788 1307 primus
818 1224 943 1288 addidit
962 1224 1161 1307 firmatoque
1187 1225 1297 1289 viden·

133 1333 169 1394 tur
184 1330 301 1395 codices
325 1331 518 1409 Beruenses,
543 1331 703 1396 omittitur
725 1334 759 1395 et
781 1331 814 1394 in
837 1332 953 1412 prioris
977 1331 1109 1397 familiae
1133 1318 1297 1397 codicibus

134 1434 203 1517 (Pur,
228 1437 280 1502 ed.
304 1435 422 1520 Naug.)
451 1437 540 1503 etin
563 1437 697 1502 alterius
726 1435 929 1519 (vulgaribus
952 1439 1105 1502 omuibus
1129 1435 1177 1519 [et
1200 1437 1298 1504 Gem-

134 1540 284 1626 blacensi]),
317 1548 441 1626 estque,
477 1544 504 1608 si
528 1544 712 1626 diligentius
737 1544 898 1619 attendas,
935 1544 1106 1626 dupliciter
1129 1544 1298 1621 vitiosum;

135 1650 343 1732 cumprimum
366 1670 432 1715 non
462 1652 547 1735 quia,
583 1650 641 1714 sed
673 1652 822 1736 quonium
853 1670 926 1715 esse
956 1650 1074 1715 saltem
1105 1647 1298 1733 debebat¹);

136 1753 220 1821 deiide
251 1757 358 1822 inanis
393 1758 496 1821 oritur
529 1757 723 1840 tautologia3
763 1777 869 1839 neque
905 1758 990 1821 enim
1028 1757 1081 1821 alii
1117 1761 1210 1822 erant
1244 1758 1297 1835 illi,

137 1862 221 1941 pibus
242 1864 378 1946 agendae
402 1866 496 1929 erant
518 1864 649 1946 gratiae,'·
666 1864 729 1939 alii,
762 1883 901 1945 quorum
926 1883 1026 1945 opera
1049 1884 1111 1928 vox
1135 1864 1299 1929 Ciceronis

137 1966 177 2048 ipsi
193 1971 370 2053 populoque
393 1970 544 2035 restituta
567 1974 647 2033 erat.
683 1969 878 2035 Tollendum
900 1975 951 2035 est
973 1970 1070 2052 igitur
1092 1972 1298 2048 vocabulum,
1367 2006 1370 2011 ·

138 2071 307 2159 finiendaque
331 2077 492 2142 sententia
515 2077 549 2140 in
571 2077 673 2141 verbo
696 2076 895 2160 depellendis,
927 2078 977 2141 cui
1001 2076 1118 2141 deinde
1141 2081 1299 2159 tanquam

140 2182 296 2248 qumans
326 2202 427 2265 seque
455 2183 632 2247 exhortans
661 2187 771 2248 orator
794 2183 901 2247 addit:
937 2183 986 2246 lie
1008 2185 1209 2267 potissimum
1236 2181 1300 2265 (in-

140 2288 220 2370 quam)
239 2290 304 2354 lroec
327 2311 387 2353 voa
408 2291 535 2367 seruiat,
560 2289 592 2353 id
616 2293 675 2367 est,
699 2292 818 2354 seruire
841 2289 942 2366 debet3
970 2291 1004 2357 in
1028 2309 1093 2371 quo
1115 2308 1182 2354 non
1205 2289 1300 2354 video

140 2394 193 2470 quid
211 2398 273 2462 iure
296 2395 528 2479 reprehendas.

201 2502 229 2567 C.
252 2505 281 2581 2,
305 2505 328 2568 4
351 2501 504 2567 scribitur
526 2502 601 2566 inde
626 2502 668 2566 ab
694 2502 835 2584 antiquis
860 2502 1052 2567 editoribus:
1084 2502 1191 2588 Neque
1219 2506 1301 2568 enim

143 2602 215 2684 olido
233 2611 424 2675 coniunctior
447 2609 536 2672 dolor
559 2610 643 2672 alliis
666 2631 729 2673 csse
746 2617 846 2692 potest
870 2630 964 2693 quain
987 2608 1156 2691 dicineus,
1180 2632 1302 2694 macap-

143 2714 176 2772 lu
192 2716 373 2781 reinuidis
395 2717 434 2779 de
465 2737 513 2778 me
543 2718 655 2798 optime
686 2717 791 2778 meriti
815 2716 969 2798 periculo,
1004 2736 1100 2800 neque
1130 2718 1303 2781 iracundia

143 2821 213 2899 muris
230 2824 295 2886 allo
318 2822 486 2886 laudanda
511 2843 605 2907 quoin
629 2844 676 2902 eu,
701 2843 769 2907 quw
792 2843 840 2884 me
855 2821 1034 2902 ‘influinmat
1050 2828 1121 2900 cet,
1147 2844 1186 2887 ex
1202 2825 1302 2889 inter-

143 2922 277 3005 polatione,
308 2949 408 3012 quam
438 2948 550 2993 omnes
574 2934 715 3011 arguunt
739 2929 882 3003 codices;
917 2949 993 2993 nam
1018 2950 1077 3012 pro
1102 2952 1197 3015 ireque
1221 2933 1304 2994 enirn

143 3021 475 3121 incendiumque,
506 3037 538 3099 in
562 3037 679 3100 Bemn.
705 3037 844 3120 namqui,
880 3036 912 3098 in
936 3035 1175 3101 Oxouiensibus
1198 3038 1303 3102 tribus

145 3149 217 3217 itque,
236 3143 267 3206 in
289 3143 361 3207 aliis
384 3144 489 3207 tribus
513 3147 546 3207 et
568 3142 748 3206 Franciano
773 3163 944 3227 delinquont.
979 3143 1074 3206 Patet
1097 3147 1304 3224 nequeenim

144 3234 277 3313 iltcodice
316 3251 495 3332 archetypo
531 3249 629 3313 fuisse
664 3268 770 3329 neque
805 3249 942 3330 simplex
979 3270 1088 3334 treptie,
1124 3250 1183 3314 sed
1218 3250 1303 3313 birni

145 3362 217 3430 tque,
238 3357 323 3437 quod
347 3357 511 3421 interdum
536 3376 555 3419 a
580 3356 718 3419 librariis
742 3360 930 3437 corruptum
954 3360 1004 3419 est
1027 3358 1147 3437 purtim
1171 3363 1305 3438 propter

145 3446 262 3526 ductuum
296 3463 541 3528 similitudinem
577 3463 730 3543 aliquam,
766 3463 896 3545 partim,
933 3464 1110 3526 recentiore
1146 3467 1303 3545 tempore,
1335 3487 1337 3490 ·

145 3564 205 3633 quod
221 3570 428 3652 requirebant
450 3589 547 3653 ireque
579 3569 671 3644 eninr,
707 3569 785 3632 illud
816 3568 953 3633 alterum
983 3572 1193 3651 respuebant.
1239 3570 1305 3633 Sed

145 3656 214 3735 lubet
231 3676 262 3739 id
283 3697 382 3742 suum
411 3681 444 3741 et
475 3677 644 3759 proprium
676 3677 793 3751 locum,
830 3676 885 3739 ubi
916 3678 949 3739 in
981 3676 1105 3739 ratione
1137 3676 1305 3740 reddenda

147 3763 189 3836 fluo
206 3785 343 3849 membra
367 3784 516 3865 aequalia,
552 3783 716 3846 interdum
746 3783 843 3847 etiam
869 3785 1040 3858 contraria,
1077 3782 1305 3864 distinguenda

148 3886 205 3945 sunt
231 3889 310 3956 Nam
335 3891 489 3973 quoniam
514 3911 610 3975 ireque
634 3891 716 3951 enirn
739 3891 772 3952 in
797 3909 861 3954 uno
886 3891 984 3954 etiam
1007 3889 1303 3965 membro‘dicitur,
1318 3912 1359 3949 nr

148 3997 217 4058 quum
235 4017 327 4083 acquic
351 4001 433 4061 enim
463 4033 505 4042 —
535 4018 631 4082 treptie
660 3996 820 4072 scribitur,
857 3998 995 4061 alterum
1026 3997 1129 4079 magis
1158 3994 1305 4059 adlraeret

149 4150 370 4183 &—

171 4259 186 4328 il
197 4270 242 4329 lon
257 4296 344 4345 causa,
365 4282 464 4335 curiis
483 4297 536 4334 vox
556 4280 664 4343 serviat,
685 4280 821 4334 indicatur
839 4279 900 4345 (uec
920 4280 1004 4332 addas
1018 4281 1086 4337 idem
1107 4294 1156 4331 nec
1169 4282 1305 4329 nostrates

200 4360 299 4424 dicerent
314 4373 400 4437 sordi,
428 4372 475 4424 sed
502 4373 586 4435 siden,
615 4386 677 4437 quae
695 4369 895 4422 Germanorum
921 4385 976 4422 una
995 4383 1047 4420 vox
1067 4369 1124 4420 weil
1143 4363 1304 4433 coniungit);

201 4447 240 4506 h0t
254 4462 357 4513 tantum
377 4460 429 4513 dici
448 4466 570 4528 poterat:
600 4459 736 4526 Tempora
756 4475 788 4511 ea
807 4464 880 4522 suut,
908 4462 938 4511 ut
957 4473 1049 4524 cogam
1078 4455 1149 4523 quod
1175 4454 1305 4522 quoniam

203 4535 230 4591 lla
245 4552 286 4611 tat,
304 4549 335 4602 iis
354 4549 527 4618 potissimum
547 4555 598 4603 cet.
