2948 5206
666 320 732 388 225

147 507 186 575 bur
200 512 306 579 Latinis
336 515 518 582 coloniariis
547 516 729 582 assimulati
758 517 920 583 dicuntur.
931 512 957 598 ¹)
1002 517 1050 582 De
1077 519 1155 599 ipsis
1184 521 1296 582 autem

89 646 96 717 t*
144 617 176 682 lis
191 620 355 686 colomariis
377 624 447 687 tam
470 643 575 705 pauca
600 623 762 700 dicuntur,
787 628 823 688 ut
846 643 902 689 eos
926 623 1009 688 ullos
1033 623 1132 688 fuisse
1155 643 1194 688 eo
1210 627 1296 689 tem·

89 730 93 831 j
139 743 197 805 pore,
226 746 286 809 quo
308 727 436 794 Iuniani
466 734 568 808 erant,
603 730 638 795 id
661 734 711 795 est
733 731 979 814 imperatorum,
1015 734 1046 794 et
1070 733 1239 813 proprium
1261 732 1296 795 in

138 830 183 896 iure
202 833 420 900 Romanorum
449 836 556 901 locum
584 839 727 902 tenuisse
757 837 907 902 dubitare
942 838 1054 919 possit,
1090 837 1145 919 qui
1180 837 1295 902 oblivi-

136 943 218 1016 sutur,
250 942 375 1023 scripta
401 942 480 1008 iuris
510 943 662 1021 Romani,
698 963 772 1026 quae
800 964 859 1009 nos
889 943 1060 1020 habemus,
1096 963 1136 1008 ex
1160 963 1199 1008 ea
1223 964 1296 1010 esse

134 1047 207 1123 uate,
229 1067 294 1128 qua
319 1046 433 1113 civitas
456 1049 578 1132 ubique
601 1071 661 1133 per
684 1050 866 1133 provincias
886 1070 1003 1133 sparsa
1019 1050 1090 1114 haec
1109 1050 1295 1116 discrimina

133 1151 215 1217 uisiin
236 1154 396 1220 libertinis
419 1156 606 1221 sustulerat.
653 1158 718 1222 Sed
742 1165 852 1222 tamen
877 1164 909 1221 et
933 1157 1032 1222 Gaius
1056 1156 1203 1222 nominat
1222 1177 1295 1223 cum

132 1256 237 1325 iunianis
270 1264 429 1344 tanquam
470 1263 615 1328 diversos
655 1267 689 1329 et
723 1268 834 1328 tamen
869 1262 1016 1328 eiusdem
1051 1264 1222 1346 temporis,
1263 1267 1296 1329 et

132 1362 255 1447 llpianus
290 1368 329 1432 iis
364 1369 595 1434 commercium
631 1390 704 1434 cum
740 1370 865 1435 civibus
898 1363 1057 1451 tribuit.²)
1103 1369 1217 1452 Neque
1250 1370 1295 1434 illi

131 1469 166 1535 rii
181 1492 245 1538 esse
266 1479 404 1556 possunt
436 1496 536 1558 quam
565 1496 678 1541 earum
708 1477 874 1542 civitatum
903 1477 1062 1553 homines,
1098 1476 1216 1559 quibus
1244 1476 1294 1542 ius
1309 1495 1350 1537 ue

93 1586 100 1603 ’
132 1575 187 1642 letii
204 1580 317 1645 datum
341 1587 421 1660 erat,
452 1583 586 1648 ductum
615 1604 635 1648 a
664 1582 796 1648 coloniis
820 1583 953 1648 Latinis
999 1583 1068 1648 lam
1097 1582 1295 1648 Niebuhrius

89 1736 93 1783 ι
133 1682 283 1752 uuomm
307 1688 517 1754 lunianorum
541 1692 663 1754 statum
692 1690 976 1754 accommodatum
1008 1692 1104 1772 putat
1134 1689 1176 1754 ad
1208 1690 1295 1754 colo·

133 1789 224 1858 niumm
246 1795 377 1860 illarum
401 1796 728 1879 Transpadanorum,
765 1797 883 1861 harum
919 1800 1029 1861 autem
1065 1797 1209 1879 ipsarum
1244 1797 1294 1860 ius

135 1893 238 1964 luerim
271 1922 373 1985 quam
396 1907 543 1968 veterum
567 1903 755 1967 Latinorum
788 1906 865 1968 ante
898 1903 1003 1986 legem
1034 1903 1148 1968 Iuliam
1184 1903 1293 1980 fuisse,

136 2004 193 2081 tud
210 2008 369 2074 connubio
392 2013 518 2074 careret
542 2014 575 2074 et
597 2009 759 2092 isopolitia
782 2010 846 2086 illa,
877 2010 1143 2092 appellatumque
1166 2011 1198 2074 in
1223 2009 1294 2074 loco

139 2111 239 2188 uolam
261 2135 381 2181 manco
404 2114 485 2195 Gaii,
510 2135 606 2199 quem
631 2116 784 2198 supplere
807 2117 928 2182 studet.
960 2115 1090 2180 Latium
1113 2118 1228 2193 minue,
1258 2119 1294 2181 ut

140 2215 215 2283 uuori
245 2223 443 2287 contrarium
478 2216 609 2303 esset.³)
663 2223 697 2286 ln
734 2241 798 2303 quo
832 2226 1054 2305 praeterquam
1089 2222 1176 2303 quod
1211 2220 1294 2287 alius

142 2405 361 2426 *Q*-

160 2526 176 2596 ¹)
186 2534 267 2594 Omitto
295 2540 322 2594 in
350 2540 402 2605 his,
431 2557 492 2609 quae
515 2542 626 2610 vulgata
644 2546 717 2604 sunt,
746 2542 965 2596 testimoniorum
994 2541 1293 2596 commemorationem.

189 2625 248 2690 uuor
272 2629 307 2684 ad
335 2646 436 2683 nomen
465 2629 570 2692 attinet,
599 2633 732 2685 colonomi
754 2632 928 2700 appellantur
951 2632 979 2685 in
998 2632 1107 2700 Ulpiani
1131 2638 1158 2686 et
1182 2632 1294 2686 alterius

190 2713 348 2772 iurisconsulti
375 2719 544 2787 fragmentis,
572 2737 632 2788 quae
661 2737 725 2774 mox
752 2721 850 2784 citabo,
879 2722 1022 2775 cotoniarii
1048 2738 1065 2774 a
1093 2721 1159 2775 Gaio
1187 2721 1294 2790 saepius,

190 2804 277 2865 veriore¹
297 2814 328 2861 ut
346 2808 452 2877 opinor,
471 2808 568 2871 forma,
588 2826 604 2862 a
622 2811 739 2868 colonum
759 2810 853 2875 altera,
873 2812 907 2863 ab
927 2827 959 2864 eo
978 2811 1052 2879 quod
1067 2814 1108 2863 est
1122 2811 1239 2873 colonus,
1258 2810 1293 2862 ab

192 2889 234 2946 alb
248 2896 421 2966 scriptoribus
441 2896 575 2951 inferioris
594 2898 681 2951 aetatis
701 2898 734 2951 de
754 2897 786 2951 iis
804 2899 923 2967 ponitur,
943 2916 1005 2967 quae
1017 2899 1053 2951 ad
1066 2899 1183 2963 colonos,
1203 2899 1229 2951 id
1243 2903 1293 2962 est,

192 2983 281 3039 rusticos
298 2986 445 3055 pertinent.

168 3055 257 3126 'lircil
277 3073 293 3140 ἓ
310 3074 360 3128 29:
387 3079 505 3129 minores
527 3078 643 3142 triplnto
667 3093 803 3129 uncorum
827 3079 991 3129 manumissi
1013 3084 1037 3128 et
1061 3078 1157 3129 Latini
1177 3078 1247 3143 sueti
1269 3078 1295 3129 st

194 3172 265 3216 werce
281 3167 411 3218 duoerint
428 3166 468 3217 cd
485 3168 553 3217 cioca
572 3166 712 3218 Romanoa
733 3167 773 3218 uel
791 3165 908 3218 Latinos
932 3167 1096 3219 cotoniarios
1119 3166 1158 3218 oet
1176 3167 1294 3218 eiusdem

194 3251 336 3322 andoenum
355 3258 434 3308 cutus
452 3263 475 3307 et
495 3257 550 3322 iper·
567 3261 652 3307 essent
678 3258 729 3307 cet.
747 3253 855 3322 Ulpian.
868 3253 975 3321 Fragm.
989 3254 1058 3318 xlx,
1077 3252 1106 3307 4:
1126 3255 1294 3321 Maucipotio

193 3330 254 3390 bum
278 3343 355 3397 louet
384 3347 454 3396 inter
481 3347 549 3396 cioca
577 3344 714 3415 Romanoa
746 3351 770 3394 et
804 3344 918 3397 Latinos
950 3345 1101 3411 cotomortoa
1129 3344 1294 3410 Latinosque

194 3421 298 3484 llnlcnoa
316 3449 411 3500 eoaque
424 3435 594 3500 pereyo-tuoe,
613 3432 710 3500 quibus
729 3434 916 3484 commercium
934 3433 1029 3484 dotum
1047 3440 1093 3485 eet.

168 3492 262 3581 llutos,
280 3519 325 3588 qui
344 3525 386 3573 est
405 3519 451 3574 lib.
471 3520 481 3573 l
501 3518 573 3586 596,
592 3518 620 3572 in
639 3520 758 3573 editione
778 3519 931 3573 Goescbenii
950 3536 983 3573 ex
1002 3519 1104 3583 codice,
1123 3518 1294 3588 precedente

194 3595 273 3668 uuna,
291 3609 329 3662 sic
347 3609 488 3663 scribitur:
508 3637 541 3645 -
555 3635 589 3644 —
604 3637 636 3644 -
656 3611 848 3675 magistratum
866 3617 972 3675 peruret,
992 3612 1125 3662 ciuitatem
1142 3609 1292 3661 Romanam

194 3704 372 3765 coquuntur,
401 3702 492 3752 miuus
516 3700 602 3752 lotum
625 3695 760 3762 (Blumius
779 3696 808 3748 in
827 3698 885 3750 cod.
905 3697 969 3765 legit
987 3696 1093 3762 luctum)
1112 3704 1159 3764 eet,
1188 3713 1248 3748 cum
1266 3698 1296 3747 tn·

195 3782 280 3849 buum,
297 3790 345 3857 qui
362 3789 402 3841 ccl
420 3790 612 3856 mooietrotum
631 3789 670 3840 oet
683 3789 809 3840 bonorem
824 3795 930 3854 peruret,
950 3789 986 3839 od
998 3790 1130 3840 mmtatem
1142 3788 1294 3839 Romanam

191 3877 327 3929 motum.
365 3876 396 3930 ld
415 3877 438 3930 is
457 3878 495 3930 ita
514 3877 570 3930 iere
594 3876 779 3945 supplendum
799 3879 891 3943 putat:
922 3876 1014 3927 Maius
1038 3878 1150 3928 Latium
1176 3882 1294 3939 coeatur,

194 3970 236 4008 tvm
250 3967 393 4035 quicunque
411 3967 504 4020 Romoe
522 3983 621 4018 murrue
644 3968 760 4032 faciunt,
788 3981 842 4016 mon
861 3964 1023 4029 bitontum,
1051 3968 1099 4033 qui
1117 3966 1295 4032 mopietrolue

195 4059 277 4119 omum,
301 4057 434 4109 cicitmm
459 4056 533 4109 Rom.
558 4062 773 4123 cmrscquuntur‚·
800 4055 891 4104 enimus
915 4053 1026 4104 Latium
1049 4061 1087 4105 eet
1110 4056 1161 4105 cet.
1206 4048 1295 4117 [Nunc

196 4129 237 4188 Gall
250 4138 316 4196 locus
340 4160 355 4197 e
379 4143 472 4197 codice
496 4160 512 4196 a
535 4143 726 4197 Studemundo
751 4142 789 4195 sic
813 4140 955 4209 suppletus
981 4145 1034 4192 est:
1063 4143 1119 4193 Aut
1144 4142 1234 4192 moiue
1257 4146 1296 4191 eet

197 4219 279 4281 lotium
295 4240 341 4285 out
360 4236 467 4295 memus,-
485 4236 575 4286 maius
593 4241 631 4285 eet
651 4234 771 4298 Latium,
791 4249 851 4283 cum
869 4237 894 4282 et
912 4231 949 4296 ui,
969 4232 1018 4298 qui
1029 4230 1184 4282 decuriones
1203 4228 1295 4293 cyon-

197 4313 236 4374 iW,
249 4323 268 4367 el
283 4322 311 4385 ci,
335 4324 383 4389 qui
400 4322 528 4375 honorem
546 4323 663 4390 aliquem
682 4328 731 4373 out
750 4323 942 4387 mopietratum
959 4325 1066 4385 yeruut,
1091 4319 1224 4369 deitatem
1243 4317 1295 4368 Ro·

199 4412 280 4456 mmm
296 4417 509 4478 consequentum
527 4412 617 4463 vuinus
637 4411 749 4462 Latium
768 4416 814 4475 eat,
834 4426 894 4461 cum
913 4413 963 4460 cet.
996 4407 1117 4475 Apparet
1135 4408 1225 4458 totum
1243 4404 1295 4456 hoc

199 4489 302 4549 bertum
320 4498 353 4550 ad
372 4498 519 4552 discrimen
539 4498 649 4566 aliquod
670 4497 787 4560 illorum,
807 4496 907 4565 quibus
926 4495 1039 4549 Caesaris
1059 4501 1085 4548 et
1098 4494 1296 4562 imperatorum

200 4576 336 4645 tenporibus
354 4587 488 4641 Latinitas
508 4587 655 4641 coloniaria
675 4586 801 4650 dabatur,
831 4601 917 4654 quum
941 4584 1000 4638 aliis
1019 4582 1143 4652 amplior,
1171 4582 1232 4636 aliis
1250 4596 1297 4635 an-

1044 4670 1077 4724 15
