2948 5206
649 331 711 396 541

133 550 142 569 ·
262 527 382 609 Accipe
405 546 492 590 nunc
516 531 613 590 artes.
659 527 709 591 Ne
732 526 809 609 quid
833 528 892 591 tibi
916 527 1062 592 conserat
1085 526 1157 597 iste,

262 632 367 711 Quem
392 633 470 698 colis
495 637 527 696 et
551 634 719 697 Musarum
743 638 776 698 et
799 634 958 716 Apollinis
981 634 1052 697 aede
1076 632 1198 701 relicta.

262 740 336 822 lpse
360 739 438 804 lacit
462 760 574 804 versus
598 745 659 804 cet.

115 914 195 979 ¹’lacet
215 916 264 979 his
289 918 483 981 subnectere
509 917 625 995 locum,
651 917 683 980 in
707 937 771 998 quo
794 917 940 1000 syntaxis
965 916 1070 982 forma
1087 918 1281 998 interpretes

115 1021 205 1087 'elellit
250 1023 285 1087 ln
309 1023 411 1089 satira
434 1025 540 1107 prima
564 1044 660 1088 versu
687 1024 749 1088 155
773 1044 844 1106 sqq.
868 1026 939 1089 haec
963 1023 1130 1107 leguntur:

261 1200 352 1264 Pone
377 1201 590 1283 Tigellinum:
614 1203 703 1266 taeda
725 1202 849 1266 lucebis
872 1202 905 1265 in
928 1200 993 1275 illa,

262 1306 337 1385 Qua
360 1311 485 1371 stantes
510 1309 635 1385 ardent,
661 1309 715 1391 qui
739 1310 803 1372 lixo
827 1310 957 1389 gutture
980 1307 1119 1381 fumant,
1186 1405 1189 1411 Ι

262 1414 303 1478 ut
327 1414 429 1477 latum
454 1415 563 1479 media
586 1416 712 1479 sulcum
735 1415 861 1479 diducis
884 1433 995 1478 arena.

115 1586 153 1651 Sic
170 1592 245 1655 enim
269 1591 450 1674 Rupertius
474 1594 506 1656 in
530 1594 674 1658 secunda
698 1594 839 1658 editione
862 1593 1000 1675 scripsit,
1030 1591 1171 1669 diducis;
1202 1591 1283 1656 Ges·

115 1710 188 1759 uerus
208 1702 239 1761 et
261 1698 316 1762 alii
341 1698 471 1763 deducis
494 1701 591 1764 scribi
616 1701 751 1778 malunt,
776 1701 942 1765 hominem
965 1719 1050 1764 unco
1067 1718 1126 1781 per
1148 1718 1282 1763 arenam

118 1805 226 1867 tractum
249 1805 482 1887 intelligentes;
512 1827 594 1889 quos
626 1827 739 1872 omnes
763 1807 928 1888 redarguit
951 1825 1018 1869 non
1042 1809 1109 1869 tarn
1134 1805 1283 1870 codicum

116 1910 274 1988 auctoritas,
317 1913 447 1976 tertiani
482 1913 578 1978 huius
619 1914 711 1978 verbi
751 1933 926 1995 personam
965 1912 1143 1983 tuentium,
1183 1931 1282 1993 quam

115 2018 296 2091 grammatica
320 2019 404 2084 ratio
428 2021 566 2102 simplex
590 2024 622 2084 et
646 2024 778 2102 aperta3
804 2040 903 2102 quam
927 2018 1014 2082 eninr
1038 2019 1281 2083 excusationem
1298 2036 1336 2074 m

115 2115 196 2198 tabet
221 2143 330 2204 quem,
365 2130 401 2190 ut
426 2148 499 2190 curu
523 2127 708 2191 rhetoribus
732 2127 858 2208 loquar,
894 2126 1034 2189 colorem
1060 2124 1173 2206 recipit
1197 2144 1282 2207 prae-

116 2240 169 2289 tens
187 2229 259 2294 illud
290 2251 364 2294 cum
397 2232 505 2296 luturo
537 2234 755 2309 coniunctum,
791 2233 852 2296 hoc
884 2231 1016 2313 quidem
1047 2231 1282 2295 sententiarum

116 2346 185 2407 nexu,
205 2337 267 2412 ubi,
293 2338 399 2419 posito
423 2339 626 2421 imperativo,
651 2341 728 2421 quid
752 2341 913 2404 actionem
937 2341 994 2402 aut
1012 2343 1166 2403 conatum
1189 2358 1283 2402 secu-

118 2438 198 2504 turum
219 2444 269 2519 sit,
294 2445 498 2509 ostenditur?
527 2447 593 2510 Nec
617 2467 672 2511 eos
696 2466 783 2510 nunc
807 2444 1000 2510 refellendos
1017 2448 1107 2526 puto,
1132 2446 1197 2526 qui,
1222 2444 1284 2509 hoc

118 2543 314 2614 animadverso
339 2552 554 2628 incommodo,
590 2552 692 2628 obliti,
728 2552 806 2634 quid
836 2556 922 2616 esset
945 2571 1063 2634 portare
1092 2552 1227 2635 aliquem
1252 2556 1284 2614 et

119 2649 176 2725 luid
193 2657 369 2736 postularet
392 2659 536 2722 secunda
561 2660 661 2733 verbi,
687 2660 774 2741 quod
798 2664 848 2723 est
865 2680 957 2743 pone,
989 2677 1138 2739 persona,
1170 2676 1284 2721 eversa

118 2749 226 2841 denque
247 2765 337 2827 omni
362 2765 423 2828 loci
446 2768 618 2843 sententia,
651 2767 766 2829 lucebis
789 2770 952 2829 mutatum
976 2766 1084 2829 icrunt
1107 2764 1140 2827 in
1163 2764 1283 2840 lucebit,

117 2863 144 2921 tlt
161 2864 269 2932 diducet
292 2870 396 2934 altero
419 2871 489 2936 loco
518 2872 615 2936 scribi
645 2880 766 2954 posset,
802 2874 956 2954 quoniam
986 2870 1115 2934 didaces
1143 2873 1283 2934 metrum

117 2968 235 3039 excludit.
280 2975 529 3041 Delendcndurn
546 2980 643 3060 igitur
659 2979 719 3043 erit
740 2979 874 3055 deducit,
900 2979 989 3060 quod
1005 2978 1133 3043 codices
1149 2977 1283 3054 habent,

117 3071 141 3132 tl
166 3077 393 3147 defendendum
434 3086 680 3150 accommodate
723 3086 765 3149 ad
799 3106 879 3149 rem.
938 3085 1152 3149 Consentiunt
1187 3085 1283 3161 enirn,

116 3175 256 3257 Sitltificari
293 3190 550 3255 crudelissimum
587 3193 665 3257 illud
700 3192 848 3274 supplicii
883 3211 995 3273 genus,
1031 3211 1095 3273 quo
1130 3192 1217 3255 Nero
1252 3191 1284 3254 in

117 3276 287 3372 Ctr'stianis,
323 3297 377 3360 alii
409 3297 442 3361 in
467 3299 537 3363 aliis
561 3302 611 3363 usi
634 3305 720 3376 sunt,
744 3304 781 3364 ut
803 3298 922 3375 miseri,
958 3299 1068 3379 stipite
1091 3317 1150 3379 per
1173 3300 1285 3379 guttur

117 3387 213 3478 adileto,
235 3402 380 3466 tunicam
403 3405 508 3469 induti
524 3405 606 3487 ignis
623 3405 785 3468 alimentis
800 3404 924 3481 illitam,
950 3405 992 3468 ad
1016 3405 1127 3485 palum
1152 3403 1283 3485 deligati

118 3494 142 3554 tl
158 3500 261 3572 defossi
285 3509 549 3589 destituerentur,
586 3513 659 3593 igne
689 3511 898 3575 circumdato
946 3509 1040 3591 (vid,
1077 3530 1159 3591 quos
1184 3511 1283 3573 inter·

119 3610 198 3676 nutes
218 3615 268 3678 hic
292 3616 460 3697 appellant
484 3618 581 3682 etad
605 3620 684 3695 Vlll,
710 3616 798 3698 235.)
840 3617 992 3681 Defensio
1016 3621 1127 3681 autem
1152 3617 1284 3680 inventa

119 3709 167 3789 uit,
185 3720 310 3787 invento
334 3722 481 3787 subiecto
506 3725 605 3802 verbi,
635 3726 722 3806 quod
747 3729 796 3788 cst
819 3724 955 3787 (leducat.
1002 3723 1037 3787 ld
1066 3723 1282 3804 repetendum

118 3820 151 3881 bl
168 3843 200 3889 er
221 3850 282 3912 quo
307 3848 347 3892 ea
369 3831 505 3906 ratione,
531 3852 594 3912 (pua
620 3831 806 3912 frequenter
829 3834 862 3894 et
885 3831 973 3911 apud
995 3831 1125 3894 Graecos
1145 3833 1177 3893 et
1196 3829 1284 3910 apud

115 3918 216 3998 lauros
249 3936 422 4000 relativum
453 3938 554 4001 semel
584 3939 724 4019 positum
755 3938 797 4001 ad
827 3938 964 4000 alterum
995 3936 1148 4000 orationis
1178 3955 1283 3999 mern·

115 4029 266 4106 brumalia
291 4061 369 4105 casu
394 4045 533 4117 auditur,
558 4065 618 4107 nec
641 4064 715 4107 raro
734 4064 782 4121 ea,
808 4064 872 4125 qua
891 4045 951 4120 hic,
977 4043 1092 4121 forma,
1118 4051 1154 4106 ut
1177 4042 1282 4106 norni-

115 4144 212 4210 ulirus
246 4168 287 4211 ex
322 4169 400 4213 casu
435 4151 566 4231 obliquo
602 4155 744 4214 cruatur.
803 4151 855 4214 Sic
889 4151 951 4215 hoc
986 4151 1117 4215 dicitur:
1154 4157 1181 4212 et
1215 4171 1285 4233 quta

115 4251 203 4316 doum
225 4254 354 4318 detlucit
378 4257 483 4319 irradio
508 4279 617 4320 ‹rr-cau..
675 4258 769 4321 Hunc
793 4258 918 4320 sulcum
944 4257 1084 4321 ducebat
1107 4256 1194 4318 taeda
1218 4254 1282 4329 illa,

115 4379 184 4425 uum
217 4361 329 4442 plures
364 4361 512 4426 homines
548 4366 701 4428 continua
735 4366 818 4428 serie
854 4365 973 4427 defossi
1009 4362 1180 4426 ardebant.
1237 4361 1284 4425 De

115 4467 237 4533 ationis
261 4467 361 4549 paulo
385 4468 623 4550 negligentioris
656 4472 770 4546 torma,
807 4470 894 4551 (guod
924 4470 966 4531 ad
997 4469 1126 4532 Graecos
1157 4469 1283 4543 attinet,

115 4577 158 4642 tis
182 4575 245 4638 erit
268 4593 308 4637 ac
332 4575 439 4655 potius
463 4574 536 4655 plus
561 4596 658 4657 quam
689 4577 768 4639 satis
792 4576 994 4639 Matthiaeum
1025 4575 1142 4638 citasse
1166 4577 1283 4638 testem
