2948 5206
681 267 724 332 87

140 462 272 548 probabile
295 480 368 528 esse
391 461 529 540 viduus,
560 480 591 526 a·
607 463 735 527 seniore
757 466 833 545 post
856 464 987 530 tabulas
1009 465 1167 548 scriptum
1190 469 1304 533 statui·

139 589 199 636 nu.
224 569 269 635 De
290 589 357 652 quo
380 587 480 652 opere
503 571 696 651 praeterea,
720 589 794 651 quae
812 571 961 653 exposita
977 574 1063 649 sunt,
1087 571 1167 636 nihil
1184 573 1303 651 habeo,

139 676 202 761 qood
218 676 331 741 dicam.
378 675 462 741 Illud
484 695 525 740 ex
547 676 597 753 iis,
633 674 718 758 quae¹
731 675 852 740 Gellius
875 675 927 754 ΙΠ,
966 677 1004 740 11
1029 677 1118 755 citat,
1153 684 1302 762 apparet,

139 783 230 867 frigidis
250 782 384 865 argutiis
406 783 707 865 grammaticorum,
742 803 824 865 quas
856 782 928 864 quis
957 803 977 847 a
1004 787 1103 866 poeta
1132 784 1173 849 de
1196 789 1303 868 poetae

138 910 209 974 opere
226 889 387 956 scribente
402 890 457 953 rix
474 892 688 971 exspectaret,
713 909 780 954 non
797 890 953 954 caruisse.
988 889 1037 954 lix
1053 891 1173 973 qrubus
1191 895 1304 958 tamen

137 997 216 1062 robus
235 996 275 1061 de
296 997 369 1080 ipso
397 994 478 1060 Attii
506 995 636 1077 ingenio
664 995 791 1077 poetico
822 997 1042 1060 coniecturam
1072 996 1240 1077 faciemus,
1275 1002 1303 1064 si

136 1104 358 1181 meminerimus,
392 1102 426 1167 in
455 1102 583 1167 erudita
611 1101 666 1167 ille
696 1103 876 1185 quaestione
905 1121 981 1167 eum
1004 1104 1074 1168 sine
1097 1104 1207 1183 dubio,
1242 1122 1302 1171 suo

135 1228 208 1274 sensu
227 1210 366 1288 excluso,
401 1209 444 1274 ad
466 1208 596 1273 illorum
625 1208 849 1274 Graeculorum
877 1210 1037 1277 rationem
1065 1230 1101 1275 se
1130 1230 1303 1295 composu-

136 1316 190 1393 isse,
216 1317 267 1400 qui
298 1317 446 1381 carmina
476 1318 607 1380 vetusta
636 1319 795 1398 tanquam
827 1315 985 1380 formulas
1015 1317 1140 1382 raoulae
1168 1318 1303 1385 alicuius

135 1423 207 1488 anxio
236 1422 371 1488 artificio
406 1425 603 1506 compositas
637 1425 780 1487 tractare
814 1422 973 1488 solebant.
983 1416 1009 1504 ¹)
1063 1423 1143 1489 Post
1175 1425 1302 1514 Attium

134 1528 232 1607 unita
264 1529 324 1595 sed
355 1530 419 1595 alio
449 1529 614 1623 modoet,
648 1532 687 1594 ut
710 1529 847 1606 videtur,
882 1532 1012 1594 tantum
1036 1530 1162 1608 Latina,
1198 1531 1302 1597 Varro
1315 1546 1357 1587 ιθ

134 1637 253 1717 exposuit
273 1636 365 1702 libris
388 1636 430 1701 de
453 1637 568 1720 poetis,
601 1636 642 1700 de
672 1635 807 1700 scenicis
830 1636 1018 1719 originibus,
1054 1636 1095 1701 de
1118 1638 1301 1702 actionibus

133 1742 248 1821 motois,
270 1745 489 1826 questionum
512 1743 749 1808 Plautinarum.

198 1847 419 1932 Pragmaticon
453 1849 527 1934 libri
560 1850 652 1927 Attii,
689 1852 726 1913 ut
756 1850 876 1927 omnia,
912 1870 985 1933 quae
1020 1849 1054 1914 in
1086 1852 1150 1915 hoc
1183 1870 1300 1933 genere

133 1954 242 2036 scripsit,
275 1956 563 2039 comprehendam,
598 1955 713 2038 quales
742 1955 872 2035 fuerint,
908 1957 1059 2022 cunstitui
1082 1958 1203 2039 nequit,
1239 1958 1331 2023 nisi·

133 2060 206 2140 quod
231 2067 265 2128 ut
287 2064 354 2128 iam
377 2083 478 2145 supra
501 2063 577 2140 dixi,
608 2067 744 2127 eatenus
767 2062 1010 2133 similitudinem
1035 2062 1178 2146 aliquam
1203 2084 1300 2147 argu·

134 2169 211 2232 nenti
231 2188 302 2235 cum
326 2168 532 2235 didascalicis
558 2169 713 2234 habuisse
736 2172 839 2252 patet,
874 2173 911 2234 ut
939 2170 974 2234 in
1001 2169 1040 2233 iis
1070 2170 1111 2234 de
1139 2190 1238 2236 scena
1268 2174 1301 2236 et

134 2269 208 2338 mirus
236 2276 370 2375 scenicis
404 2277 560 2357 scripturn
603 2279 698 2365 esset.
756 2276 912 2340 Versibus
953 2277 1150 2359 compositos
1189 2277 1299 2354 luisse,

155 2549 173 2619 ¹)
183 2557 328 2627 Antequam
347 2576 365 2612 a
381 2559 552 2614 didascalicis
576 2558 694 2623 discedo,
722 2559 880 2615 addendum
904 2558 1006 2628 aliquid
1030 2558 1065 2613 de
1087 2575 1160 2613 anno
1183 2558 1300 2623 ridetur,

184 2645 274 2716 inquo
293 2648 386 2702 Attius
404 2648 513 2702 errarit
550 2647 678 2703 Osannus
697 2648 780 2714 enim,
804 2654 950 2718 postquam
974 2647 1158 2717 disputatione
1180 2664 1236 2702 non
1255 2665 1300 2702 ne

184 2736 289 2790 maria
307 2736 376 2790 Attii
394 2736 537 2801 rationem,
557 2753 641 2813 quarn
660 2753 744 2806 supra
762 2739 869 2793 ostendi
888 2743 996 2792 tautum
1016 2737 1186 2806 negligentiae
1199 2737 1300 2802 deberi,

184 2823 278 2890 refellit,
307 2825 382 2894 quod
404 2824 443 2879 ita
466 2825 570 2879 iactum
593 2830 687 2879 erata
707 2825 844 2892 Cicerone,
872 2828 1018 2881 accedente
1037 2825 1166 2880 Varronis
1185 2826 1300 2880 auctori·

183 2915 229 2965 tate
246 2918 273 2966 et
296 2914 422 2968 omnium
445 2919 599 2968 ceterarum
623 2930 715 2968 rerum
739 2915 843 2980 ordine,
871 2921 902 2971 ut
929 2916 1007 2970 noris
1034 2914 1203 2983 argumentis
1230 2931 1299 2984 opus

183 3015 229 3055 non
247 3006 326 3067 esset,
345 3002 444 3056 saltem
463 3018 519 3056 non
538 3002 578 3068 iis,
598 3019 660 3071 quae
673 3004 804 3072 exipsius
817 3004 955 3058 Ciceronis
973 3003 1136 3057 testimoniis
1155 3003 1182 3058 in
1196 3003 1299 3058 Catone

183 3088 346 3155 ducerentur,
368 3092 404 3145 ad
423 3095 577 3146 extremum
596 3108 720 3159 quaerere
738 3092 864 3158 institnit,
883 3093 984 3157 fabula,
1008 3109 1092 3161 quam
1112 3098 1202 3147 actam
1221 3093 1299 3147 Cleu-

182 3177 218 3231 110
243 3184 271 3232 el
297 3179 460 3250 Sempronio
488 3197 555 3234 coss.
584 3179 640 3234 iam
668 3187 783 3246 constat,
811 3198 920 3236 annone
948 3181 1000 3234 514
1028 3198 1063 3235 an
1091 3179 1143 3233 513
1171 3185 1233 3234 acta
1256 3181 1298 3245 sit,

182 3281 258 3336 coque
281 3268 435 3334 deducitur,
464 3274 502 3334 ut,
531 3268 662 3337 quoniam
686 3269 790 3325 Ennius
814 3275 894 3325 natus
918 3271 1000 3325 luerit
1019 3287 1043 3324 a
1063 3269 1114 3322 514
1133 3269 1253 3324 Mamilio
1272 3276 1299 3324 et

182 3355 279 3412 Valerio
297 3375 375 3423 eom,
394 3359 417 3412 is
435 3363 528 3412 autern
548 3364 630 3413 natus
648 3361 773 3415 tradatur
790 3377 864 3415 anno
876 3365 938 3430 post
956 3361 1073 3430 primam
1087 3359 1218 3423 fabulam,
1237 3375 1299 3414 eam
1342 3402 1345 3409 .

181 3461 201 3499 a
217 3446 267 3500 513
294 3452 386 3502 actam
413 3451 529 3511 statuat,
557 3464 760 3519 numerumque
787 3450 816 3503 in
843 3450 929 3505 Bruto
952 3448 1088 3504 Ciceronis
1112 3453 1140 3503 et
1162 3448 1248 3503 alium
1270 3448 1299 3502 in

181 3534 273 3591 Catone
302 3540 405 3594 mutet;
438 3536 531 3605 eique,
563 3553 625 3605 quoe
652 3539 726 3610 mihi⁸
747 3556 831 3593 causa
857 3538 988 3592 monendi
1015 3537 1080 3603 luit,
1112 3538 1299 3593 assentiuntur

180 3622 289 3695 langius
307 3625 387 3679 Vind.
406 3625 485 3694 Trag.
504 3626 583 3679 Rom.
603 3627 659 3696 p.4
679 3627 766 3683 notio
785 3633 812 3682 et
830 3627 1001 3681 Weichertus
1021 3627 1055 3680 de
1074 3627 1164 3680 Loevio
1181 3643 1241 3696 pag.
1254 3624 1297 3679 48.

181 3711 308 3782 ignorarit
331 3715 422 3783 igitur,
450 3714 498 3782 qui
517 3714 551 3768 de
570 3715 746 3784 chronologia
764 3715 904 3785 disputare
931 3715 1025 3791 voluit,
1055 3716 1122 3769 nihil
1145 3716 1216 3770 inter
1240 3704 1300 3768 haec

180 3799 314 3861 interm
338 3820 372 3857 ex
391 3802 560 3856 Varroniano
579 3804 692 3869 ratione,
714 3822 797 3874 quam
816 3805 923 3858 Atticus
947 3809 974 3858 et
992 3805 1085 3858 Cicero
1104 3803 1297 3871 sequebantur,

181 3906 200 3945 a
212 3891 262 3945 514
281 3892 342 3946 illos
361 3891 488 3945 consules
507 3891 598 3957 luisse,
618 3909 652 3947 ex
671 3893 726 3959 illa,
745 3895 779 3947 ad
799 3910 883 3962 quarn
902 3894 1048 3948 Wetzelius
1066 3892 1147 3946 Ennii
1165 3907 1252 3944 annos
1271 3896 1299 3945 et

180 3980 238 4036 elios
256 3980 420 4045 numeravit,
440 3997 464 4034 a
483 3979 544 4044 513,
563 3997 705 4051 quumque
724 3983 758 4036 de
776 3983 934 4036 consulibus
953 3986 1066 4047 mustet,
1085 3997 1141 4035 non
1160 3980 1245 4049 quaeri
1264 3981 1298 4034 de

180 4083 306 4125 annorum
324 4070 489 4126 discrimine.
527 4071 731 4135 Commentarii,
760 4088 883 4139 quorum·
906 4071 1063 4126 testimonio
1082 4069 1175 4124 Cicero
1203 4069 1297 4132 utitur,

181 4158 420 4223 ri1,ul0sannus
438 4164 525 4228 putat,
550 4160 681 4228 pontificii
700 4160 820 4219 luerunt,
842 4165 986 4228 questam
1006 4157 1146 4212 indefinite
1165 4155 1209 4224 (ea
1226 4161 1298 4211 cnti-

181 4250 233 4313 puis
250 4248 354 4317 mmm.)
378 4249 530 4319 significare
549 4265 605 4302 non
624 4249 701 4312 solet,
729 4248 777 4301 sed
796 4248 887 4317 potius
906 4248 1123 4316 magistratuum,
1152 4246 1199 4314 qui
1218 4246 1297 4300 ludos

181 4334 296 4391 edebant
331 4337 371 4393 lix
388 4338 546 4393 huiusmodi
565 4337 770 4391 commentariis
789 4338 885 4391 ductas
904 4337 1000 4405 opinor
1019 4334 1180 4389 didascalias
1198 4335 1296 4389 Teren·

181 4422 268 4480 tianae
