2956 5190
623 297 689 363 483

54 494 87 559 h.
97 489 126 576 ¹)
160 493 326 559 Omissum
343 496 393 557 est
407 500 442 557 ot
458 493 548 575 apud
563 492 670 557 Plaut.
688 492 806 556 Bacch.
819 491 856 569 II,
873 491 903 568 3,
931 489 1007 554 100:
1031 488 1110 553 miti
1133 487 1255 553 dederit

53 595 195 682 velim.²)
240 601 378 665 Prorsus
401 599 523 664 eminet
545 598 646 663 futuri
669 597 861 680 significatio
889 597 923 660 in
951 597 1114 660 sententia
1143 614 1254 661 conse·

52 709 166 773 cuu'va
190 707 280 789 apud
302 707 455 771 Plautum
480 705 567 770 Rud.
591 705 643 781 HI,
667 704 698 782 4,
723 704 782 768 25:
807 703 861 767 lto
883 702 958 767 hinc
980 723 1034 787 eqo
1057 710 1085 766 te
1107 709 1254 766 ornatum

52 815 213 894 omittam,
245 820 280 876 tu
302 815 390 898 spere
411 821 441 877 te
462 820 497 877 ut
519 832 583 876 non
604 812 737 889 treveris,
772 809 805 874 id
829 812 888 887 est,
925 809 1110 890 cogniturus
1133 807 1187 884 sis,
1223 810 1255 871 et

51 920 148 1004 apud
170 921 299 985 Lueret.
322 920 360 997 Il,
389 920 470 984 982:
505 939 669 1003 decoquam
692 918 857 981 emmistere
879 922 913 979 ut
936 916 1034 993 ausis
1063 915 1097 978 id
1120 917 1180 990 est,
1209 913 1254 978 ita

51 1035 92 1093 ut
116 1046 183 1091 non
206 1045 346 1090 ausurus
370 1026 425 1090 sis
471 1025 525 1090 Ad
546 1025 606 1089 hos
636 1024 717 1088 duos
746 1023 833 1089 Iocos
862 1023 943 1088 mire
972 1021 1157 1104 adiungitur
1185 1019 1254 1084 Sal·

52 1133 145 1199 Iustii
168 1134 202 1197 in
231 1134 377 1198 oratione
406 1131 520 1214 Lepidi
549 1127 638 1214 (hist.
662 1130 717 1194 ΙΙΙ).
742 1129 765 1207 I,
794 1130 910 1212 fragm.
933 1128 987 1206 41,
1019 1127 1059 1191 19
1082 1123 1254 1207 Dietsch.):

55 1240 200 1320 (tororum
223 1239 301 1303 odeo
324 1238 447 1303 Sullam
470 1258 533 1301 non
549 1238 691 1321 paenitet,
714 1244 749 1300 ut
771 1242 799 1299 et
820 1235 910 1318 facto
932 1236 967 1298 in
988 1234 1093 1318 ptoria
1116 1238 1256 1296 namnet
1333 1240 1336 1244 ’

54 1353 96 1428 et,
121 1347 275 1426 sitierat,
300 1345 426 1409 aoidius
447 1344 600 1427 feccrit.

148 1452 216 1516 Iam
240 1454 340 1534 patet,
365 1470 465 1533 quum
488 1451 559 1515 haec
582 1450 688 1514 forma
711 1469 770 1531 pro
787 1448 941 1531 praesenti
961 1447 1156 1512 conIunctiVi
1171 1449 1256 1509 tem·

53 1578 148 1641 pore,
183 1557 243 1623 sed
273 1562 403 1622 tautum
435 1555 617 1635 dubitativi,
653 1558 690 1618 ut
721 1555 832 1619 statim
856 1554 973 1632 dicam,
1008 1555 1136 1617 retenta
1160 1555 1255 1626 esset,

53 1664 138 1729 nihil
173 1663 262 1729 alind
296 1683 394 1746 quam
430 1682 508 1728 casu
538 1663 581 1728 ad
609 1667 752 1727 veterem
782 1661 934 1744 loquendi
963 1661 1102 1726 formam
1133 1658 1255 1723 redisse

54 1770 294 1850 Quintilianum
319 1774 351 1835 et
374 1770 526 1834 Tacitum
550 1773 583 1833 et
606 1769 660 1852 qui
684 1768 748 1845 ulii,
783 1768 917 1851 prolatis
945 1786 1057 1831 rursus
1085 1765 1154 1830 eius
1179 1783 1256 1829 con·

56 1876 193 1942 iunctivi
215 1877 345 1954 finibus,
368 1876 414 1941 sic
438 1877 509 1940 ausi
533 1882 609 1941 sunt
632 1876 734 1959 loqui:
758 1882 793 1939 ut
817 1876 862 1938 ito
885 1874 1022 1937 dixerim
1038 1870 1131 1954 (Tac.
1148 1871 1254 1954 Agric.

56 1982 103 2066 3),
135 2004 173 2047 ne
194 1983 318 2068 torpino
340 1983 473 2046 obierim
496 1981 544 2064 (id
566 1983 651 2047 Ann.
676 1982 727 2060 VI,
757 1979 823 2061 22),
851 1988 886 2044 ut
913 1981 958 2044 sic
981 1979 1117 2043 dixerim
1140 1975 1256 2058 (Quin-

56 2089 143 2154 til.I
172 2109 310 2172 prooem.
334 2089 377 2153 23
405 2092 438 2152 et
466 2088 489 2167 Ι,
519 2089 550 2168 6,
581 2090 596 2154 1
627 2093 660 2153 et
688 2089 767 2166 VIII,
797 2087 828 2164 3,
857 2086 915 2162 ὅὸς
950 2086 1030 2150 Tac.
1058 2085 1144 2148 Arm.
1173 2082 1255 2160 XIV,

56 2191 167 2278 53)³),
201 2196 291 2260 Pers.
315 2197 338 2275 I,
367 2196 403 2260 4:
439 2217 477 2259 ne
508 2194 586 2258 mihi
610 2195 823 2279 praetulerint.
883 2192 978 2271 Quod
1011 2191 1099 2274 apud
1130 2190 1254 2255 Livium

57 2302 176 2385 legitur
198 2301 277 2380 vill,
304 2304 360 2367 18:
385 2323 423 2367 ne
445 2303 496 2366 cui
519 2309 682 2366 auctorum
703 2301 799 2384 fidem
822 2301 1049 2385 atropaocrim,
1074 2297 1115 2362 de
1139 2299 1256 2360 eventu

57 2409 172 2474 futuro
193 2410 329 2475 actionis
352 2409 596 2491 intelligendum
619 2412 669 2473 est
692 2407 744 2490 (rte
766 2409 817 2471 cui
838 2407 933 2489 fidem
957 2406 1123 2489 atropaese
1146 2402 1258 2466 videor

58 2513 266 2600 reportaret).

149 2622 201 2686 III.
247 2621 342 2700 Huic,
377 2641 474 2703 quem
509 2621 655 2705 exposui,
690 2623 763 2687 usui
798 2620 897 2686 futuri
926 2618 1031 2684 exacti
1063 2616 1256 2682 coniunctiri

57 2747 121 2812 per
154 2726 298 2792 futurum
335 2728 473 2810 sImplex
501 2727 535 2791 in
562 2729 733 2811 proesentis
762 2727 1029 2810 significatIonem
1059 2723 1258 2790 transeuntis

59 2833 235 2900 adiunctus
258 2836 309 2898 est
332 2838 365 2899 et
387 2834 543 2899 finiumus
566 2854 645 2899 usus
669 2835 738 2899 eius
756 2835 789 2899 in
806 2835 951 2917 optando
968 2830 1212 2916 prohibendove
1220 2825 1257 2911 ⁴),

57 2941 95 3006 in
130 2960 195 3022 quo
228 2960 358 3024 semper
392 2941 537 3006 admixta
572 2944 623 3006 est
657 2941 765 3023 aliqua
793 2941 894 3006 futuri
922 2939 1078 3022 temporis
1107 2936 1258 3020 cognato
1274 2952 1312 2993 105

59 3047 146 3112 adeo
169 3048 284 3126 lutens,
319 3052 357 3112 ut
384 3047 480 3129 vulgo
503 3066 569 3111 non
593 3047 804 3129 exprImetur.
850 3046 1008 3128 Exempla
1031 3044 1258 3110 auctoritates-

59 3172 128 3236 que
151 3154 184 3218 In
206 3153 269 3219 hoc
291 3173 409 3237 genere
432 3172 555 3236 ponere
583 3172 862 3234 supervacaneum
887 3156 947 3218 est.
993 3151 1055 3234 (Di
1082 3159 1110 3215 te
1137 3170 1258 3214 servos·

58 3262 135 3325 sint.
188 3259 249 3324 Voe
281 3262 370 3325 caluo
403 3262 561 3325 servasset.
614 3257 657 3322 Id
690 3266 719 3323 te
754 3257 899 3344 luppiter
923 3257 1124 3342 prohibessit.
1178 3256 1259 3320 Care

61 3368 203 3432 excessis.
250 3366 307 3431 Nil
341 3368 490 3432 cordesio.
537 3365 586 3431 Ne
620 3367 816 3450 appellassis.
868 3365 984 3429 Nullus
1018 3364 1139 3428 dixeris
1172 3361 1258 3444 cet).

91 3576 114 3646 1)
132 3575 238 3646 [Cinero
257 3595 319 3632 coco
336 3581 466 3647 copitarr'c
484 3578 552 3632 dixit
570 3578 605 3631 ad
624 3577 676 3645 Qu.
695 3577 737 3631 rr.
757 3564 802 3643 ΙΙΙ,
822 3577 846 3638 9,
865 3577 895 3635 4;
920 3578 967 3632 cir.
986 3577 1065 3645 Prop.
1085 3576 1109 3629 II
1128 3572 1197 3643 (ΙΙΙ),
1216 3574 1259 3637 13,

134 3668 178 3733 41,
196 3668 271 3723 Curt
284 3667 315 3731 V,
334 3667 359 3732 9,
378 3667 421 3721 21.
440 3667 498 3721 hir.
512 3666 608 3731 XXIX,
624 3665 659 3717 27
672 3666 700 3719 iu
713 3667 842 3735 precandi
854 3666 973 3721 formula
985 3665 1128 3720 vetustatis
1140 3665 1259 3718 colorem

135 3763 245 3811 secutus
263 3757 368 3825 posuit:
383 3774 490 3824 precor,
510 3797 517 3810 .
537 3797 543 3809 .
563 3791 570 3804 ·
589 3758 693 3809 curritis
712 3796 718 3809 .
739 3795 746 3808 .
766 3795 773 3808 .
790 3751 909 3820 faxitis]

93 3843 115 3913 ²)
134 3846 215 3915 Apud
235 3845 393 3901 Ciceronem
412 3845 447 3899 ad
466 3845 522 3899 Au.
541 3845 586 3909 IX,
605 3844 631 3909 9,
651 3845 664 3896 1
685 3842 790 3912 (Quare
805 3846 860 3910 sac,
883 3850 914 3895 ut
932 3845 1057 3912 mundis
1075 3860 1108 3896 ne
1126 3844 1260 3896 destiteris

135 3937 172 3988 cd
189 3951 238 4002 mc,
256 3936 384 4004 quicquid
401 3936 454 3987 teht*
468 3937 498 3987 in
515 3942 627 3988 mentem
645 3937 753 4000 rmerd,
776 3929 901 3998 scribm)
924 3936 971 3985 aui
994 3931 1169 3985 scribendum
1187 3929 1259 3983 vide

136 4029 194 4078 tur:
223 4040 285 4077 nere
307 4026 441 4077 destitnh
459 4026 508 4077 aut
531 4023 569 4076 sic
588 4022 806 4091 interpungeude
824 4020 911 4074 oratio
929 4025 991 4088 post
1009 4022 1134 4085 ostendis,
1162 4024 1192 4073 ut
1210 4034 1259 4087 per

135 4130 164 4167 se
182 4113 301 4166 addatur
317 4130 351 4165 m
368 4115 514 4175 doctitertn
534 4128 599 4166 nem
619 4111 741 4166 Ciceroni
760 4127 793 4166 ex
812 4111 864 4164 hoc
881 4126 937 4163 uuo
956 4110 1016 4163 Ioco
1035 4108 1110 4162 illam
1128 4105 1259 4176 loquendi

135 4202 252 4255 formam
271 4201 392 4255 tribuere
410 4217 466 4255 uon
484 4201 581 4255 audeo.

92 4287 114 4359 ⁸)
132 4291 272 4345 Weichius
289 4290 325 4344 'ad
344 4290 407 4344 Tac.
425 4289 514 4358 Agric.
533 4306 560 4358 p.
580 4288 631 4342 133
649 4288 743 4342 aoristi
761 4287 844 4342 Inane
862 4303 972 4352 nomeu,
996 4302 1104 4354 semper
1122 4289 1259 4354 paratum,

134 4380 254 4435 adhibet
909 4373 914 4386 ‘

92 4464 117 4537 ⁴)
136 4466 237 4537 [Etiam
265 4469 294 4522 iu
327 4466 416 4537 prima
447 4482 577 4536 persona,
610 4472 641 4521 ut
668 4465 741 4534 apud
769 4465 876 4519 Livium
904 4464 991 4530 XXII,
1019 4463 1049 4528 3,
1078 4463 1112 4516 10
1138 4467 1166 4517 et
1193 4461 1260 4526 XLI,

135 4555 252 4624 24,15.]

998 4639 1047 4693 31*
