2948 5206
692 270 734 336 57

135 487 199 543 esse,
219 464 273 548 qui
287 484 391 548 quum
406 464 570 543 Milonem,
594 465 726 532 Faustae
748 467 914 546 meritum,
937 468 1144 536 nominatum
1166 470 1212 535 ihi
1235 491 1311 554 rep·

134 573 281 656 perissent,
305 591 384 637 enm
407 571 441 637 in
464 570 592 637 Horatii
615 592 746 656 quoque
769 573 870 640 verba
892 574 1013 640 inferio
1036 576 1230 655 studuerint,
1255 578 1311 643 ubi

133 680 179 745 soli
201 678 318 744 moeehi
346 684 434 745 sunt.
479 680 594 762 ltaque
621 679 683 745 sub
711 680 849 745 Aeronis
876 681 1009 746 nomine
1036 682 1101 747 elia
1130 687 1182 749 est
1208 703 1313 750 anno·

133 786 196 852 lello
223 784 354 850 Villium
377 806 453 851 cum
475 786 584 852 Annio
606 786 654 869 (id
683 791 743 866 est,
772 787 880 852 Annio
903 785 1034 870 Milone)
1063 787 1313 872 confundens.¹)
1433 840 1436 845 .

155 1031 173 1101 ¹)
187 1032 254 1102 [lion
271 1051 335 1089 sum
354 1034 470 1100 nescius,
494 1040 522 1090 et
544 1034 573 1089 in
596 1033 649 1088 hoe
666 1033 773 1088 Horatii
790 1034 851 1088 looo
869 1039 897 1090 et
914 1034 944 1088 in
962 1035 1087 1104 pluribus
1105 1035 1243 1090 luvenalis
1266 1036 1314 1090 ob·

187 1124 272 1193 lium
289 1140 338 1178 ees
355 1122 576 1193 significationes,
603 1139 673 1192 quas
696 1139 781 1192 preve
802 1123 880 1177 fletos
899 1122 962 1188 dixi,
990 1124 1165 1179 enonnullis
1183 1129 1233 1178 aut
1250 1125 1314 1178 sim·

188 1211 290 1282 pliciter
311 1212 441 1267 defensas
463 1217 512 1267 eut
535 1212 659 1266 nonnihil
678 1213 828 1267 declinatas
855 1217 883 1266 el
910 1216 1057 1267 exornatos
1084 1229 1152 1267 esse.
1188 1212 1242 1268 Sed
1269 1213 1314 1267 hae

188 1300 357 1356 defensiones
375 1317 461 1371 quem
479 1301 534 1355 sint
552 1301 657 1366 inanes,
685 1318 769 1371 quem
792 1318 809 1356 e
831 1307 974 1371 poetarum
999 1301 1091 1356 verbis
1114 1301 1312 1371 sententiisque

189 1394 214 1443 et
230 1389 349 1444 eonsili'u
367 1390 473 1456 aliene,
491 1389 619 1460 persequi
637 1390 750 1460 longum
769 1394 810 1444 est
824 1395 852 1445 el
865 1407 929 1445 meo
947 1390 1049 1445 iudicio
1068 1406 1312 1460 snpervaoenenm‚

189 1484 214 1531 el
230 1476 257 1532 in
276 1478 337 1532 aliis
356 1479 439 1533 rebus
457 1496 532 1533 nune
550 1478 675 1533 animum
693 1483 860 1548 occupatum
873 1478 970 1532 habeo.
999 1479 1138 1533 ſtruantur
1155 1478 1199 1532 his
1213 1478 1313 1548 signill-

190 1566 347 1631 celionibns,
366 1567 413 1636 qni
432 1567 560 1621 alienon
579 1566 690 1632 habeut,
709 1567 738 1621 in
757 1566 857 1637 quibus
875 1565 1009 1635 ingeniosi
1028 1566 1114 1621 videri
1133 1563 1259 1636 possint]
