2948 5206
677 285 697 349 9

74 479 225 542 fucatum
259 478 470 561 splendorem
505 478 663 561 accipere.
673 475 700 560 1)
756 480 859 562 Magis
902 480 1001 544 etiam
1036 488 1188 562 apertum
1223 487 1282 560 est,

75 582 281 660 Tortellium,
307 604 407 666 quem
431 584 584 650 Osannus
606 589 702 668 putat
725 586 768 680 ab
792 586 931 668 Apuleio
954 586 1009 651 illo
1032 587 1156 651 maiore
1180 588 1284 652 multa

76 690 267 772 sumpsisse,
291 691 418 755 nullrmr
444 692 506 756 nisi
529 692 669 756 alterum
693 692 784 756 illum
807 693 978 769 habuisse3
1002 700 1131 758 namet
1153 713 1284 776 semper

78 797 264 878 Apuleium,
300 817 472 880 nunquam
506 798 673 863 Caecilium
706 799 923 864 Minutianum
954 800 1109 881 appellat,
1145 804 1178 864 et
1213 801 1282 866 eius
1298 829 1322 866 ιι

80 902 262 968 libellorum
291 905 381 969 locos
409 905 589 987 permultos
616 905 748 987 respicit
756 900 799 988 2);
834 914 948 971 contra
975 906 1009 970 in
1037 907 1076 970 iis
1104 907 1192 984 loeis,
1228 909 1283 990 qui

81 1030 155 1074 cum
178 1010 369 1092 fragmentis
393 1011 610 1089 consentiunt,
646 1012 771 1076 nullum
802 1012 1007 1094 grammatici
1036 1032 1157 1077 nomen
1179 1014 1282 1096 ponit,

82 1136 147 1181 non
172 1118 321 1200 profecto
349 1117 454 1200 magis
487 1118 541 1182 hic
575 1118 755 1183 omissurus
791 1138 890 1200 quam
918 1119 952 1182 in
981 1119 1057 1195 illis,
1093 1120 1121 1184 si
1149 1121 1192 1184 ab
1222 1120 1284 1186 hoc

84 1222 209 1289 Caecilio
231 1224 437 1306 sumpsisset.
446 1219 473 1306 ³)
519 1225 568 1288 Ac
590 1224 617 1288 si
642 1245 707 1307 qua
730 1232 880 1308 superest
909 1225 1080 1302 dubitatio,
1116 1227 1214 1308 plane
1244 1247 1283 1292 eo

86 1329 212 1407 tollitur,
247 1331 338 1411 quod
361 1330 547 1408 Tortellius‚
579 1351 681 1412 quum
710 1332 780 1414 ipse
803 1351 943 1414 quoque,
979 1332 1035 1396 ubi
1059 1332 1100 1397 de
1124 1352 1282 1415 persona·

86 1455 154 1499 rum
181 1436 395 1518 locorumque
423 1437 610 1503 nominibus
640 1440 782 1521 exponit,
818 1439 1037 1521 mythologice
1066 1446 1099 1503 et
1128 1440 1283 1504 historica

87 1549 117 1605 et
138 1542 201 1607 alia
223 1543 412 1608 huiusmodi
435 1544 581 1608 studiose
610 1546 800 1623 admisceat,
836 1565 1000 1627 nusquam
1029 1546 1161 1610 omnino
1190 1546 1306 1627 Apu·'

88 1648 194 1712 leiauis
217 1650 278 1713 illis
303 1650 495 1732 fragmentis
519 1658 577 1714 aut
599 1652 795 1734 scriptorum
819 1672 968 1717 rarorum
997 1671 1116 1733 magno
1146 1671 1283 1716 numero

87 1754 134 1817 hic
156 1755 329 1820 citatorum
353 1757 548 1822 testimoniis
572 1759 682 1835 utitur,
718 1759 778 1823 sed
806 1760 891 1824 notis
916 1768 948 1822 et
972 1759 1211 1835 communibus
1247 1766 1283 1822 ut

88 1861 193 1925 statim
215 1862 249 1926 in
272 1861 422 1926 Busiride
446 1863 592 1927 Caeoilius
624 1865 676 1928 hic
699 1865 908 1942 Charontem,
943 1864 1177 1947 Pherecydem,
1213 1864 1282 1929 Ho-

89 1987 208 2032 merum
242 1970 419 2047 minorem,
455 1971 635 2045 Nasonem,
672 1971 824 2049 Calvum,
861 1972 1057 2047 Lucretium,
1093 1971 1281 2043 Diodorum,

90 2075 255 2152 Lucilium,
291 2076 478 2140 Cornelium
505 2077 630 2142 Rufum
660 2079 738 2142 citat
768 2098 887 2160 magno
916 2099 992 2143 cum
1020 2077 1158 2159 strepitu
1167 2072 1210 2158 ⁴),
1246 2085 1283 2140 ut

90 2182 286 2247 notissimam
314 2202 384 2247 rem
413 2183 527 2247 decem
557 2185 664 2249 verbis
700 2186 970 2267 comprehensam
1004 2185 1174 2249 confirmet
1208 2182 1283 2265 (etsi

92 2288 269 2355 innomine
292 2289 421 2372 Epaphi
444 2290 529 2366 filiae,
566 2291 722 2356 Busiridis
750 2291 874 2367 matris
910 2291 1080 2372 evulgari
1103 2290 1193 2355 fama
1216 2290 1283 2353 dis·

93 2394 197 2475 edita
232 2391 443 2477 Tortellius⁵l
478 2397 645 2475 Ovidium,
681 2399 865 2480 Virgilium,
900 2399 1060 2474 Servium,
1095 2398 1282 2471 Isocratem,

95 2501 297 2578 Herodotum,
326 2504 505 2568 Diodorum
529 2505 674 2568 Siculum
698 2505 812 2569 laudat
835 2512 867 2568 et
891 2525 931 2568 ex
954 2505 992 2568 iis
1016 2504 1162 2568 fabulam
1189 2523 1284 2567 enar-

95 2614 148 2672 rat.
194 2610 318 2675 Similia
348 2612 382 2674 in
410 2612 535 2694 Pyrrho
564 2617 596 2675 et
625 2612 696 2675 aliis
725 2613 941 2676 animadverti
969 2615 1117 2693 possunt.
1170 2611 1283 2691 ltaque

97 2720 210 2779 tantum
235 2716 340 2793 abest,
366 2726 401 2781 ut
426 2738 446 2782 a
470 2719 726 2799 fragmentorum
752 2723 884 2782 auctore
909 2719 1082 2799 quicquam
1109 2716 1284 2781 Tortellius
1345 2782 1347 2786 ,

96 2824 268 2904 sumpserit,
293 2828 340 2901 ut,
366 2825 393 2888 si
417 2844 490 2905 quae
514 2825 692 2888 admodum
717 2825 835 2888 similia
860 2830 946 2900 sunt,
972 2829 1008 2887 ut
1026 2826 1067 2888 de
1084 2818 1284 2899 Menoetio,⁸)

96 2927 166 2999 aliis.
189 2950 228 2993 ea
252 2929 305 2993 ille
329 2951 349 2994 a
373 2931 529 2995 Tortellio
552 2940 684 3011 sumpta
707 2951 884 2995 exornasse
908 2931 1073 3012 putandus
1098 2932 1149 2995 sit.
1268 3010 1270 3015 ,

174 3037 236 3100 Sed
265 3036 433 3118 praecipua
467 3045 500 3100 et
534 3018 714 3102 clarissima
749 3046 940 3119 argumenta
970 3045 1148 3101 nascuntur
1177 3057 1217 3100 ex
1246 3057 1283 3100 ea

97 3140 157 3221 ipsa
178 3163 222 3219 re,
254 3164 320 3224 qua
344 3144 414 3207 haec
439 3144 622 3225 fragmenta
647 3145 804 3207 excellere
828 3149 994 3226 putantur,
1027 3144 1284 3225 exscriptorum

98 3247 292 3314 laudatorum
316 3250 539 3325 multitudine,
563 3255 595 3314 in
620 3271 685 3332 qua
708 3271 743 3314 re
767 3258 835 3314 lam
859 3251 963 3314 multa
981 3251 1142 3315 mirabilia
1160 3258 1193 3314 et
1210 3271 1285 3332 per-

98 3374 181 3419 rersa
207 3364 294 3432 sunl,
325 3365 370 3429 ut,
401 3357 490 3420 fraus
521 3358 684 3438 quomodo
714 3358 815 3421 latere
843 3359 994 3438 potuerit,
1031 3359 1083 3420 rix
1113 3358 1283 3439 intelligas.
1301 3389 1326 3428 o

98 3461 128 3525 ln
148 3463 253 3528 libello
276 3462 527 3545 orthographioo
552 3465 702 3527 undecim
726 3465 919 3545 paginarum
948 3464 1121 3545 scriptores
1145 3465 1286 3527 citantur

98 3567 157 3633 fere
185 3579 314 3635 centum
345 3577 376 3633 et
406 3570 593 3647 duodecim,
630 3571 836 3651 citanturque
866 3591 930 3634 non
960 3570 1122 3634 scribendi
1151 3570 1284 3634 rationis

99 3682 197 3749 testes,
223 3677 280 3740 sed
304 3696 414 3740 rerum
439 3676 730 3758 mythologicarum
755 3682 787 3741 et
810 3677 981 3751 similium;
1011 3681 1230 3757 congeruntur
1253 3676 1285 3738 in

98 3799 189 3845 unum
212 3783 315 3846 Graeci
340 3792 371 3847 et
396 3785 517 3858 Latini;
552 3784 662 3847 insunt
691 3784 884 3864 scriptorum
918 3784 1050 3847 nomina
1080 3788 1178 3847 antea
1201 3802 1285 3845 nun-

99 3907 186 3967 quam
210 3890 332 3968 audita,
363 3891 498 3955 Homeri
527 3890 670 3965 minoris
704 3891 842 3953 Cornelii
865 3892 952 3962 Rufi,
983 3891 1021 3953 T.
1047 3890 1187 3965 Veracis,
1218 3889 1285 3952 Me·

123 4098 142 4163 ¹)
159 4103 210 4156 Cir.
229 4113 346 4157 oetnnue
365 4109 392 4155 el
411 4105 482 4155 AEoa
500 4103 528 4155 in
548 4102 644 4170 fragm.
669 4120 694 4170 p.
715 4102 757 4159 11,
778 4102 820 4160 13,
840 4103 913 4170 apud
932 4102 1048 4156 alterum
1069 4120 1094 4170 p.
1116 4102 1174 4162 130,
1195 4101 1254 4155 126.

121 4189 141 4253 'l
158 4192 214 4245 llid.
234 4209 296 4261 quae
315 4193 380 4245 citat
400 4192 457 4260 ipse
476 4192 604 4245 Osannus
624 4210 649 4260 p.
670 4191 712 4253 91,
734 4190 793 4251 131,
814 4191 873 4255 136,
895 4191 953 4254 137,
975 4191 1034 4255 139,
1056 4191 1114 4243 140.

124 4274 216 4341 trid.
235 4281 319 4350 apud.
339 4281 481 4334 Osannum
501 4298 527 4348 p.
548 4279 590 4344 64,
610 4280 653 4344 65,
675 4280 715 4344 73,
737 4280 778 4343 76,
800 4280 841 4333 77.

124 4365 144 4432 ⁴)
160 4369 186 4422 P.
204 4370 229 4424 3.

122 4452 144 4520 ⁵)
160 4459 188 4511 ln
206 4460 335 4522 editione,
355 4475 410 4526 qua
430 4463 499 4521 utor,
519 4458 614 4511 Venel.
635 4457 711 4521 1495,
732 4458 797 4511 folia
816 4473 871 4510 non
891 4461 1080 4512 numerantur.

10 4566 12 4573 ·
122 4541 142 4607 ¹)
160 4545 175 4611 ᾖ
191 4547 232 4603 32.
