2956 5190
689 251 754 317 260

54 439 57 445 ’
124 451 183 528 θεῖ,
218 451 255 513 ut
277 447 352 525 dixi,
388 449 578 531 apographa
600 449 734 530 antiqua
757 447 854 530 primi
875 446 960 512 illius
983 447 1171 512 communis
1194 446 1307 527 codicis,

123 558 256 637 propter
283 554 456 619 evanidam
484 555 554 619 sine
584 553 683 618 dubio
712 554 781 619 eius
810 553 1007 637 scripturam
1035 552 1144 619 verba
1171 552 1310 636 quedam

123 663 157 726 et
179 661 322 749 syllabas
346 660 534 739 omiserunt,
569 680 665 725 versu
693 660 797 726 fracto
826 680 891 726 non
918 658 1027 725 minus
1057 679 1163 742 quam
1191 663 1311 725 senten·

69 789 109 831 uo
122 762 214 850 tia.¹)
263 767 348 831 Nam
372 785 473 849 quum
496 766 530 831 in
553 767 624 832 cod.
649 767 868 850 Gottorpiensi
891 774 924 833 et
945 771 1086 851 utroque
1111 766 1312 850 Lugdunensi

122 875 280 957 scriptum
302 872 360 938 sit:

254 1051 414 1116 Naturam
437 1050 565 1115 mundi:
590 1070 777 1135 quanquam
802 1052 941 1136 praedita
964 1053 1071 1135 culpa,

122 1230 299 1313 expletum>
320 1229 383 1294 hoc
417 1233 467 1293 est
494 1229 529 1293 in
556 1230 689 1296 alterius
716 1231 801 1296 illius
829 1228 1016 1296 recentioris
1044 1227 1160 1311 stirpis
1183 1246 1313 1311 apogra-

120 1339 208 1420 phis:
248 1355 430 1423 quanquam
463 1335 530 1400 heac
563 1339 626 1400 ried
660 1336 758 1420 (eunt)
786 1337 931 1422 predita
964 1336 1069 1419 nepa.
1127 1333 1314 1417 Superior&

121 1444 271 1522 editores,
295 1443 459 1509 intellecto
482 1446 515 1508 et
537 1464 596 1525 per
618 1463 653 1508 se
677 1448 773 1509 etex
796 1445 867 1509 loco
889 1443 963 1507 libri
986 1441 1101 1525 quinti,
1135 1460 1213 1522 quae
1236 1443 1315 1504 esset

119 1550 259 1616 Lucretii
282 1549 454 1627 sententia,
485 1549 737 1616 substituerent:
773 1571 842 1636 qeoe
864 1557 955 1615 tanta
978 1555 1022 1613 eet
1038 1546 1188 1632 praedito
1210 1546 1314 1630 erdpo3

119 1676 180 1722 nec
213 1659 342 1740 poterat
375 1660 473 1738 poeta
501 1657 571 1721 haec
599 1657 700 1722 verba
728 1653 864 1735 variare,
901 1676 974 1739 quae
1007 1654 1116 1738 ipsum
1153 1653 1315 1718 continent

120 1766 219 1845 caput
245 1763 417 1828 sententiae
444 1763 611 1844 Epicureae
640 1766 778 1846 utroque
813 1764 883 1828 loco
917 1763 1042 1845 positae,
1079 1780 1120 1825 ex
1156 1760 1315 1843 pravitate

118 1871 246 1934 naturae
268 1869 383 1933 mundi
405 1869 554 1952 perspici,
583 1889 649 1934 non
672 1870 825 1935 divinitus
847 1889 925 1934 eum
949 1887 1020 1934 esse
1044 1870 1208 1933 creatum.
1254 1866 1314 1931 Sed
1337 1904 1341 1911 -

119 1995 175 2041 eos
208 1974 450 2054 Wakefieldius
486 1976 540 2041 illa
575 1978 837 2059 apographomm
872 1976 1101 2058 supplementa
1133 1972 1313 2056 amplexus,

118 2081 260 2166 graviter
294 2083 503 2165 reprehendit
536 2082 771 2164 mirificamque
806 2082 970 2165 excogitat
996 2080 1313 2165 interpretationem:

122 2188 215 2267 „licet
248 2188 281 2253 in
315 2189 483 2254 hominum
518 2189 804 2271 reprehensionem
832 2189 903 2253 baec
931 2187 1138 2271 philosophia
1162 2189 1314 2263 incurrat,

118 2295 211 2377 quasi
234 2295 377 2360 scelestis
401 2299 434 2360 et
456 2295 563 2377 impiis
587 2314 627 2360 ex
655 2295 823 2360 elementis
847 2295 1055 2359 constituta“.
1101 2294 1219 2377 Neque
1241 2313 1314 2376 pro-

116 2400 248 2466 nomine
270 2400 337 2465 hoee
359 2402 393 2465 in
424 2401 533 2466 medio
564 2420 661 2466 cursu
691 2401 913 2483 explicationis
944 2420 1053 2465 rerum
1085 2399 1178 2464 nude
1210 2400 1314 2482 posito

117 2507 289 2590 significari
312 2507 552 2589 philosophiam
575 2507 769 2588 Epicuream
793 2528 901 2590 posse,
924 2527 1031 2591 neque
1053 2505 1232 2591 preditum
1254 2526 1314 2571 ease

116 2614 209 2697 culpa
227 2615 349 2679 esseio
369 2613 637 2697 reprehensionem
655 2615 826 2692 incurrere,
850 2634 916 2679 non
934 2618 993 2691 est,
1018 2613 1106 2696 quod
1124 2613 1313 2685 ostendam3

115 2740 176 2786 nec
206 2720 251 2785 illi
279 2721 372 2802 quasi
402 2720 443 2784 de
471 2719 613 2784 nubibus
638 2720 766 2785 cadenti
789 2721 918 2785 invidiae
942 2721 1114 2785 remotioni
1142 2720 1198 2785 hic
1228 2721 1314 2785 locus

117 2830 175 2904 est,
200 2845 273 2908 quae
296 2826 329 2889 in
353 2827 467 2908 quavis
490 2827 609 2909 pagina
632 2846 725 2909 aeque
749 2827 929 2906 commode,
959 2827 992 2892 id
1016 2832 1076 2905 est,
1105 2826 1314 2892 incommode

115 2930 300 3015 poneretur.
335 2933 383 2998 Ea
405 2951 500 2997 suum
524 2933 630 2998 locum
653 2933 755 2998 habet
777 2935 809 2997 in
833 2933 992 3014 prooemio
1009 2934 1082 2999 libri
1105 2938 1138 2998 et
1162 2934 1313 2999 carminis

116 3036 152 3121 (¹,
177 3040 215 3103 81
243 3037 378 3122 [8013]
401 3036 497 3122 sqq-l·

204 3145 284 3210 Haec
311 3145 501 3210 lacunarum
532 3145 683 3211 omnibus
718 3146 882 3210 codicibus
918 3145 1140 3211 communium
1175 3145 1313 3212 demon·

115 3253 239 3329 stratio,
263 3272 400 3333 quarum
426 3253 514 3334 origo
537 3254 616 3317 satis
639 3257 754 3334 aperta
778 3256 828 3317 est
851 3251 924 3334 (nec
947 3252 1165 3335 improbabile
1188 3257 1251 3330 est,
1275 3253 1312 3329 si,

116 3358 202 3439 quod
237 3358 382 3423 nondum
417 3359 525 3423 facere
553 3360 653 3441 potui,
688 3363 872 3441 perattente
907 3379 1020 3424 onmes
1056 3363 1240 3424 ceterorum
1275 3360 1312 3424 li·

143 3671 166 3740 ¹)
184 3674 347 3730 Huiusmodi
371 3680 420 3741 est,
448 3680 479 3730 ut
502 3692 589 3730 naum
613 3692 645 3729 ex
670 3675 765 3729 multis
789 3674 911 3740 afferam,
940 3677 1001 3730 libri
1024 3678 1106 3746 primi
1130 3696 1155 3732 v.
1176 3678 1256 3745 1032,
1283 3679 1310 3733 in

185 3764 261 3819 codd.
281 3765 320 3819 sic
338 3764 466 3834 scriptus:

914 3853 978 3908 solis
997 3858 1070 3908 terra
1088 3871 1192 3924 vapore

233 3941 300 3995 Fota
319 3947 401 3997 novet
419 3943 498 4003 fetus,
518 3958 681 4010 summaque
700 3939 820 4007 (summa
839 3939 904 4010 qua)
923 3959 989 4010 gens
1008 3944 1192 3998 animantum.

184 4047 329 4102 Substituit
357 4049 448 4103 nescio
476 4049 537 4118 quis
565 4050 653 4104 editor
680 4054 876 4118 summisseque
902 4068 967 4117 pens
995 4054 1179 4110 animantum
1212 4046 1312 4104 audae-

184 4142 237 4196 ter;
266 4136 327 4206 quis
351 4137 425 4192 enim
448 4137 546 4208 neget?
574 4138 627 4193 Sed
650 4138 844 4192 Wakefieldins
871 4138 1050 4205 ‚modestius‘
1078 4138 1185 4207 scripsit
1203 4147 1311 4192 somnae

184 4243 293 4294 quoque,
312 4226 364 4280 hac
382 4227 507 4296 apposita
524 4227 760 4298 interpretatione:
791 4229 845 4293 „ita
863 4228 967 4293 floreat,
992 4232 1023 4282 ut
1041 4244 1151 4281 summa
1170 4227 1229 4281 eius
1249 4243 1311 4281 con·

183 4314 261 4367 sistat
288 4314 347 4368 sine
375 4314 486 4370 interitu
513 4319 580 4381 toto,
608 4316 634 4370 id
663 4317 736 4386 quod
764 4316 843 4372 ahter
870 4317 1017 4371 eveniret“.
1054 4316 1113 4370 lloc
1136 4321 1177 4370 est
1202 4322 1312 4370 sumata

180 4405 290 4469 florere!
