2948 5206
714 279 777 344 671

141 496 175 559 p.
192 475 259 540 679
282 494 353 557 sqq.
377 474 429 538 ed.
445 473 477 538 3.
513 470 746 554 [Conferantur
768 494 842 557 quae
866 495 906 540 ex
928 477 1020 558 praef.
1045 477 1097 543 ed.
1119 477 1142 542 4
1164 478 1226 543 sub
1242 477 1343 545 finem

140 582 240 646 huius
264 579 439 646 voluminis
463 576 688 663 ponentur.]¹)

232 688 354 752 Verum
377 705 443 751 non
470 706 606 770 possum
630 687 834 753 Catilinarias
862 691 1025 756 orationes
1054 691 1247 774 relinquere,
1280 692 1344 757 nisi

141 814 214 859 rem
247 793 299 858 his
333 793 489 876 proximis
523 793 617 858 annis
652 795 809 877 agitatam
844 797 996 879 attigero,
1034 798 1234 880 suspiciones
1269 799 1343 865 dico

141 900 327 983 iudiciaque
350 920 474 977 eorum,
502 900 558 982 qui
581 901 723 983 primum
746 921 847 967 unam
871 922 910 966 ex
934 903 982 982 iis,
1012 904 1130 969 deinde
1154 905 1246 985 duas,
1281 925 1343 988 po·

141 1010 266 1072 stremo
290 1008 389 1072 etiam
415 1012 480 1072 tres
503 1027 568 1072 non
593 1027 613 1071 a
636 1007 790 1078 Cicerone
814 1009 962 1091 scriptas,
993 1010 1052 1074 sed
1085 1010 1114 1075 ei
1146 1011 1229 1076 falso
1260 1011 1341 1076 sub·

142 1113 228 1179 ditas
263 1117 472 1195 putaverunt.
518 1113 599 1193 Quae
633 1133 696 1191 res,
731 1118 768 1178 ut
801 1135 916 1179 verum
950 1115 1068 1195 dicam,
1103 1137 1123 1182 a
1157 1118 1215 1183 tali
1249 1118 1342 1184 initio

142 1220 242 1285 ducta
266 1224 325 1299 est,
361 1221 406 1286 ita
431 1222 541 1298 crevit,
574 1219 614 1285 iis
637 1221 837 1303 argumentis
861 1225 1001 1286 tractata
1027 1227 1085 1301 est,
1121 1228 1157 1289 ut
1185 1244 1340 1307 magnam

140 1326 189 1403 iis,
222 1326 279 1409 qui
302 1347 416 1392 omnes
439 1326 625 1392 huiusmodi
649 1327 868 1393 dubitationes
892 1331 925 1393 in
947 1331 1104 1395 invidiam
1127 1335 1246 1396 vocant
1268 1331 1340 1396 ina-

140 1433 319 1516 nitatisque
353 1439 504 1518 arguunt,
539 1455 608 1498 suae
641 1436 813 1500 sententiar
847 1437 1117 1503 commendandae
1151 1437 1341 1503 facultatem

139 1540 290 1624 praebeat
312 1561 490 1624 eorumque
513 1541 667 1606 vanitatis
695 1541 849 1619 ridendae,
885 1544 949 1624 qui,
985 1563 1026 1607 ne
1055 1545 1242 1610 auctoritati
1270 1564 1341 1609 ser·
1456 1589 1461 1599 -

139 1649 209 1712 rire
231 1647 359 1713 tardive
383 1668 456 1713 esse
483 1648 665 1725 videantur,
701 1648 854 1731 quicquid
882 1650 924 1714 sit
953 1651 1118 1732 prolatum
1146 1651 1223 1716 novi
1251 1670 1338 1716 com·

138 1753 253 1825 menti.
277 1755 436 1838 arripiant
459 1759 492 1820 et
514 1759 665 1838 augeant.
712 1755 829 1819 Mirum
852 1756 999 1838 profecto
1023 1764 1083 1836 est,
1107 1757 1252 1839 quidam,
1282 1756 1339 1839 qui

137 1860 218 1927 alibi
241 1861 276 1926 in
299 1861 427 1946 scriptis
450 1866 597 1927 veterum
621 1861 811 1927 enarrandis
834 1882 928 1944 paene
953 1863 1050 1928 nimis
1074 1867 1151 1928 sunt
1168 1863 1279 1929 faciles
1296 1882 1336 1928 ac

136 1969 313 2050 patientes,
337 1988 437 2051 quam
460 1969 551 2047 fiant,
575 1968 602 2033 si
624 1970 659 2033 in
673 1968 859 2034 huiusmodi
875 1969 1094 2051 suspicionem
1110 1970 1234 2034 inducti
1249 1973 1338 2051 sunt,

136 2073 288 2139 difficiles
310 2094 350 2139 ac
372 2075 493 2141 morosi
516 2078 549 2140 et
577 2075 620 2141 ad
647 2095 700 2140 res
727 2078 858 2157 apertas
887 2076 1090 2160 minimeque
1116 2076 1264 2141 insolitas
1291 2076 1339 2142 ita
1458 2154 1461 2159 ,

136 2181 377 2261 adhaerescant,
406 2184 501 2265 quasi
523 2203 691 2265 nunquam
715 2188 813 2248 antea
836 2182 1011 2267 quicquam
1035 2183 1337 2264 animadverterint,

136 2296 170 2353 et
194 2296 308 2354 tamen
330 2289 430 2354 iidem
452 2293 603 2371 quantas
627 2292 664 2354 ut
686 2289 854 2372 opiniones
877 2309 954 2367 suas
972 2293 1223 2372 persequantur,
1247 2310 1337 2356 com·

135 2399 325 2460 mentorum
359 2396 596 2461 incredibilium
631 2397 733 2461 moles
767 2399 947 2460 exstruant.
1013 2396 1079 2461 Sed
1112 2397 1255 2479 primum
1289 2396 1337 2461 rei

135 2501 309 2567 historiam
342 2522 524 2569 narremus.
570 2504 655 2568 Nam
683 2522 785 2586 quum
813 2503 849 2567 F.
872 2503 912 2566 A.
936 2502 1073 2568 Wolfius
1101 2510 1216 2568 notam
1246 2503 1338 2568 illam

135 2612 294 2692 quattuor
316 2610 500 2675 orationum
524 2612 765 2676 accusationem
793 2611 839 2675 ita
862 2610 1049 2692 peregisset,
1084 2614 1122 2674 ut
1150 2630 1236 2675 nunc
1264 2610 1336 2692 qui-
1352 2628 1394 2669 aso

136 2714 225 2794 dem,
249 2714 403 2798 quicquid
426 2718 467 2782 de
490 2717 561 2800 ipsa
583 2736 619 2781 re
642 2717 805 2795 statuitur,
830 2718 1014 2782 cautionem
1037 2717 1071 2782 iu
1089 2738 1189 2783 causa
1205 2738 1336 2801 praepa·

135 2822 242 2887 randa
277 2826 310 2887 et
344 2823 387 2887 ab
422 2825 511 2888 omni
550 2828 644 2906 parte
678 2824 915 2889 consideranda
948 2832 982 2888 et
1015 2825 1201 2890 mehercule
1235 2825 1335 2890 etiam

135 2928 363 3007 subtilitatem,
386 2931 446 2995 sed
468 2930 612 2995 maxime
635 2930 668 2995 in
691 2930 762 3012 ipsa
784 2930 944 2996 libertatis
962 2933 1070 3013 specie
1088 2931 1275 2996 libertatem
1293 2933 1335 2997 de

136 3033 322 3116 eloquentia
357 3035 569 3101 Ciceroniana
607 3036 873 3118 orationibusque
909 3042 983 3120 post
1024 3039 1173 3103 exsilium
1213 3038 1334 3103 habitis

136 3140 244 3222 deque
266 3144 358 3206 motu
381 3143 505 3225 antiqui
529 3143 687 3208 sermonis
702 3145 791 3208 recte
806 3143 970 3208 iudicandi
988 3144 1084 3209 valde
1100 3145 1334 3225 desideremus,

135 3246 366 3312 Eichstaedtius
389 3246 432 3331 (a.
459 3247 557 3329 1802)
586 3250 619 3313 in
642 3268 779 3314 censura
806 3249 880 3313 libri
903 3251 1067 3329 Wolfiani,
1102 3252 1130 3315 si
1158 3271 1224 3316 non
1253 3251 1336 3316 alias

135 3352 302 3418 Ciceronis
336 3355 515 3433 orationes,
550 3356 667 3421 saltem
701 3377 802 3421 unam
837 3377 877 3421 ex
911 3357 1107 3423 Catilinariis
1141 3358 1203 3421 sibi
1237 3358 1335 3423 simili

133 3458 348 3525 damnatione
371 3461 501 3543 dignam
526 3462 627 3526 videri
650 3463 857 3545 significavit;
881 3465 932 3528 cui
955 3463 1051 3528 facile
1074 3463 1213 3528 Wolfius
1235 3464 1334 3528 obse·

132 3569 231 3631 cutus
253 3567 365 3630 statim
387 3548 518 3632 tertiam
543 3567 720 3646 damnavit,
751 3589 889 3653 eamque
918 3590 988 3635 rem
1019 3573 1135 3654 postea
1157 3571 1191 3634 in
1214 3570 1334 3635 scholis

131 3671 405 3755 sermonibusque
438 3674 485 3739 ita
523 3675 740 3757 significabat,
775 3680 811 3741 ut
846 3678 903 3740 aut
938 3676 1089 3754 omnino,
1125 3696 1199 3759 quae
1234 3680 1333 3756 esset,

161 3917 184 3986 ¹)
202 3920 236 3973 ln
259 3919 359 3989 pusilla
381 3938 419 3986 re,
446 3922 495 3976 sed
522 3939 584 3990 quae
611 3923 640 3976 in
667 3924 757 3992 prima
782 3923 845 3977 libri
871 3924 971 3992 pagina
998 3924 1087 3993 posita
1115 3921 1158 3988 sit,
1186 3922 1335 3992 diligentia

204 4009 275 4063 mihi
293 4010 480 4065 testimonium
499 4028 628 4079 quaeram.
665 4012 734 4066 Nam
753 4012 853 4066 Orellio
877 4010 935 4065 haic
958 4012 1096 4066 distinctio
1115 4012 1247 4081 displicet,
1275 4029 1332 4082 qua

167 4078 174 4093 ⁶
205 4097 291 4152 etiam
313 4104 395 4152 antea
418 4115 484 4153 usus
507 4117 581 4154 suin:
614 4101 710 4154 Onrnea
727 4103 764 4164 tri,
791 4118 858 4170 quor
879 4103 974 4155 oiddia
998 4104 1099 4168 adarca
1127 4105 1157 4154 in
1179 4103 1231 4154 hac
1248 4119 1334 4156 cauca

203 4189 338 4241 iniuriam
362 4205 430 4242 novo
453 4190 548 4242 scelere
571 4191 714 4256 conflatam
731 4197 834 4257 putant
855 4198 978 4258 oportere
1000 4191 1111 4257 Manili
1134 4187 1217 4258 (vulg.
1240 4192 1334 4244 adeam

204 4278 235 4329 in
258 4277 310 4329 hac
327 4294 419 4343 curma,
442 4279 576 4330 iniurium
594 4276 665 4341 cet).
702 4277 803 4331 Verum
826 4277 854 4331 in
879 4277 1112 4332 demonstratione
1135 4279 1333 4333 advocatorum

204 4365 381 4434 presentium
400 4365 443 4419 his
460 4364 563 4418 verbis:
587 4383 654 4435 quoa
671 4368 766 4419 vidais
783 4369 875 4420 adase
893 4366 961 4421 nihil
980 4366 1108 4436 languide
1125 4367 1266 4421 adherere
1283 4368 1333 4422 de·

203 4454 264 4517 bet;
283 4454 356 4523 quod
375 4454 469 4507 Cicero
487 4454 560 4517 dicit,
579 4453 618 4507 sic
636 4454 744 4508 dilatari
761 4461 863 4524 potest:
882 4459 912 4509 in
929 4458 981 4510 hac
995 4474 1081 4510 cauca
1094 4458 1228 4510 iniuriam
1242 4458 1333 4510 inem

197 4550 304 4611 putam
323 4560 390 4598 noco
407 4544 503 4597 scetere
521 4546 664 4611 conflatam
682 4560 791 4612 eamque
808 4552 931 4612 opor-tm
950 4547 1065 4612 mendi.
