2948 5206
676 279 738 342 199

162 492 232 555 neque
249 481 347 539 tamen
370 475 455 538 inter
472 475 576 539 socios
594 473 751 538 militasse
770 466 967 553 dicamus¹);
992 491 1091 553 quam
1109 473 1303 536 sententiam

121 574 124 579 ’
159 586 179 641 rt
194 579 280 644 lutus
301 583 423 663 apertis
446 581 556 645 verbis
578 583 688 645 tuetur
712 583 744 644 et
768 580 1011 660 Campanorum
1036 578 1231 660 exemplum.

213 687 266 751 lam
288 689 376 770 quod
403 689 447 752 ad
474 688 560 753 banc
588 688 822 762 condicionem,
858 705 931 767 quae
960 705 1060 767 quam
1089 688 1159 748 tota
1186 684 1305 748 subac-

87 834 94 842 -
154 795 224 858 lorum
242 793 323 859 bello
347 799 495 878 cognatae
518 795 628 877 stirpis
652 793 847 876 populorum
872 793 978 870 fuerit,
1004 792 1054 855 vel
1078 811 1117 855 ex
1141 811 1180 855 eo
1203 794 1304 872 patet,

87 930 89 938 ·
149 899 207 979 quod
224 904 331 982 postea
354 921 523 984 nunquam
548 902 626 965 data
654 900 727 965 ullis
756 901 944 964 hominibus
973 899 1098 981 legitur,
1128 900 1214 962 cives
1237 899 1305 962 Ro·
1320 915 1360 954 2⁴⁵

146 1024 236 1082 nanos
268 1007 323 1088 qui
356 1008 510 1072 firmandi
538 1009 664 1089 imperii
700 1026 801 1071 causa
834 1009 868 1070 in
903 1007 1045 1071 colonias
1080 1007 1304 1084 mittebantur,

143 1110 258 1177 detrusos
280 1133 352 1178 esse
376 1115 527 1179 dixerunt
551 1116 662 1197 eisque
686 1114 782 1195 longe
801 1113 955 1195 praelatos
972 1113 1163 1195 permultos
1188 1113 1306 1194 quibus

140 1236 167 1280 er
192 1220 412 1302 peregrinitate
446 1222 479 1283 in
515 1222 680 1285 civitatem
720 1221 859 1302 receptis
894 1221 1007 1283 civitas
1042 1239 1116 1283 curn
1152 1220 1306 1301 suffragio

139 1324 260 1404 dabatur,
291 1346 393 1410 quam
421 1332 508 1392 esset
536 1328 569 1392 id
592 1347 652 1409 per
674 1346 710 1391 se
734 1328 863 1403 mirum,
892 1346 934 1390 ne
957 1326 1028 1390 illos
1052 1326 1184 1408 quidem
1207 1328 1305 1408 ipsos,

136 1434 175 1513 qri
192 1433 222 1497 id
243 1434 459 1511 attinuerunt,
495 1434 608 1499 fallere
636 1428 787 1516 potuit.²)
832 1434 957 1514 ltaque,
993 1438 1030 1498 ut
1057 1435 1217 1498 rationem
1247 1433 1306 1498 ali-

134 1557 210 1619 quarn
231 1539 414 1617 redderent,
438 1540 551 1605 faecem
576 1541 688 1623 populi
712 1542 745 1604 in
769 1560 825 1604 eas
849 1541 1044 1604 exhaustam
1069 1560 1306 1605 commemora·

134 1640 230 1726 runt⁸),
251 1647 353 1725 obliti,
382 1647 496 1712 faecem
519 1647 631 1729 populi
654 1648 732 1711 iuris
756 1647 931 1711 amissione
954 1647 1114 1711 offensam
1138 1667 1203 1712 non
1226 1667 1306 1711 sane

132 1749 230 1816 bonam
263 1753 402 1818 aliorum
436 1754 680 1836 tranquillitatis
709 1753 879 1817 custodem
908 1753 1052 1817 futuram
1084 1754 1194 1818 luisse.
1241 1753 1307 1817 Sed

132 1861 215 1922 totum
236 1862 296 1924 hoc
320 1860 363 1924 ad
394 1879 433 1924 ea
462 1864 622 1942 tempora,
658 1860 776 1943 quibus
808 1861 1009 1925 coloniarum
1041 1860 1306 1925 deducendarum

132 1966 197 2028 ratio
227 1970 296 2031 orta
331 1971 365 2031 et
393 1968 570 2032 constituta
598 1971 657 2045 est,
694 1967 736 2031 ab
772 1969 810 2031 iis
845 1967 1047 2048 temporibus
1081 1966 1306 2043 traduxerunt,

132 2070 228 2150 qubus
249 2073 299 2137 Ti.
324 2078 358 2137 et
388 2073 423 2139 C.
447 2073 585 2138 Gracchi
614 2074 757 2138 colonias
789 2074 984 2138 condebant.
1038 2073 1233 2156 Quanquam
1265 2093 1307 2137 ne

96 2184 99 2189 '
132 2174 295 2258 liquidem
323 2181 371 2244 ita
400 2180 488 2262 plebi
516 2181 637 2245 infimae
666 2181 834 2245 consulere
863 2184 1048 2263 potuerunt,
1084 2185 1121 2244 ut
1149 2188 1307 2262 tanquam

135 2280 227 2348 lacem
248 2289 432 2351 contentam
458 2307 529 2351 esse
553 2289 725 2352 commodo
750 2287 844 2369 agelli
869 2308 941 2351 cunr
961 2289 1186 2352 imminutione
1203 2288 1307 2370 digui-

138 2391 197 2455 tatis
213 2391 363 2458 iuberent.
398 2393 588 2475 Antiquitus
606 2414 768 2476 pauperes
781 2394 983 2476 plerumque,
1008 2395 1066 2458 sed
1084 2395 1161 2458 boni
1178 2394 1307 2470 milites,

138 2515 184 2576 spe
202 2499 267 2562 rita
289 2500 415 2564 facilius
438 2500 671 2577 sustentandae,
708 2502 769 2565 etsi
800 2521 873 2564 curn
904 2502 1015 2565 labore
1045 2501 1135 2583 (narn
1166 2521 1206 2565 ex
1230 2521 1308 2583 agro

87 2640 89 2649 =
140 2621 192 2666 non
219 2608 258 2670 ita
289 2628 410 2690 magno
437 2607 572 2672 colendo
602 2609 706 2670 victus
736 2606 969 2688 quaerebatur),
1004 2609 1237 2684 invitabantur,
1273 2613 1308 2672 ut

142 2717 274 2777 eommuni
296 2717 340 2779 rei
364 2714 504 2796 publicae
527 2714 605 2778 sede
622 2714 734 2777 relicta
753 2716 838 2777 inter
856 2715 992 2778 aliorum
1015 2735 1139 2778 morum
1159 2714 1308 2778 homines

144 2812 291 2900 inlidosque
312 2822 514 2891 habitarent:
543 2825 762 2903 poterantque
791 2821 885 2902 deligi
910 2821 1040 2902 publice
1064 2821 1106 2884 ad
1129 2822 1161 2884 id
1186 2822 1308 2885 militiae

99 2978 102 2983 -
146 2938 226 2999 tenus
244 2929 282 2991 rei
304 2929 441 3010 publicae
465 2923 736 3010 praestandum.⁴)
771 2929 838 2991 Nec
863 2932 989 2992 tantum
1016 2928 1093 2990 illud
1110 2929 1230 2991 mirum
1248 2932 1307 3003 est,
1323 2943 1362 2983 2⁴⁶

148 3077 371 3095 “n—*—

205 3187 396 3256 adnitterentur,
421 3192 448 3245 in
475 3208 570 3246 eorum
596 3209 695 3261 corpus
720 3195 857 3247 transisse.
895 3195 947 3247 Sed
967 3200 1025 3247 tota
1044 3211 1087 3247 res
1106 3195 1133 3247 in
1153 3194 1309 3247 coniectura

206 3277 275 3340 posita
290 3287 335 3334 est.
373 3277 465 3346 1834]

175 3354 191 3423 ¹)
204 3360 249 3417 ur.
263 3385 286 3436 p.
302 3367 352 3422 aaa
370 3375 427 3423 not.
447 3368 472 3422 a

175 3442 301 3510 'lincunt
321 3464 423 3522 tamen,
452 3475 502 3512 nee
526 3459 627 3511 indocti
652 3459 774 3528 alioquin
800 3461 934 3525 homines,
964 3478 1032 3529 quos
1057 3462 1095 3514 ita
1118 3460 1184 3513 nibil
1211 3461 1308 3513 horum

209 3541 312 3610 tubat,
339 3553 370 3601 ut
394 3549 487 3611 etiam,
516 3564 602 3615 quum
626 3547 685 3616 lege
710 3548 778 3602 [ulia
798 3549 893 3603 civitas
913 3552 1024 3603 daretur
1043 3549 1122 3603 sociis
1146 3556 1173 3602 et
1197 3549 1308 3605 Latinis.

209 3629 261 3684 solas
276 3636 388 3690 colonias
407 3636 509 3690 civium
528 3637 652 3689 exclusas
671 3642 808 3705 putarent,
829 3641 901 3707 quod
921 3641 994 3707 apud
1007 3640 1152 3707 scriptores
1166 3654 1261 3691 earum
1281 3638 1308 3691 in

210 3715 243 3770 illa
257 3738 280 3775 re
300 3726 372 3779 nulla
395 3725 474 3779 tieret
497 3725 600 3779 mentio
626 3724 689 3790 (boc
714 3727 824 3794 quidem
849 3744 943 3781 verum
964 3734 1018 3786 est;
1048 3727 1106 3780 dari
1125 3727 1207 3790 enim,
1236 3727 1309 3794 quod

211 3803 326 3878 habebant,
345 3832 415 3884 opus
434 3831 489 3868 non
509 3812 590 3879 erat);
611 3815 664 3868 vid.
683 3814 775 3868 Garat.
795 3816 829 3868 ad
849 3816 903 3869 Cic.
923 3834 972 3885 pro
988 3817 1050 3870 Cael.
1070 3817 1129 3868 loco
1148 3816 1230 3883 paulo
1246 3821 1309 3868 ante

211 3893 277 3952 citato.

182 3970 270 4040 ιΙΙεΙιιΙ
284 3990 395 4046 liothius
414 3992 448 4045 de
468 4009 497 4045 re
516 4009 592 4047 mun.
612 4012 637 4062 p.
658 3993 675 4045 5
694 3999 759 4057 not,
785 3994 1003 4061 Hoplensaclrius
1027 4013 1052 4063 p.
1073 3994 1106 4046 13
1131 4001 1185 4048 not.
1224 3995 1309 4047 Utun-

212 4073 244 4125 ΙΙΙ
257 4075 279 4130 in
294 4097 323 4134 ea
340 4099 369 4135 re
387 4081 513 4135 nonnulli
532 4082 601 4135 Livii
620 4082 686 4135 locis
706 4083 749 4145 ΙΙΙ,
771 4083 794 4146 1,
815 4083 845 4145 V,
870 4082 913 4146 ⁶24,
939 4083 984 4136 ubi
1006 4100 1040 4136 ne
1059 4084 1085 4136 id
1105 4084 1170 4136 dicit
1189 4083 1308 4151 quidem.

213 4153 285 4222 [11de
303 4169 453 4234 interdum,
482 4176 514 4223 ut
536 4171 648 4233 Walter,
677 4172 718 4224 sui
743 4171 832 4234 obliti,
862 4189 894 4224 ex
919 4172 1005 4224 firmis
1029 4172 1165 4226 veteranis
1190 4173 1309 4225 colonias

214 4255 340 4312 mutunus
358 4264 482 4312 narrant.
520 4258 609 4326 1834]

182 4326 198 4395 'l
212 4332 280 4399 Quum
302 4346 413 4402 Velitras
442 4348 597 4417 pestilentia
626 4354 746 4402 vastatas
776 4350 864 4402 coloni
894 4350 985 4417 scripti
1014 4367 1038 4402 a.
1058 4348 1110 4400 tlt-2
1134 4349 1172 4401 ire
1197 4350 1308 4409 nollent,

214 4420 321 4488 tanetum
343 4443 396 4502 est,
426 4442 458 4491 ut
482 4442 555 4490 sorte
579 4455 612 4490 ex
638 4438 766 4491 universo
791 4439 891 4507 populo
915 4438 1003 4491 coloni
1029 4439 1206 4500 ducerentur,
1235 4437 1310 4506 gravi
