2956 5190
658 251 723 317 280

93 451 249 524 Priorem,
279 449 334 529 qui
358 452 407 512 est
431 467 458 511 c.
481 447 535 521 47,
569 446 640 523 104,
674 457 948 514 commemoratus
971 449 1120 515 breviter
1140 472 1160 516 a
1179 455 1260 521 ursit
1323 464 1325 504 t

94 556 231 638 epistola
260 555 303 620 ad
331 553 429 619 Orell.
453 574 485 635 p.
509 553 550 618 47
584 537 716 637 (legibus
746 574 784 617 oc
813 555 962 620 iudicioli
994 555 1092 638 iore),
1127 559 1263 641 Zumptius

93 663 228 728 infirmis
251 660 451 744 argumentis
474 663 594 735 tuetur,
623 661 678 742 qui
701 663 867 742 receptam
891 682 931 727 ex
954 663 1093 745 optimis
1114 665 1201 730 codd.
1218 666 1264 731 dis

93 770 270 834 iunctivam
286 767 481 849 particulam
497 764 664 848 (amiud.)
688 767 774 832 inter
795 787 891 832 rores
914 768 1032 833 similis
1056 774 1093 835 et
1117 771 1266 837 coniuncte

92 876 242 954 notionis,
267 894 341 956 quae
365 874 560 938 rhetoricam
584 876 714 938 tantum
730 874 981 956 duplicationem
1002 876 1142 951 habent,
1166 877 1267 943 defend

92 986 187 1065 putat
211 1001 251 1046 ex
274 1001 323 1058 e0,
348 980 436 1063 quod
458 980 492 1044 in
514 979 666 1063 negativa
689 982 861 1045 sententiae
885 981 991 1046 forma
1016 983 1129 1047 dirimi
1153 1002 1198 1048 eae
1216 1003 1268 1066 poe

92 1090 157 1154 sint
179 1093 211 1153 et
234 1087 278 1153 ad
300 1092 483 1169 utramque,
519 1090 676 1169 tanquam
706 1087 842 1152 diversae
871 1088 1131 1170 significationis,
1165 1093 1271 1172 proptu

92 1196 232 1260 eandem
266 1195 332 1259 vim
366 1194 572 1266 rhetoricam,
608 1213 648 1257 ex
682 1213 742 1258 usu
778 1194 941 1259 Ciceronis
976 1196 1113 1277 negatio
1149 1192 1272 1278 repetii

38 1317 78 1358 ⁸4⁵
91 1300 216 1365 Deinde
238 1300 385 1364 iudiciali
407 1301 486 1379 iure,
522 1300 609 1382 quod
634 1304 666 1365 et
688 1320 747 1382 per
770 1320 805 1365 se
835 1301 1010 1366 molestum
1041 1306 1094 1367 est
1118 1306 1154 1366 et
1180 1304 1211 1366 in
1228 1302 1273 1367 bac

93 1409 317 1473 coniunctione
341 1407 501 1471 rhetorica
525 1407 633 1488 legum
657 1410 690 1471 et
713 1409 801 1481 iuris,
825 1407 938 1472 referri
962 1411 1061 1488 putat
1082 1408 1129 1473 ad
1145 1410 1195 1472 ius
1208 1408 1275 1485 beli,

93 1535 157 1596 quo
188 1514 301 1580 Cicero
331 1514 466 1577 Verrem
497 1513 760 1595 persequendum
791 1514 957 1596 significet.
1009 1514 1079 1579 Sed
1108 1535 1216 1598 neque
1239 1517 1277 1580 im

92 1622 168 1685 belli
192 1621 253 1686 hoc
277 1621 347 1685 loco
371 1621 403 1684 in
427 1619 587 1684 furtorum
612 1620 920 1684 commemoratione
944 1621 1065 1685 animis
1088 1623 1277 1697 occurrebat,

92 1729 151 1793 sed
173 1728 305 1793 omnino
328 1728 361 1791 in
384 1731 476 1791 tanta
499 1727 658 1791 scelerum
683 1728 929 1792 manifestorum
952 1727 1163 1809 impudentia
1185 1728 1280 1794 statim

92 1835 286 1956 supplicium
310 1854 382 1899 esse
405 1833 611 1909 sumendum,
635 1853 695 1898 nec
719 1836 752 1897 in
774 1834 829 1898 illo
852 1853 917 1898 uno
939 1833 1103 1898 vocabulo
1120 1837 1214 1910 iuris,
1235 1834 1282 1898 sed

92 1943 124 2006 in
140 1942 292 2007 omnibus
307 1941 413 2005 tribus
429 1941 735 2020 interrogationibus
751 1942 822 2005 haec
839 1940 1030 2022 significatio
1047 1940 1146 2005 inest.
1183 1941 1283 2023 ltaque

92 2069 193 2128 quum
217 2049 352 2113 accedat
375 2048 408 2111 in
432 2047 542 2112 codice
564 2047 689 2129 optimo
712 2048 801 2112 aliud
824 2047 934 2111 mendi
951 2047 1127 2129 vestigium
1146 2047 1284 2127 (iudicio-

94 2152 235 2235 lioiure),
260 2174 371 2218 veram
396 2155 590 2235 scripturam
614 2153 729 2235 opinor
752 2173 823 2218 esse
847 2152 965 2238 lepidos
989 2173 1027 2216 oc
1051 2155 1133 2231 iure,
1171 2155 1285 2236 relique

92 2263 164 2325 orta
188 2281 259 2325 esse
283 2281 322 2325 ex
347 2263 557 2326 annotatione
580 2262 721 2343 vulgaris
745 2261 869 2337 iormae,
901 2280 975 2342 quae
1007 2264 1057 2324 est
1080 2260 1205 2324 iudicio
1221 2282 1286 2344 per

91 2369 187 2452 sequi.
234 2368 269 2431 ln
294 2368 396 2448 quinti
420 2372 530 2432 aulem
556 2368 626 2432 libri
651 2387 678 2431 c.
702 2368 756 2443 42,
790 2368 851 2432 108
876 2366 964 2448 quod
994 2367 1093 2448 vulgo
1117 2367 1285 2432 edebatur:

93 2472 176 2537 Eum
196 2495 289 2558 quum
308 2475 367 2537 itta
385 2476 570 2538 oudoritotc
586 2482 613 2538 et
628 2476 759 2538 irrisor-io
775 2473 897 2543 uideres
907 2472 1094 2556 praeditum,
1121 2473 1156 2538 id
1173 2474 1286 2556 Zump-

92 2579 156 2644 tius
180 2580 348 2644 verissime
372 2583 404 2644 et
427 2600 485 2662 per
509 2601 544 2645 se
568 2600 705 2662 pravum
731 2601 802 2645 esse
826 2580 956 2656 iudicat,
986 2599 1089 2662 quum
1119 2599 1174 2644 res
1204 2581 1286 2643 dissi·

120 2824 140 2893 ¹)
159 2828 212 2882 Cir.
232 2830 357 2897 exempla
381 2828 469 2897 posita
492 2846 507 2882 a
527 2830 653 2898 Zumptio
677 2831 710 2883 ad
730 2831 775 2893 ΙΙΙ,
800 2828 843 2893 94,
868 2827 921 2879 220
944 2834 971 2882 et
995 2846 1011 2881 a
1035 2844 1079 2880 me
1106 2829 1135 2881 in
1160 2829 1240 2897 epist.
1257 2828 1287 2882 ad

162 2917 243 2971 Orell.
257 2935 282 2986 p.
297 2917 339 2980 66,
359 2917 458 2986 quibus
477 2919 548 2971 addo
567 2920 626 2972 Div.
646 2919 670 2975 a.
690 2918 724 2970 29
743 2917 805 2984 (non
825 2921 974 2972 moderor
993 2920 1086 2970 adesse
1105 2927 1287 2986 requereritur

161 3015 224 3059 tuor
251 3009 371 3061 iniurias
394 3007 533 3076 persequi)
562 3014 589 3062 et
613 3008 646 3061 de
671 3008 744 3062 Orat.
764 3008 814 3071 ΙΙΙ,
847 3006 894 3069 30,
929 3005 978 3057 121
1012 3005 1076 3071 (non
1107 3010 1180 3059 enim
1208 3009 1288 3060 solum

161 3098 282 3149 ocuerrdo
301 3097 377 3149 nobis
396 3114 478 3164 treptia
493 3090 669 3164 procudenda
689 3099 784 3164 lingua
802 3096 851 3157 art)
875 3094 914 3162 [et
933 3096 963 3149 N.
982 3096 1013 3148 D.
1033 3095 1079 3160 ΙΙΙ,
1104 3095 1148 3153 35,
1168 3093 1226 3162 86].
1262 3094 1288 3147 ld

161 3184 260 3253 ipsum,
288 3185 362 3254 quod
385 3185 525 3254 proprium
550 3191 591 3238 est
614 3187 748 3254 negativae
772 3186 922 3248 sententiae,
952 3190 982 3238 ut
1006 3185 1165 3252 singulatim
1191 3202 1223 3238 ac
1242 3185 1287 3237 dis

161 3274 252 3328 iuncte
271 3279 412 3342 negentur,
442 3291 503 3343 quae
527 3274 670 3327 coniuncte
695 3273 876 3336 affirmantur,
905 3273 1045 3326 transferri
1070 3274 1104 3326 ad
1125 3274 1286 3327 contrariam

161 3363 278 3416 formam
297 3380 353 3416 non
372 3369 474 3432 potest;
498 3380 548 3417 uec
567 3380 600 3416 ea
618 3362 801 3431 interrogatio,
827 3379 888 3430 quae
907 3362 958 3415 hoc
978 3363 1037 3415 loco
1056 3365 1105 3423 est,
1132 3362 1189 3416 ullo
1211 3361 1288 3415 modo

161 3469 194 3506 ex
219 3468 318 3520 genere
341 3453 501 3520 negantium
525 3458 578 3514 est,
607 3458 686 3514 esset,
711 3452 733 3504 si
753 3451 876 3504 dixisset:
905 3453 1019 3503 huncine
1038 3468 1084 3517 ego
1104 3454 1287 3520 peraequartt

161 3546 220 3595 turn
240 3546 360 3609 negaret,
384 3558 413 3594 se
437 3542 587 3598 factumne
616 3557 689 3594 nunc
708 3541 828 3593 aliirnrat
847 3544 874 3592 et
894 3540 1016 3593 miratur.
1055 3540 1162 3593 Deinde
1181 3540 1288 3593 incaute

160 3629 304 3698 Zumptius
323 3630 357 3683 ad
377 3630 421 3694 ΙΙΙ,
446 3629 489 3693 24,
514 3630 548 3682 60
566 3631 604 3684 ita
623 3629 724 3692 scribit,
753 3629 830 3697 quasi
850 3645 987 3697 nusquam
1007 3627 1035 3681 in
1054 3629 1184 3696 negativa
1202 3629 1289 3682 forma

160 3718 276 3787 simplex
295 3720 392 3787 copula
411 3719 579 3773 intercedere
598 3719 683 3788 possit
702 3719 808 3771 duabus
828 3717 985 3771 notionibus
1004 3717 1126 3785 cognatis
1152 3717 1181 3770 in
1207 3733 1289 3770 unam

160 3808 356 3876 generaliorem
376 3807 527 3861 coniunctis
551 3805 640 3874 [cuius
659 3807 765 3875 generis
784 3806 909 3875 exempla
925 3811 992 3860 sunt
1011 3806 1044 3859 de
1064 3805 1123 3858 Dir.
1144 3805 1165 3867 l,
1185 3805 1228 3867 19,
1248 3805 1289 3867 37,

160 3896 194 3949 de
214 3897 278 3964 imp.
298 3895 392 3964 Pomp.
411 3895 454 3959 20,
474 3895 517 3959 59,
541 3914 590 3965 pro
609 3896 662 3949 Mil.
683 3895 707 3958 ἴ),
728 3893 786 3962 13],
812 3912 876 3948 nam
902 3896 975 3964 quod
995 3895 1053 3964 ipse
1073 3894 1184 3962 excipit,
1203 3894 1226 3947 si
1245 3895 1290 3947 illo

160 3985 219 4038 loco
237 4002 292 4039 non
310 3986 440 4038 obscurus
458 4001 507 4052 pro
526 4000 581 4038 uno
600 3985 733 4039 vocabulo
752 3990 832 4045 esset,
860 3984 888 4036 id
911 3985 965 4038 huc
989 4000 1044 4038 non
1068 3984 1201 4052 pertiuet;
1231 3990 1290 4038 turn

160 4074 234 4127 enirn
253 4074 381 4127 universa
399 4074 535 4127 sententia
549 4075 675 4143 negativa
690 4091 744 4128 uon
760 4078 838 4128 esset.
867 4073 971 4127 Deinde
990 4079 1079 4127 autel
1095 4091 1179 4142 neque
1194 4074 1291 4128 eodem

160 4161 220 4215 loco
239 4162 323 4216 habet
345 4160 439 4227 (etiarn
463 4163 498 4216 ad
517 4162 562 4229 lll,
587 4162 645 4228 94);
675 4163 731 4226 sed,
759 4163 806 4216 ubi
831 4162 912 4230 plane
937 4161 1072 4216 rhetorica
1096 4163 1290 4217 tantummodo

160 4255 202 4303 est
220 4249 369 4315 dissolutio,
398 4259 445 4304 out
470 4252 561 4305 locum
586 4253 631 4305 rix
655 4252 745 4311 habet,
775 4251 822 4305 sed
842 4256 951 4304 tantum
969 4268 1052 4319 neque
1071 4267 1104 4304 ex
1124 4251 1289 4319 praecedenti

160 4339 304 4407 negatione
323 4345 422 4393 ortum.
459 4339 518 4393 Non
538 4339 660 4393 accidere
679 4339 800 4407 potuisse
819 4345 894 4408 puto,
919 4345 949 4393 ut
968 4339 1061 4393 Cicero
1081 4357 1130 4408 pro
1150 4356 1191 4404 eo,
1217 4339 1291 4408 quod

160 4426 227 4481 dixit
246 4427 290 4490 ΙΙΙ,
310 4427 351 4491 55,
371 4426 437 4481 123:
461 4431 509 4497 qui
532 4446 585 4482 non
605 4430 711 4483 Honori
734 4446 816 4497 neque
841 4430 942 4480 Virtuti
959 4425 1105 4496 (templum
1126 4430 1247 4481 Honorio
1266 4436 1290 4482 tt

165 4516 279 4568 tinctio
298 4515 450 4584 significat),
470 4517 572 4571 diceret
591 4519 698 4571 Honori
715 4526 763 4570 crit
787 4519 895 4570 Virtuti.
