2956 5190
634 220 697 284 467

156 414 280 479 Deinde
304 417 425 492 autem,
451 434 551 495 quum
575 435 664 497 saepe
689 415 762 479 duae
787 414 931 479 actiones
955 415 1075 480 futurae
1092 417 1138 480 sic
1155 417 1265 481 animo

62 523 300 604 concipiantur,
324 525 360 585 ut
384 520 479 585 simul
503 520 638 585 ulterius
662 522 818 603 temporis
842 524 1044 585 momentum
1063 523 1263 595 obversetur,
1279 539 1305 579 a«

62 647 207 711 quocum
241 629 269 692 si
303 630 548 709 comparentur,
584 629 824 708 praeteritarum
859 628 1002 708 speciem
1037 629 1196 705 habeant,
1231 630 1265 694 in

60 738 205 817 utraque
240 733 367 799 actione
401 733 548 798 notanda
582 735 688 798 Latini
723 734 833 797 futuro
869 736 983 798 exacto
1018 737 1163 798 utuntur.
1215 735 1266 798 Fit

62 846 177 907 autem
201 841 234 906 id
256 845 338 917 tum,
373 860 474 922 quum
503 841 550 904 rei
579 840 697 905 futurae
726 841 1026 905 commemorationi
1059 841 1265 923 adiungimus

62 948 199 1013 alterius
222 947 489 1030 significationem
514 948 547 1011 in
571 967 610 1010 ea
633 947 679 1010 sic
702 948 844 1023 inclusae,
872 951 908 1011 ut
932 948 1028 1012 simul
1053 967 1125 1011 cum
1151 967 1189 1011 ea
1213 948 1264 1023 sit,

62 1058 124 1120 aut
146 1054 337 1131 iudicantes,
367 1055 472 1136 qualis
495 1053 584 1136 prior
606 1053 670 1128 illa,
702 1073 802 1134 quum
827 1055 972 1136 perfecta
996 1054 1102 1132 fuerit,
1132 1056 1264 1136 appari·

60 1164 140 1226 tura
163 1162 214 1238 sit,
239 1161 357 1242 quidve
382 1180 422 1224 ea
445 1161 597 1225 effectum
622 1160 739 1224 datura
763 1161 813 1238 sit,
850 1164 907 1225 aut
930 1161 1149 1238 ostendentes,
1186 1161 1263 1242 quid

62 1288 104 1332 ex
129 1287 169 1332 ea
191 1268 238 1332 ita
260 1271 426 1348 sequatur,
463 1270 500 1331 ut
528 1267 593 1331 iam
622 1268 718 1332 simul
748 1287 822 1331 cum
851 1267 922 1349 ipsa
947 1268 1199 1332 existimandum
1223 1268 1265 1332 sit

60 1374 257 1457 perlectum.
303 1372 354 1455 (si
376 1373 412 1436 id
432 1372 557 1455 secema,
581 1381 661 1437 recte
682 1373 815 1455 feceris,·
844 1375 873 1438 ai
896 1373 978 1436 illud
1001 1373 1139 1456 effecere,
1167 1375 1263 1438 simul

61 1480 121 1545 doc
153 1482 274 1562 eicere,·
307 1482 336 1544 ai
370 1501 474 1544 arcem
508 1483 660 1564 ceper-itis,
696 1488 792 1544 totam
819 1480 928 1544 urbem
956 1479 1122 1563 ceperitis.)
1169 1480 1263 1545 Hunc

61 1607 162 1652 usum
184 1586 285 1651 futuri
302 1588 417 1665 exacti,
442 1586 584 1669 positum
602 1589 635 1650 in
654 1587 805 1651 notandis
824 1588 1006 1652 actionibus
1024 1587 1150 1663 tuturis
1176 1588 1263 1669 quod

61 1695 107 1759 ad
129 1694 229 1759 finem
253 1693 378 1769 attinet,
415 1697 562 1776 tempore
585 1694 730 1775 paribus,
767 1695 821 1775 qui
846 1713 885 1757 ex
909 1695 1015 1775 prima
1037 1694 1169 1758 notione
1194 1694 1262 1758 eius

62 1800 178 1866 tormae
201 1800 353 1866 facillime
376 1801 478 1864 oritur
508 1804 540 1864 et
563 1801 616 1863 vix
641 1801 683 1864 ab
708 1820 746 1864 ca
771 1801 917 1873 discedit,
948 1820 1049 1882 quum
1078 1801 1261 1882 superiores

62 1908 172 1972 minus
194 1906 281 1971 bene
303 1907 542 1983 tractavissent,
566 1909 649 1990 Aug.
674 1907 859 1972 Matthaeus
875 1906 928 1989 (eo
944 1907 1025 1984 loco,
1050 1925 1147 1987 quem
1164 1906 1261 1988 paulo

61 2019 141 2079 ante
164 2015 197 2078 in
219 2015 366 2096 margine
394 2011 573 2102 nominavi)
605 2017 637 2078 et
668 2014 824 2095 exemplis
857 2013 1045 2090 declaravit,
1081 2013 1179 2077 etiam
1212 2013 1260 2091 iis,
1275 2042 1302 2082 aa

60 2121 96 2185 in
119 2119 239 2202 quibus
262 2120 347 2185 actio
369 2120 524 2202 primaria
548 2121 740 2202 imperativo
763 2126 820 2184 aut
843 2120 994 2185 ablativis
1017 2120 1260 2202 participiorum

62 2226 168 2291 aliove
192 2228 290 2292 modo
313 2228 492 2310 significata
516 2231 612 2305 essct,
648 2232 685 2291 ut
716 2228 865 2309 putidum
896 2227 938 2291 sit
966 2227 1060 2308 plura
1084 2227 1259 2301 cumulare,

61 2352 137 2415 quae
160 2337 313 2415 poterant
336 2354 407 2399 esse
430 2335 565 2412 infinita,
594 2337 692 2399 etiam
718 2354 735 2398 e
760 2332 900 2409 comicis,
936 2334 970 2396 et
993 2334 1072 2397 satis
1096 2333 1181 2397 bene
1204 2353 1261 2396 ex·

60 2439 195 2522 pedivit,
230 2441 328 2506 modo
360 2443 457 2523 paulo
488 2443 633 2523 pressius
664 2443 849 2505 universam
881 2441 1041 2505 rationem
1074 2439 1260 2520 complexus

61 2550 160 2611 esset.
169 2542 203 2627 ¹)¹
231 2546 296 2610 Sed
319 2550 425 2613 estin
448 2549 510 2612 hac
533 2567 569 2611 re
593 2567 682 2611 error
706 2547 832 2629 aliquis,
857 2549 912 2629 qui
936 2567 977 2611 ne
995 2548 1121 2629 longius
1139 2552 1259 2630 serpat,

133 2794 210 2864 Capt
229 2795 262 2858 ll,
286 2794 311 2860 2,
340 2795 374 2848 60
401 2795 429 2848 in
458 2795 521 2849 edit.
550 2795 633 2848 trium
662 2794 785 2858 comoed,
813 2794 929 2848 Ellendt.
949 2795 982 2848 ad
1008 2795 1061 2849 Cic.
1086 2795 1163 2849 Brut.
1182 2793 1199 2861 ξ
1216 2795 1259 2857 21,

133 2883 272 2938 Heinrich.
291 2884 325 2937 ad
345 2884 399 2938 Cic.
419 2885 452 2937 de
471 2900 501 2937 re
520 2901 545 2951 p.
562 2885 573 2937 1
591 2900 618 2952 p.
638 2882 690 2935 200
709 2888 736 2936 et
754 2882 816 2944 201,
835 2883 882 2951 qui
900 2883 992 2937 nascio
1011 2884 1149 2951 quomodo
1168 2900 1259 2938 recon-

133 2972 190 3025 dita
208 2977 236 3027 et
254 2973 360 3026 inclusa
378 2979 468 3026 serrat
486 2977 623 3041 praecepta
642 2969 711 3037 sua.)
748 2972 817 3025 lllud
842 2988 897 3025 non
922 2973 1037 3026 dubium
1061 2979 1110 3033 est,
1135 2973 1202 3041 quin
1221 2974 1259 3027 in·

131 3061 241 3115 terdum
260 3062 319 3115 haec
337 3061 487 3115 similitudo
506 3062 619 3115 actionis
638 3060 816 3130 praecedentis
840 3061 909 3114 adeo
927 3062 1071 3130 perspicue
1089 3062 1258 3120 excludatur.

132 3154 163 3202 ut
181 3150 275 3204 futuro
293 3155 389 3204 exacto
407 3150 499 3203 nullus
518 3151 553 3203 sit
571 3151 655 3204 locus.
692 3150 746 3203 Nec
769 3155 800 3202 ut
818 3153 844 3201 si
857 3158 980 3218 potuero,
1004 3150 1043 3203 sic
1061 3159 1193 3218 quantum
1207 3168 1258 3218 po·

131 3247 207 3292 tuero
225 3255 292 3292 usus
311 3239 420 3307 recepit.
457 3239 510 3292 Sed
529 3239 590 3292 ideo
609 3239 667 3291 haec
686 3237 749 3302 dixi,
773 3255 808 3292 ne
827 3238 896 3306 quis,
916 3244 946 3292 ut
964 3239 1170 3293 Lindemannus
1189 3240 1206 3292 l.
1225 3256 1257 3297 e..

130 3327 204 3382 hunc
223 3344 305 3381 usum
323 3333 459 3380 certorum
479 3328 626 3381 verborum
645 3328 673 3380 in
692 3327 828 3381 sententia
846 3326 1009 3380 secundaria
1023 3343 1057 3380 ex
1072 3328 1179 3380 duabus
1194 3344 1258 3381 con-

131 3417 229 3486 iugatis
252 3417 432 3472 contunderet
450 3433 513 3470 cum
532 3433 583 3470 usu
603 3416 725 3469 eiusdem
745 3416 839 3470 formae
858 3417 893 3469 ad
908 3416 1033 3469 futurum
1054 3416 1171 3484 simplex
1185 3433 1258 3470 acce

131 3506 214 3561 dente
231 3507 260 3560 in
278 3506 421 3560 sententiis
440 3505 576 3574 primariis
594 3505 638 3557 vel
657 3504 833 3570 secundariis
857 3510 1036 3574 narraretque
1055 3505 1164 3565 iterum,
1183 3522 1256 3573 saepe

129 3594 168 3648 sic
195 3595 260 3664 poni
289 3597 391 3663 dixere,
418 3597 509 3648 cidere
537 3595 611 3662 apud
639 3593 805 3648 Ciceronem.
842 3597 945 3648 Dixere
973 3611 1007 3648 ne
1036 3593 1122 3647 altero
1145 3593 1257 3661 quidem

130 3684 221 3736 modo.
249 3683 318 3737 Nam
338 3683 507 3737 Goerenzium
532 3683 597 3751 quid
621 3699 834 3737 commemorem
853 3684 899 3749 (ad
918 3683 971 3736 Cic.
992 3684 1025 3736 de
1044 3682 1090 3736 fin.
1110 3683 1130 3743 1,
1150 3683 1192 3746 20,
1212 3681 1257 3749 69)

129 3773 158 3825 in
177 3773 291 3841 optativi
310 3772 420 3826 nomine
439 3772 579 3826 ludentem
599 3777 634 3835 et,
662 3777 693 3825 ut
711 3772 788 3831 solet,
816 3788 902 3840 quum
926 3773 1071 3825 modorum
1090 3776 1257 3840 temporum-

129 3877 184 3930 que
203 3861 329 3915 Latinam
348 3862 483 3918 rat'uuem
502 3861 629 3930 expedire
648 3861 751 3929 nequit,
771 3862 806 3914 ad
825 3860 910 3914 Graeci
929 3861 1071 3925 sermonis,
1091 3861 1168 3914 cuius
1187 3861 1256 3914 mire

129 3949 273 4018 imperitus
292 3956 340 4015 est,
365 3951 477 4004 nomina
496 3949 717 4018 confugientem?
745 3949 792 4017 qui
810 3949 854 4003 bic
873 3949 957 4002 semel
977 3950 1135 4002 nominatus
1153 3949 1196 4012 sit,
1221 3966 1255 4002 ne

128 4056 240 4109 prorsus
258 4038 463 4107 praetermisisse
482 4056 544 4092 eum
566 4039 666 4102 videar,
686 4039 733 4106 qui
746 4038 829 4091 etiam
842 4037 1008 4105 singularem
1023 4038 1154 4091 defuturi
1168 4038 1255 4092 exacti

128 4129 156 4181 vi
175 4127 299 4196 optativa
316 4128 536 4181 dissertationem
555 4127 701 4196 scripserit.

85 4215 107 4284 ¹)
127 4217 164 4271 lis
183 4216 322 4285 exemplis,
342 4234 402 4286 quae
416 4217 570 4270 Matthiaeus
589 4216 680 4286 posuit
698 4214 835 4270 coniuncti
854 4216 939 4269 luturi
959 4216 1046 4270 exacti
1065 4215 1111 4280 (de
1130 4233 1160 4270 re
1173 4216 1254 4269 simul

128 4322 192 4359 cum
211 4306 297 4359 altera
314 4305 397 4359 duem
422 4303 560 4372 habitura)
589 4310 616 4358 et
640 4304 770 4373 simplicis
798 4303 841 4370 (de
866 4320 895 4357 re
918 4309 980 4374 post
1003 4310 1183 4359 consecutura
1207 4312 1254 4359 aut

128 4392 279 4460 duratura),
308 4394 369 4448 addi
394 4394 452 4448 baec
475 4399 602 4462 possunt:
631 4393 684 4447 Cic.
704 4394 738 4447 ad
758 4394 832 4447 Fam.
852 4394 923 4457 lllll,
948 4394 990 4457 tivi,
1015 4393 1072 4447 Liv.
1092 4394 1185 4451 XXVI.
1210 4393 1253 4457 43,

127 4484 181 4538 Cic.
201 4500 251 4552 pro
269 4483 337 4537 Rab.
356 4483 429 4536 Post.
449 4481 492 4545 16,
515 4481 563 4536 44:
587 4484 789 4537 Amicissimum
807 4485 940 4536 hominem
959 4484 1136 4537 silvanectum
1153 4485 1253 4551 spolia-

630 4597 633 4601 ·
988 4570 1037 4623 30⁴
