2956 5190
626 295 691 361 209

54 493 167 559 foedus
190 494 312 574 recepti
335 488 457 574 sunt¹),
493 492 610 556 eadem
639 491 732 569 ratio,
769 492 827 556 sed
855 491 954 574 paulo
978 492 1182 574 implicatior,
1218 493 1262 558 ad

55 601 204 666 colonias
221 601 263 664 ab
279 600 448 677 Romanis,
473 599 607 676 Latinis,
630 597 782 662 Hernicis
801 598 918 662 missas
934 599 1178 678 transferretur,
1201 620 1264 665 ne-

57 727 150 774 cesse
182 711 264 784 erat,
299 725 381 788 quas
416 705 548 789 quidem
579 705 743 770 communi
772 704 905 769 consilio
933 705 1146 783 deducerent3
1180 727 1259 772 nam

55 814 164 880 multa
187 833 208 878 a
231 813 364 895 singulis
388 813 492 877 tribus
516 811 645 894 populis
663 809 809 892 (Latinos
834 810 920 875 enim
944 832 1004 894 pro
1028 832 1093 878 uno
1110 813 1173 878 hoc
1190 814 1263 879 loco

55 939 235 986 numerare
257 919 334 984 licet
356 923 390 983 et
412 918 525 983 itidem
549 915 722 999 Hernicos)
758 923 852 983 extra
879 919 969 984 illam
999 921 1260 985 coniunctionem

57 1027 147 1093 bella
169 1030 262 1110 gesta
286 1044 368 1102 esse,
392 1029 492 1107 atque
516 1024 599 1089 adeo
622 1027 707 1089 inter
729 1026 818 1107 ipsos
835 1026 896 1090 bos
913 1026 1050 1108 populos
1067 1030 1159 1108 gesta
1178 1045 1261 1105 esse,

56 1135 140 1201 satis
164 1141 214 1199 est
236 1139 362 1198 notum.
408 1131 522 1212 Neque
545 1132 771 1197 Romanorum
800 1152 907 1216 neque
936 1134 1126 1199 Latinorum
1155 1152 1265 1215 neque

56 1240 278 1306 Hernicorum
315 1259 363 1305 eae
399 1259 470 1304 esse
504 1243 658 1321 poterant
696 1239 846 1316 coloniae,
888 1240 946 1305 sed
985 1259 1080 1305 novae
1115 1242 1263 1305 civitates

58 1366 174 1413 eorum
210 1346 325 1412 foederi
359 1347 521 1411 adiuncta
557 1350 590 1411 et
624 1351 792 1429 parentes,
833 1366 907 1428 quae
941 1348 1065 1412 Latinae
1101 1346 1260 1430 appellari

57 1453 205 1536 quodam
227 1454 327 1519 modo
350 1456 382 1518 et
405 1457 476 1517 tum
499 1457 660 1535 poterant,
696 1453 784 1535 quod
811 1455 909 1536 stirps
934 1455 1059 1532 Latina,
1095 1453 1261 1535 adquam

58 1562 238 1626 maximam
263 1563 391 1642 partem
414 1560 556 1625 Romani
585 1579 715 1641 quoque
744 1562 962 1642 pertinebant,
991 1561 1157 1643 praecipua
1180 1562 1262 1637 erat,

58 1671 93 1732 et
126 1667 232 1732 multo
259 1669 365 1750 magis
392 1671 517 1749 postea,
554 1685 666 1748 quum,
702 1666 832 1732 sublato
865 1666 1084 1732 Hernicorum
1119 1668 1260 1745 nomine,

58 1772 144 1839 Latii
167 1777 202 1838 et
228 1774 419 1838 Latinorum
449 1772 626 1855 appellatio
655 1773 795 1855 amplius
824 1768 1006 1856 patebat.²)
1052 1774 1174 1838 Verum
1196 1774 1262 1838 Ro·

56 1882 160 1957 mani,
183 1881 309 1945 unitate
332 1879 449 1945 virium
472 1882 633 1962 potentes,
657 1879 700 1944 ab
724 1879 815 1945 initio
838 1880 1036 1958 nitebantur,
1061 1884 1106 1958 ut,
1130 1880 1262 1944 sublata

58 1986 193 2052 foederis
228 1986 425 2069 aequalitate,
460 1987 593 2051 Latinos
628 1990 662 2050 et
695 1985 854 2051 Hernicos
889 1989 922 2051 in
956 1991 1119 2069 potestate
1153 1986 1261 2069 potius

58 2112 161 2176 wan]
185 2094 308 2158 amicos
330 2093 501 2170 haberent,
525 2093 624 2175 idque
648 2093 818 2158 consilium
838 2095 957 2177 saepius
974 2097 1137 2158 tentatum
1162 2097 1195 2157 et
1217 2094 1260 2157 ob

58 2202 206 2282 ipsorum
221 2200 445 2264 Romanorum
471 2198 684 2276 calamitates,
709 2199 798 2264 velut
817 2201 1003 2266 incendium
1021 2201 1190 2278 Gallicum,
1215 2201 1261 2265 ita

57 2306 292 2384 intermissum,
327 2309 364 2370 ut
393 2305 500 2371 Latini
532 2309 567 2370 et
596 2305 730 2370 Hernici
761 2308 859 2388 plane
890 2328 911 2372 a
938 2309 1097 2373 Romanis
1121 2306 1261 2389 disiungi

57 2413 257 2490 viderentur,
292 2411 474 2494 perfectum
506 2415 612 2478 estin
636 2414 759 2479 Latinis
784 2416 869 2479 circa
892 2434 1015 2479 annum
1040 2415 1103 2479 338
1128 2434 1158 2479 a.
1183 2413 1258 2478 Chr.
1275 2432 1315 2475 ssa

56 2540 103 2598 n.,
126 2522 162 2585 in
184 2519 344 2595 Hernicis,
369 2519 396 2584 si
420 2522 508 2585 recte
532 2520 642 2586 omnia
663 2521 849 2600 traduntur,
873 2521 1040 2604 aliquanto
1065 2526 1150 2604 post.
1175 2522 1261 2586 circa

57 2647 89 2692 a.
113 2627 190 2692 306.
237 2626 340 2690 Simul
362 2628 484 2709 partim
506 2626 634 2693 interna
663 2628 824 2693 discordia
847 2630 968 2711 partim
992 2630 1133 2693 externis
1158 2628 1259 2693 bosti-

56 2737 122 2801 bus
145 2734 346 2817 urgentibus,
380 2733 424 2799 ad
448 2737 630 2798 extremum
653 2734 880 2800 Romanorum
902 2754 1013 2817 opera,
1045 2735 1170 2800 facilius
1193 2734 1260 2799 sin·

56 2842 151 2927 gulos
175 2861 275 2924 quam
299 2841 487 2905 coniunctos
510 2842 731 2923 subigentium
749 2846 782 2905 et
799 2843 992 2924 regentium,
1016 2842 1133 2907 horum
1157 2862 1260 2925 popu·

56 2949 164 3014 lorum
199 2949 372 3014 societates
407 2947 500 3030 quasi
535 2947 768 3012 dissuebantur
796 2952 830 3012 et
857 2948 992 3013 concilia
1016 2948 1224 3013 tollebantur.
1232 2943 1259 3030 ³)

55 3054 140 3120 Haec
163 3074 204 3119 ex
227 3073 292 3137 quo
314 3054 383 3118 fieri
408 3058 515 3137 coepta
538 3059 624 3131 sunt,
648 3056 789 3138 primurn
808 3055 888 3119 nihil
906 3055 1063 3120 intererat
1080 3056 1259 3121 admodum

56 3161 247 3238 interillos,
283 3181 365 3243 quas
393 3161 468 3238 dixi,
505 3162 647 3226 colonias
670 3180 818 3227 seorsum
843 3162 1036 3226 constitutas
1060 3166 1093 3227 et
1115 3163 1256 3245 reliquas

56 3268 373 3343 contestatione
409 3267 469 3332 nisi
498 3269 586 3350 quod
616 3269 649 3334 in
679 3269 740 3333 illis
769 3273 896 3334 veteres
923 3268 1038 3333 incolae
1061 3289 1128 3334 non
1151 3269 1258 3335 Latini

55 3374 275 3441 remanebant
306 3376 488 3457 turbasque
523 3377 664 3440 excitare
698 3379 861 3458 poterant.
915 3375 1054 3455 Deinde,
1091 3380 1256 3442 crescente

54 3482 184 3564 imperii
206 3480 349 3547 Romani
373 3484 528 3565 potentia,
553 3487 626 3547 orta
649 3488 698 3548 est
721 3503 807 3549 nova
830 3484 913 3547 ratio
937 3482 970 3546 in
987 3483 1173 3565 regionibus
1197 3502 1256 3565 op·

52 3589 206 3672 pidisque
239 3589 393 3663 subactis,
429 3609 503 3670 quae
537 3591 707 3655 hominum
743 3591 825 3655 alius
860 3593 959 3670 atque
993 3591 1119 3654 Latinae
1147 3589 1257 3670 stirpis

53 3700 175 3772 essent,
210 3715 277 3761 non
306 3695 458 3761 Romana
488 3697 652 3778 praesidia,
688 3697 747 3762 sed
780 3716 882 3761 novas
913 3696 1060 3762 civitates
1088 3697 1258 3761 hominum

54 3803 185 3886 cognati
207 3803 585 3885 generisconstituendi,
621 3823 699 3886 agro
729 3824 749 3868 a
778 3805 936 3869 Romanis
967 3804 1088 3885 praedae
1117 3802 1256 3868 dominis

53 3911 231 3992 assignato,
267 3930 341 3992 quae
369 3909 485 3974 eodem
514 3911 584 3975 iure
607 3915 640 3974 et
663 3909 786 3975 foedere
809 3910 967 3975 Romanis
991 3913 1154 3992 parerent,
1190 3929 1255 3990 quo

83 4209 105 4277 ¹)
124 4212 165 4266 De
183 4212 226 4265 bis
245 4212 393 4266 federibus
411 4211 480 4266 nihil
502 4217 603 4266 nostrae
627 4212 666 4266 rei
690 4228 773 4266 eausa
797 4228 866 4281 opus
890 4217 932 4265 est
956 4210 1008 4265 diei
1032 4216 1094 4279 post
1117 4208 1256 4264 Niebubrii

128 4301 257 4370 disputat.
276 4301 345 4355 Hist.
365 4301 444 4355 Hom.
464 4301 489 4355 ll
507 4318 535 4370 p.
554 4301 661 4355 43-48
679 4307 707 4355 et
724 4318 751 4370 p.
771 4299 805 4353 93
824 4317 883 4368 sqq.

83 4386 106 4457 ²)
124 4389 321 4455 Ferentinates,
340 4391 388 4460 qui
406 4389 516 4444 Hernici
535 4391 644 4461 proprie
666 4396 753 4454 erant,
772 4395 875 4459 postea,
894 4389 941 4443 ubi
960 4389 1083 4443 condicio
1102 4394 1130 4442 et
1148 4388 1191 4443 ius
1209 4404 1257 4442 no·

128 4484 211 4543 tatur,
230 4479 388 4549 simpliciter
407 4479 496 4533 Latini
515 4479 690 4549 appellantur
708 4479 765 4533 Lir.
785 4479 903 4544 XXXIV,
922 4477 966 4533 42.

83 4563 107 4635 ³)
126 4567 181 4622 crr.
199 4584 283 4638 supra
301 4586 327 4637 p.
346 4565 406 4623 220.

1009 4656 1043 4709 14
