2956 5190
750 277 813 343 162

183 475 269 540 enim
295 473 409 540 tacturi
433 473 565 556 aliquid,
590 474 617 538 si
641 473 719 554 quid
743 473 810 550 fiat,
835 471 1062 537 aeondicione
1078 491 1147 537 non
1164 471 1296 555 pendet,
1316 474 1362 538 sel

182 586 310 647 tantum
335 583 443 664 ipsum
466 580 584 645 lacere.
618 578 722 662 Vulgo
746 578 877 662 quidem
897 597 983 643 nunc
1000 597 1103 661 prave
1119 578 1271 644 scribunt
1284 579 1363 661 plui·

182 709 256 772 que,
285 688 343 753 sed
366 707 462 753 usum
487 686 676 751 Latinorum
693 686 773 751 satis
798 685 1001 750 demonstrat
1023 684 1140 751 Cicero
1162 685 1207 751 de
1231 685 1364 762 Dirinl

184 797 234 874 15,
260 796 318 860 26:
342 794 396 858 ubi
419 799 488 857 erat
510 814 691 876 mansurus,
714 795 744 858 si
767 795 814 856 ire
830 793 1031 876 perrexisset,
1057 796 1090 856 et
1111 792 1151 871 Π,
1176 792 1210 869 8,
1234 790 1367 863 20:8511,

182 924 277 988 quum
301 901 452 985 auspiciis
474 899 717 983 obtemperatum
737 900 861 983 fuisset,
890 900 1068 963 interitura
1091 899 1211 963 classes
1232 919 1295 962 uos
1312 898 1368 980 fue·

183 1016 257 1073 ruat
273 1012 344 1086 cet,
370 1012 402 1072 et
417 1027 449 1089 p.
466 1006 549 1071 Sest.
567 1006 619 1085 38,
644 1007 702 1071 81:
726 1006 797 1070 Hoc
819 1025 936 1092 quaro,
959 1004 1096 1070 iudices:
1119 1007 1150 1069 si
1171 1005 1231 1069 ilio
1245 1004 1370 1090 &qous

184 1118 245 1180 ista
270 1114 393 1195 Clodia,
417 1111 499 1198 quod
524 1111 633 1193 facere
661 1114 766 1195 coluit,
797 1111 953 1195 effecisset,
981 1112 1010 1175 si
1038 1110 1075 1175 P.
1100 1109 1371 1176 suisa-ocant

183 1229 267 1297 esset,
299 1219 447 1301 fuistisne
471 1218 514 1282 ad
537 1239 631 1282 arma
654 1221 733 1283 ituri
738 1219 755 1282 ?
774 1219 922 1301 fuistisne
944 1239 997 1282 oos
1020 1221 1103 1283 cet?
1133 1239 1178 1283 au
1201 1220 1298 1283 etiam
1317 1226 1371 1283 us

183 1328 379 1414 quiesceretis
407 1328 489 1390 cet?
535 1325 648 1407 ltaque
677 1325 883 1390 subiunctivo
917 1325 1016 1390 modo
1051 1328 1117 1390 est:
1154 1325 1236 1410 quid
1262 1325 1371 1407 fastui

181 1435 320 1517 fueritis,
355 1452 422 1497 non
447 1432 599 1515 fuissetis,
632 1435 668 1496 ut
695 1431 781 1496 intra
808 1429 826 1511 ἓ
851 1432 904 1495 24.
950 1430 1178 1513 seiungendus
1209 1436 1264 1497 est
1284 1430 1372 1514 (quod
1417 1464 1419 1469 v

184 1539 387 1625 grammatici
409 1558 476 1603 non
499 1536 635 1619 faciunt)
659 1559 737 1603 usus
755 1539 889 1607 alterius
906 1537 1067 1620 participii
1084 1537 1226 1620 passivi;
1251 1538 1372 1603 namin

185 1668 224 1712 eo
247 1667 347 1730 quum
372 1645 470 1710 futuri
494 1646 583 1709 notio
611 1664 676 1710 non
705 1650 774 1709 tarn
803 1645 937 1709 definita
966 1646 1017 1722 sit,
1052 1647 1163 1726 potest
1189 1643 1373 1708 indicativus

185 1755 271 1838 poni,
299 1757 336 1817 ut
363 1754 510 1816 seiuncta
532 1751 623 1815 verbi
647 1752 843 1817 substantivi
866 1756 900 1816 et
922 1751 1083 1834 participii
1105 1750 1242 1815 notione
1264 1749 1374 1832 signifi·

185 1863 285 1938 cetur,
315 1861 437 1922 statum
461 1878 536 1922 eum
560 1857 670 1936 fuisse,
699 1862 745 1936 ut,
774 1858 802 1922 si
826 1857 971 1923 condicio
994 1855 1105 1938 aliqua
1126 1856 1298 1934 incideret,
1324 1874 1374 1920 ne·

185 1966 325 2031 cessario
348 1964 469 2046 aliquid
486 1965 588 2043 fieret,
612 1969 720 2047 potest
744 1967 843 2029 etiam
867 1963 1100 2030 coniunctivus.
1135 1962 1217 2044 (Cir.
1242 1983 1303 2046 pro
1319 1960 1374 2027 llil

185 2074 237 2150 22,
273 2072 315 2137 58
345 2091 418 2135 cum
443 2072 469 2135 ll
498 2073 538 2135 de
568 2072 672 2136 Divin.
697 2072 727 2150 8,
763 2070 830 2153 20.)
877 2069 1014 2136 Librarii
1048 2069 1185 2135 modum
1219 2069 1267 2134 ad
1300 2088 1374 2152 prc-

186 2179 303 2244 cedens
345 2180 449 2242 essetis
488 2178 786 2243 accommodarunt.
851 2175 932 2259 [Cir.
967 2177 1052 2242 infra
1086 2177 1114 2241 ll
1148 2197 1182 2258 p.
1211 2176 1278 2241 227
1313 2194 1374 2258 sqq.

186 2287 237 2350 ed.
262 2283 326 2368 pn]

273 2391 376 2456 Paulo
400 2393 473 2473 post
496 2410 523 2454 c.
548 2391 578 2468 8,
604 2391 647 2454 24
669 2391 702 2454 in
726 2390 891 2456 codicibus
917 2392 1011 2455 bonis
1037 2388 1127 2471 (ura,
1151 2390 1233 2467 Col,
1258 2389 1376 2470 Dresd,

187 2499 279 2565 codd.
304 2496 432 2579 Lamb.)
457 2502 489 2561 et
512 2498 545 2561 in
568 2497 779 2562 mediocrium
802 2498 897 2579 longe
920 2497 1067 2579 plurimis
1091 2495 1187 2578 (Oxx.
1207 2498 1239 2575 4,
1264 2497 1376 2572 Hauc,

186 2607 237 2671 ed.
262 2627 291 2670 a.
319 2603 416 2685 1472)
440 2604 600 2681 scribitur,
626 2608 661 2667 ut
684 2624 743 2686 ego
768 2603 868 2667 edidi:
894 2603 1051 2667 Prohibiti
1073 2605 1146 2667 estis
1168 2605 1204 2667 ia
1216 2605 1378 2687 proeium

186 2721 289 2778 ecura
306 2713 419 2796 pectem
438 2732 566 2795 ponere,
591 2718 619 2774 et
636 2711 791 2794 prohibiti
813 2731 937 2775 samara
960 2732 1029 2773 curn
1050 2711 1189 2785 iniurio3
1214 2711 1248 2774 in
1273 2706 1378 2793 paucis

132 2837 171 2877 200
185 2821 304 2885 nullius
328 2819 539 2892 auctoritatis,
564 2818 684 2900 quique
704 2816 782 2880 nihil
799 2836 839 2880 ex
856 2817 1010 2898 singulari
1028 2817 1149 2899 origine
1166 2816 1293 2900 proprii
1308 2817 1379 2883 boni

186 2926 310 2990 habent
333 2924 441 3008 (pith,
470 2926 490 2988 3
514 2922 621 3005 Onu),
651 2927 715 2987 est:
746 2943 874 3006 ponere,
903 2931 938 2987 ut
955 2923 1137 3007 perhibetis,
1166 2944 1293 2988 cumaea
1317 2946 1380 2989 cua

187 3034 319 3096 irriaria.
366 3033 513 3114 Apparet
536 3030 741 3112 interpolatio
765 3029 904 3093 hominis
929 3032 1079 3107 verentis,
1111 3049 1152 3094 ne
1176 3034 1249 3097 haec
1273 3032 1380 3097 Cicero

187 3159 227 3202 ex
250 3138 349 3202 animi
373 3138 535 3202 sententia
559 3137 678 3200 dixisse
702 3136 875 3201 videretur.
911 3135 996 3201 Hinc
1013 3137 1153 3201 conflata
1170 3142 1221 3202 est
1238 3158 1258 3203 a
1276 3139 1381 3203 nescio

187 3265 251 3327 quo
275 3245 416 3326 primum
441 3243 564 3307 editore
589 3243 720 3324 vulgata
737 3244 897 3324 scriptura
921 3251 949 3306 et
966 3243 1130 3326 prohibiti,
1154 3252 1188 3307 ut
1199 3244 1380 3327 perhibetis,

187 3371 286 3433 quarn
318 3352 350 3415 in
381 3351 469 3415 nullo
500 3352 579 3431 puto
611 3370 682 3414 esse
715 3351 834 3414 codice.
882 3350 967 3414 Nam
995 3350 1093 3414 etiam
1123 3350 1281 3416 Gruterus
1306 3350 1382 3416 illud

189 3467 221 3523 ut
238 3457 411 3542 perhibetis
433 3477 453 3521 a
476 3458 543 3521 suis
568 3457 690 3538 aliquot
713 3459 831 3521 abesse
855 3457 1036 3534 confitetur,
1061 3458 1160 3539 quisi
1178 3458 1381 3536 attendisset,

188 3565 230 3630 ab
254 3565 302 3642 iis,
328 3564 482 3645 aquibus
499 3565 561 3628 hoc
578 3583 642 3628 non
661 3566 802 3642 abesset,
827 3564 965 3628 alterum
984 3564 1119 3628 vidisset
1136 3565 1263 3630 abesse.
1299 3566 1382 3631 Rem

189 3671 316 3737 conficit
339 3670 491 3751 loquendi
514 3690 602 3734 usus.
649 3671 762 3752 Neque
786 3673 873 3735 enim
891 3671 1058 3755 perbibere
1081 3673 1170 3753 apud
1193 3672 1382 3738 Ciceronem

187 3784 244 3843 aut
268 3778 369 3842 ullum
393 3777 515 3841 bonurn
544 3797 650 3859 prosae
678 3780 834 3843 orationis
865 3780 1056 3860 scriptorem
1088 3783 1139 3843 est
1169 3778 1283 3843 dicere.
1331 3780 1384 3844 Bis

188 3885 299 3949 Cicero
334 3887 427 3947 vetus
461 3883 523 3948 hoc
551 3889 584 3948 et
611 3886 774 3967 poeticum
803 3886 939 3949 verbum
969 3886 1001 3949 in
1036 3905 1134 3967 prosa
1162 3886 1311 3950 oratione
1339 3886 1384 3951 ita

188 3992 305 4073 posuit,
341 3994 377 4054 ut
405 3994 491 4054 esset
520 4013 589 4054 irrora
618 3991 713 4055 trecate
743 4012 881 4054 coarcere
905 3999 932 4055 et
960 4013 1201 4055 corroseraorare
1224 3991 1337 4074 (Tusc.
1361 3994 1383 4070 l,

192 4100 245 4161 1‘2:
286 4096 483 4181 quaoriaoe
515 4097 638 4179 fratres
671 4101 809 4162 uictoria
838 4099 951 4181 populi
985 4098 1123 4162 Romani
1153 4101 1258 4163 reuretii
1284 4099 1385 4182 fuisse

183 4203 399 4285 pec-bibentur,
424 4209 457 4267 et
480 4205 522 4268 ad
540 4206 630 4269 Fam.
648 4206 684 4282 V,
712 4207 767 4270 12:
794 4204 858 4268 Nec
882 4208 985 4269 arciacas
1008 4213 1051 4270 est
1074 4206 1251 4290 Spartiates
1275 4207 1385 4292 Aqesi·

189 4310 260 4372 lares
284 4310 335 4373 ille
352 4309 596 4392 periuratum
620 4313 722 4377 altero
745 4313 926 4395 significatu
944 4333 1117 4394 nusquam.
1152 4311 1304 4395 [Duobus
1324 4315 1385 4380 illis

190 4416 266 4478 locis
290 4416 415 4479 accedit
438 4418 551 4481 tertius
576 4418 616 4481 de
639 4419 679 4483 R.
704 4420 739 4483 P.
765 4420 801 4497 ll,
832 4421 862 4497 2,
894 4418 941 4502 4.]
988 4421 1101 4501 ltaque
1130 4421 1225 4485 huius
1254 4441 1385 4504 quoque

189 4523 276 4585 vocis
300 4522 417 4586 indicio
441 4531 660 4605 agnoscuntur
683 4527 801 4591 veteris
826 4530 932 4609 poetae
955 4547 1068 4592 versus
1086 4530 1119 4593 in
1137 4528 1192 4592 lib.
1210 4529 1237 4592 ll
1256 4528 1297 4594 de
1315 4529 1385 4593 rin.
