2948 5206
629 278 693 343 183

115 475 175 539 imis
195 477 225 538 et
246 472 342 556 quasi
368 473 507 556 publieae
535 473 658 537 habere
688 472 853 538 debebant
888 493 992 555 eaque
1027 475 1070 538 ab
1106 475 1256 540 universo

115 581 195 663 opulo,
218 599 257 644 ex
280 599 346 662 quo
367 579 623 658 deducebantur,
647 580 800 645 ordinari.
835 581 949 662 Itaque
966 581 1256 658 constituebantur,

115 687 173 752 tait
192 686 312 751 Gellius
334 686 429 767 (XVI,
461 685 525 768 13),
558 689 651 772 quusi
679 687 799 772 efficies
815 708 929 771 parcoe
952 688 1183 772 simulacraque
1200 707 1258 771 po·

115 794 147 857 ιλλ
162 792 292 856 Βοιτισιτί
302 788 339 876 ¹),
374 793 462 875 quod
484 787 631 876 'pertinet
659 813 725 858 non
753 794 858 859 solum
888 793 930 857 ad
958 813 1110 876 agrorum
1138 793 1258 858 limita·

115 893 236 981 ροισι),
285 918 398 964 verum
440 901 538 965 etiam
582 899 625 964 ad
667 901 732 976 ius,
781 920 891 964 rerum
933 899 1257 978 administrationem,
1272 917 1312 958 aas

115 1008 274 1088 capistratus
296 1006 468 1088 quosdam.
514 1006 709 1072 Colonorum
733 1026 917 1085 numerum,
942 1007 1095 1088 quoniam
1119 1014 1151 1071 et
1174 1007 1259 1072 anti-

115 1111 181 1192 pitus
200 1113 333 1178 trecenti
356 1114 476 1195 saepius
499 1113 590 1178 missi
614 1113 765 1177 dicuntur
789 1120 821 1178 et
844 1116 969 1195 postea,
993 1117 1148 1178 renovato
1173 1114 1259 1179 colo-

115 1219 155 1281 nias
179 1221 290 1284 civium
324 1218 473 1283 mittendi
508 1239 609 1298 more,
644 1219 731 1284 idem
760 1239 916 1284 numerus
944 1218 1061 1283 missus
1089 1221 1123 1283 in
1151 1220 1260 1302 plures

115 1318 173 1406 οῖ’),
190 1326 309 1391 ratione
333 1327 443 1408 aliqua
466 1326 509 1391 ad
525 1325 695 1408 antiquam
713 1327 825 1410 populi
840 1327 982 1391 Romani
999 1321 1273 1391 distributionem

135 1604 149 1673 ι)
160 1609 210 1664 llic
223 1611 356 1680 pleniores
375 1611 544 1665 coloniarum
563 1610 734 1665 definitiones
751 1609 786 1662 ab
799 1607 919 1676 antiquis
932 1609 1117 1677 grammaticis
1135 1614 1260 1680 sumpta,

162 1698 226 1753 attera
242 1701 325 1754 etiam
349 1699 461 1754 Latinas
486 1700 677 1768 complectens,
703 1699 776 1767 apud
801 1698 926 1751 Servium
951 1697 1202 1766 ladVirg.AEn.1,
1227 1699 1261 1751 12

164 1786 244 1842 uood.
263 1788 352 1854 Fnld.)
370 1793 479 1842 exstant
498 1788 557 1854 (cfr.
576 1787 652 1842 Nieb.
672 1788 705 1851 11,
724 1786 783 1850 49):
811 1787 883 1840 Sane
907 1794 1005 1839 verme
1023 1789 1142 1841 colonias
1159 1791 1199 1842 ι’ίσ
1217 1791 1261 1842 ἀα-

164 1876 243 1939 irim.
281 1879 394 1932 Οσλοιιίσ
412 1886 550 1931 careretur
574 1894 666 1931 eorum
688 1878 834 1943 hominum,
858 1879 907 1944 qui
928 1879 1049 1929 uniuersi
1070 1878 1177 1930 deducti
1197 1885 1262 1930 sunt

166 1965 271 2019 λτλοοιιιτι
288 1975 390 2020 certum
414 1969 535 2034 (edificiis
557 1969 699 2031 munitum,
723 1982 800 2034 quem
824 1972 895 2018 certo
917 1968 978 2017 iure
999 1966 1153 2019 obtinerent.
1190 1967 1262 2019 Alii:

167 2053 242 2107 roloriu
259 2064 304 2122 στί,
323 2073 385 2125 quo
404 2058 496 2109 uraca
514 2049 625 2104 ἄποικία
643 2063 769 2118 vocatum
787 2057 860 2107 dicta
879 2061 968 2107 autem
987 2062 1025 2107 eat
1044 2071 1062 2107 a
1080 2056 1200 2118 colenda·
1224 2064 1262 2109 est

168 2148 229 2194 τνίιιιι
240 2160 311 2211 pore
328 2147 426 2198 civium
445 2152 494 2198 aut
511 2147 645 2198 sonorum
663 2147 756 2209 missa,
784 2143 832 2194 ubi
853 2159 910 2194 rem
930 2143 1069 2209 ptcblicam
1092 2145 1207 2196 habeant
1229 2160 1263 2196 ec·

170 2244 267 2286 ίίτίιττιι
284 2250 343 2286 τινα
360 2235 477 2286 sicimis
500 2241 548 2286 aut
561 2234 671 2301 publico
694 2236 752 2286 eius
766 2234 871 2300 populi,
891 2234 962 2285 unde
975 2234 1093 2300 profecti
1110 2240 1182 2296 sunt,
1201 2249 1262 2286 corr·

170 2318 217 2372 tilio.
246 2323 294 2374 11oe
312 2330 403 2376 auum
421 2324 530 2376 colorioe
548 2329 619 2388 τνιιί,
643 2338 704 2389 quoe
721 2338 755 2373 erc
773 2338 904 2375 consensu
917 2322 1034 2389 publico,
1058 2338 1112 2374 non
1129 2337 1163 2373 τα
1180 2337 1262 2374 ecces-

170 2408 219 2460 u'orr
232 2419 291 2464 τιιπί
309 2413 430 2464 conduc
467 2410 507 2464 De
525 2409 638 2463 coloniis
657 2409 778 2478 antiquis
797 2410 924 2464 universe
943 2409 1053 2478 Dionys.
1072 2409 1209 2463 Halicarn.
1228 2409 1261 2475 11,

170 2491 202 2547 lt:
219 2501 303 2566 Τρίτον
326 2492 359 2561 ἤν
377 2498 413 2548 ἔτι
431 2494 565 2568 Ῥωμύλον
588 2497 731 2566 πολίτευμα
750 2494 777 2548 ro*
795 2495 863 2566 μήτε
887 2493 1077 2565 κατασφάττειν
1099 2493 1200 2563 ἡβηδόν
1217 2493 1263 2554 ulo

171 2576 253 2644 λλοότιις
268 2588 375 2657 πολέμῳ
394 2583 489 2650 πόλεις,
513 2583 577 2655 μήτε
596 2582 852 2654 ἀνδραποδίζεσθαι,
878 2585 948 2655 μηδὲ
970 2591 1024 2654 γῆν
1046 2583 1134 2636 αὐτῶν
1156 2581 1261 2636 ιῖνιίναι

172 2670 295 2740 μηλόβοτον,
319 2672 388 2726 ἄλλα
415 2671 578 2745 κληρούχους
604 2675 641 2732 τίς
667 2671 748 2732 urinis
774 2671 943 2726 ἀποστέλλειν
970 2674 1011 2726 ἐπὶ
1038 2678 1112 2743 piper
1141 2674 1191 2725 τινλ
1218 2679 1262 2737 τῆς

171 2755 239 2828 liuns,
262 2767 305 2816 rui
331 2767 418 2816 ποιεῖν
445 2761 570 2820 ἀποικίας
595 2760 737 2831 Ῥωμαίων
763 2759 809 2819 τοὶς
835 2767 1023 2830 κρατηθείσας,
1050 2762 1133 2819 ἐνίαις
1160 2762 1189 2813 δὲ
1216 2764 1262 2813 καὶ

173 2848 267 2911 πολιτείας
282 2850 465 2922 μεταδιδόναι,
494 2855 548 2908 Nec
566 2855 638 2907 male
657 2854 764 2907 Siculus
783 2853 895 2906 Flaccus
913 2853 958 2919 (de
977 2853 1080 2906 condic.
1099 2870 1186 2921 agror.
1205 2854 1262 2922 pl

174 2937 200 2990 tl·
213 2940 299 3010 docel:
322 2945 439 2998 Θολοττίω
458 2946 519 2996 inde
537 2946 622 3010 ἀλοία,
642 2946 713 3012 quod
727 2944 847 3010 populus
866 2944 1006 2996 Romanus
1024 2945 1053 2994 in
1068 2959 1100 2995 ea
1113 2945 1262 3009 municipia

174 3029 251 3084 rimor
266 3034 378 3100 colonos,
405 3034 445 3085 vel
468 3035 504 3086 ad
528 3036 600 3100 ipsos
614 3035 724 3100 priores
750 3034 959 3098 municipiorum
972 3035 1089 3099 populos
1107 3034 1263 3087 coercendos

175 3117 200 3166 ttl
211 3123 238 3173 ud
252 3123 365 3176 lortium
385 3125 513 3174 incursus
530 3122 702 3188 repellendos.
731 3119 877 3188 Municipia
895 3119 963 3173 dixit
982 3119 1116 3174 inferioris
1132 3121 1262 3189 temporis

175 3217 224 3259 utre
237 3211 338 3279 oppida.

149 3280 232 3349 'lltlln
255 3299 280 3351 in
306 3301 359 3352 hac
386 3297 567 3366 descriptione
596 3315 658 3351 curu
687 3298 805 3350 Romani
833 3299 890 3366 agri
918 3298 1050 3351 divisione
1078 3299 1263 3366 comparanda

175 3378 275 3451 hariolari,
302 3389 376 3456 quod
399 3387 563 3440 Niebuhrius
587 3387 676 3440 iacere
701 3387 809 3440 ridetur
833 3385 868 3452 (11
887 3404 913 3455 p.
932 3384 990 3452 55);
1018 3387 1065 3454 qui
1084 3387 1158 3454 quod
1176 3388 1262 3440 semel

175 3471 221 3525 tati
235 3476 292 3530 dicit
309 3476 354 3542 (de
374 3476 414 3541 iis,
434 3475 481 3543 qui
500 3475 596 3528 Anxur
614 3475 723 3528 deducti
743 3481 805 3529 sunt
826 3493 850 3529 a.
863 3473 935 3541 329),
955 3476 1019 3529 bina
1038 3476 1150 3544 singulis
1169 3475 1263 3543 iugera

173 3556 223 3626 tau,
244 3564 311 3618 idem
334 3565 361 3619 in
386 3564 528 3618 Lavicanis
552 3563 654 3617 colonis
678 3563 714 3627 (a.
734 3562 797 3630 418)
821 3564 913 3618 Livius
932 3564 1025 3617 scribit
1043 3563 1098 3630 (IV,
1117 3561 1171 3629 47).
1209 3564 1262 3616 Sed

173 3644 284 3707 &meanis
301 3657 338 3719 (a.
357 3652 421 3720 384)
444 3654 509 3707 bina
527 3654 619 3720 iugera
645 3659 672 3706 et
696 3652 823 3706 semisses
846 3653 998 3720 assignatos
1023 3653 1105 3706 tradit
1128 3649 1183 3716 (Vl,
1209 3651 1261 3715 16).

172 3728 229 3798 lilim
254 3742 342 3810 iugera
374 3744 439 3796 data
470 3743 550 3795 solita
581 3747 698 3795 testatur
731 3742 838 3794 Siculus
871 3741 957 3795 Flaco.
985 3759 1011 3810 p.
1038 3741 1072 3792 15
1096 3740 1131 3804 G,
1160 3758 1185 3808 p.
1212 3739 1262 3791 153

172 3821 264 3897 latim]
297 3833 395 3886 Postea
418 3832 580 3886 Parmenses
604 3836 711 3894 octona,
740 3830 906 3884 Mutinenses
930 3831 1014 3900 quina
1037 3831 1130 3897 iugera
1153 3845 1261 3897 accepe

172 3920 219 3968 rut
231 3918 260 3983 [a
279 3920 339 3985 183;
364 3921 421 3974 Lir.
441 3920 560 3983 XXXIX,
584 3919 637 3985 55).
675 3919 707 3972 A.
726 3918 779 3970 395
798 3919 890 3972 Livius
909 3919 950 3985 (V,
969 3918 1014 3985 24)
1039 3918 1182 3972 consilium
1201 3934 1262 3986 cap·

172 4005 215 4056 ⁰11ss
229 4015 309 4063 narrat
328 4010 494 4064 deducendae
513 4010 541 4062 in
557 4009 667 4062 Volscos
686 4008 808 4072 coloniae,
828 4007 856 4060 in
875 4025 931 4075 qua
950 4013 1028 4061 terna
1047 4009 1139 4075 iugera
1158 4012 1185 4060 et
1204 4024 1262 4075 sep·

172 4094 243 4148 tucos
258 4098 391 4151 darentur.

141 4168 285 4238 'l'lrtceutos
302 4186 446 4254 Dionysius
464 4185 509 4250 (ll,
528 4186 563 4239 35
582 4191 609 4239 et
628 4185 673 4251 53)
693 4186 826 4250 CaeninaS,
846 4185 1006 4247 Antemnae,
1031 4184 1145 4236 Fidenas
1165 4183 1261 4237 missos

171 4277 252 4334 nunu
272 4275 381 4329 totidem
400 4292 425 4328 a
443 4273 496 4326 3⁶29
515 4292 539 4328 a.
560 4275 607 4329 ch.
626 4276 723 4329 Anxur
741 4275 834 4328 Livius
859 4272 940 4338 (Vlll,
960 4272 1013 4338 21),
1032 4272 1146 4326 totidem
1165 4290 1189 4325 a.
1210 4271 1261 4323 194

170 4353 268 4414 (anuo
284 4370 361 4432 capto
379 4380 403 4417 eu
420 4362 482 4429 197)
499 4364 673 4429 Vulturnum,
693 4365 844 4427 Liternum,
864 4363 1000 4425 Puteolos,
1020 4361 1172 4424 Salernum,
1191 4361 1261 4415 Bux·

172 4449 246 4501 cutum
262 4451 371 4517 OiXXII,
390 4452 433 4516 29,
452 4452 569 4517 XXXIV,
589 4453 632 4506 45.
670 4453 722 4507 Gir.
742 4453 817 4506 Nieb.
837 4453 870 4515 ll,
890 4452 943 4516 55).
980 4451 1083 4504 Tamen
1103 4455 1130 4503 et
1149 4450 1261 4503 Larisos

171 4533 426 4607 arretinorum.
446 4547 500 4594 not
519 4557 595 4609 prox.
615 4541 687 4610 sup.)
706 4541 781 4595 mille
800 4541 962 4610 quingentos
981 4540 1099 4602 colonos
1124 4538 1171 4607 qui
1190 4537 1262 4591 cives
