2948 5206
630 301 692 369 737

57 522 126 569 non
158 501 299 568 hominis
334 500 425 583 (quia
457 499 599 565 criminis
631 498 780 564 confictio
816 519 882 565 non
912 504 980 565 tam
1013 503 1093 566 certi
1122 503 1263 569 hominis

60 614 133 675 erat
148 629 249 691 quam
265 609 344 683 eius,
369 606 555 688 quicunque
573 606 753 671 conductus
777 613 864 671 esset
887 607 931 671 ab
952 608 1080 673 Rosciis
1104 614 1137 674 et
1160 610 1263 694 Chry·

57 714 207 799 sogono),
230 719 267 779 ut
284 716 356 780 haec
372 716 458 778 inter
475 733 511 778 se
527 714 741 778 referrentur:
766 714 1264 804 domator—Roscii-Otryso

55 844 169 909 ponus,
192 825 308 905 postea
333 822 375 885 ab
399 820 509 901 aliquo
533 820 733 903 adscriptum
758 823 808 883 est
830 819 938 901 ipsum
963 821 1071 887 Erucii
1093 844 1224 889 nomen.

148 927 167 1009 ὅ
191 930 231 992 61
258 927 410 992 Halmius
441 926 620 991 Hotomani
649 927 869 992 coniecturam
900 929 1060 995 Lambino
1089 932 1263 1012 probatam

59 1054 203 1117 sequens
226 1037 272 1098 sic
295 1035 439 1116 scripsit:
463 1035 590 1097 restituo
612 1033 701 1097 nobis
724 1033 898 1118 aliquando
920 1041 1052 1098 veterem
1069 1042 1157 1099 tuom
1172 1037 1264 1099 ittam

56 1142 268 1206 calliditatem
292 1147 384 1227 atquo
400 1140 620 1224 praedantium,
644 1147 700 1204 auc
722 1140 866 1221 confitero
889 1141 993 1204 taluc
1010 1163 1048 1206 ec
1064 1162 1118 1225 spe
1134 1144 1263 1223 reomao,

57 1248 143 1334 quod
161 1248 370 1332 procreatio
392 1248 605 1328 latrocinium,
628 1267 691 1310 ooo
707 1246 862 1311 iudicium
879 1248 1037 1329 futurum,
1062 1249 1262 1331 addiditque,

58 1355 166 1438 qualis
201 1357 234 1419 in
268 1354 402 1436 vulgata
435 1355 597 1434 scriptura
621 1352 862 1437 (prudentiam
901 1354 1059 1437 confitere,
1094 1356 1155 1419 truc
1188 1353 1264 1437 cet.)

56 1463 223 1527 sententia
245 1464 341 1538 esset,
366 1460 437 1524 aliis
460 1479 496 1524 se
520 1460 811 1524 demonstrandum
836 1461 1029 1543 relinquere.
1064 1463 1112 1527 Ea
1130 1463 1263 1528 demon·

58 1569 177 1634 stratio
201 1568 296 1651 (pace
320 1568 521 1650 egregiorum
546 1567 692 1631 'virorum
716 1566 866 1648 dixerim)
889 1587 956 1633 non
979 1569 1025 1633 ita
1042 1569 1181 1634 difficilis
1199 1573 1262 1644 est3

57 1675 132 1758 ipsa
156 1676 241 1740 enim
271 1674 474 1740 confessione
504 1673 714 1738 calliditatem
745 1675 932 1739 restitutum
964 1675 1002 1739 iri
1031 1676 1144 1741 Cicero
1166 1676 1263 1757 signi·

58 1782 148 1859 flcat,
183 1782 355 1847 scitissime
386 1781 512 1845 ludens.
558 1780 653 1844 Nunc
676 1780 773 1857 enim,
809 1780 964 1847 Cicerone
988 1787 1102 1848 contra
1125 1783 1263 1859 dicente,

59 1889 169 1954 Erucii
192 1893 386 1971 argumenta
408 1892 477 1952 tam
501 1888 673 1969 nugatoria
697 1906 769 1950 esse
793 1893 940 1970 apparet,
965 1892 1003 1953 ut
1018 1889 1127 1953 obtusi
1143 1888 1263 1970 ingenii

57 1999 231 2061 accusator
254 1996 412 2073 videatur,
438 1995 493 2078 qui
516 2013 583 2058 non
605 1993 804 2075 speciosiora
827 1995 1058 2076 excogitaverit
1080 1998 1148 2072 aut,
1178 1996 1205 2058 si
1229 1995 1262 2059 id

56 2121 125 2167 non
155 2104 312 2184 potuerit,
348 2102 481 2167 omnino
511 2103 544 2164 in
576 2103 743 2165 certamen
773 2100 993 2175 descenderim
1028 2102 1120 2166 salva
1150 2104 1262 2165 autem

56 2209 120 2274 erit
150 2208 336 2274 calliditatis
368 2209 455 2285 laus,
491 2208 518 2271 si
549 2207 684 2271 Erucius
715 2206 883 2272 confessus
915 2207 1026 2285 luerit,
1061 2207 1195 2272 minime
1226 2227 1262 2272 se

56 2315 190 2398 fugisse,
215 2335 313 2398 quam
338 2335 455 2397 parum
479 2315 523 2379 ad
545 2313 810 2396 persuadendum
831 2314 984 2395 ponderis
1001 2314 1035 2378 in
1054 2314 1261 2379 accusatione

57 2425 156 2500 esset,
180 2423 238 2487 sed
262 2421 438 2487 credidisse
461 2441 506 2495 se,
529 2420 696 2504 nemiuem
713 2438 958 2501 responsurum,
981 2423 1020 2485 ut
1037 2421 1165 2503 quidvis
1182 2439 1260 2485 con-

56 2529 181 2611 fingere
204 2532 237 2593 et
265 2529 374 2593 dicere
402 2528 481 2592 satis
510 2530 606 2591 esset.
653 2526 776 2591 Contra
803 2527 838 2590 in
865 2526 1044 2592 Hotomani
1074 2528 1260 2593 coniectura

55 2635 149 2700 nulla
172 2638 222 2699 est
244 2640 335 2699 recta
357 2634 535 2711 sententia3
559 2652 667 2714 neque
690 2632 776 2697 enim
800 2635 890 2716 optio
914 2635 1057 2699 dabatur
1073 2634 1199 2712 Erucio,
1224 2637 1260 2698 ut

56 2749 115 2806 out
136 2741 208 2805 haec
231 2741 442 2806 confiteretur
464 2747 521 2804 oto
542 2744 688 2805 veterem
712 2740 923 2805 calliditatem
943 2743 1146 2817 restitueret;
1169 2740 1259 2805 nulla

56 2850 145 2913 enim
170 2849 234 2913 alia
257 2849 326 2912 eius
349 2847 560 2925 restituenda
583 2849 729 2928 potestas
752 2851 932 2929 supererat,
962 2848 1170 2913 accusatione
1193 2846 1260 2912 iam

54 2958 202 3039 peracta.
840 2999 846 3012 .

147 3060 166 3143 ἕ
187 3063 230 3126 80
253 3062 428 3125 edebatur:
455 3060 539 3139 Quid
563 3079 635 3143 erpo
659 3067 713 3140 cst,
737 3079 796 3144 quo
819 3059 948 3123 tandem
971 3067 1135 3124 ocaaotor
1150 3061 1260 3143 impio

56 3175 318 3252 orqomcntorum
340 3167 541 3252 confugerit?
565 3166 761 3247 ambagibus
785 3166 1007 3247 interrogandi
1030 3185 1095 3231 nou
1120 3165 1258 3241 Latinis3

54 3276 170 3356 itaque
200 3275 266 3339 iam
295 3279 372 3339 ante
406 3273 557 3356 separavi
591 3276 705 3337 notam
737 3272 828 3336 illam
862 3272 1084 3354 interrogandi
1119 3272 1258 3337 formam

56 3380 160 3465 (Quid
182 3401 255 3466 crgo
279 3380 366 3462 esst),
391 3401 457 3463 qua
479 3379 611 3455 utimur,
637 3398 748 3460 quum,
778 3378 850 3443 aliis
872 3379 1010 3455 reiectis,
1043 3380 1202 3443 instamus
1226 3387 1259 3443 et

55 3489 101 3566 id,
126 3488 214 3571 quod
237 3491 337 3571 caput
360 3491 393 3552 et
415 3507 530 3551 verum
560 3488 619 3563 est,
653 3485 830 3551 subiecturi
859 3505 983 3549 sumus.
1030 3485 1095 3549 Sed
1124 3486 1258 3549 vitiosus

57 3598 110 3659 est
133 3595 372 3670 coniunctivus3
395 3613 503 3675 neque
527 3594 614 3657 enim
638 3594 732 3673 quasi
755 3591 940 3657 deliberans
960 3592 1001 3656 de
1018 3592 1129 3656 tuturo
1146 3590 1258 3656 Cicero

56 3703 247 3784 interrogat,
283 3701 341 3766 sed
372 3700 449 3782 quid
478 3700 614 3764 Erucius
643 3700 710 3762 iam
733 3698 859 3764 dixerit.
906 3700 1013 3763 Etiam
1038 3698 1188 3762 Halmius
1212 3697 1258 3779 (in

56 3807 145 3872 Add.
169 3811 202 3872 et
225 3808 302 3872 edit.
321 3806 460 3888 minore)
483 3806 625 3891 confugit
640 3805 736 3870 scribi
754 3806 864 3884 voluit,
889 3806 948 3870 sed
964 3805 1258 3887 interpunctionem

56 3914 225 3996 vulgarem
250 3915 394 3979 retinuit.
404 3909 430 3996 ¹)

86 4124 111 4193 ¹)
128 4128 168 4181 Ex
186 4127 262 4196 praei.
282 4128 324 4181 ed.
344 4127 373 4180 6:
392 4125 409 4193 ἕ
426 4124 462 4179 89
484 4129 594 4194 ,poesia
613 4125 636 4179 si
656 4142 751 4179 verum
771 4131 851 4189 esset,
871 4123 977 4178 infinite
995 4124 1117 4192 positum
1136 4128 1208 4177 asset
1224 4141 1256 4166 =

129 4232 196 4270 man
214 4217 302 4276 laum
326 4216 375 4271 sed
393 4215 515 4270 secunda
532 4230 651 4283 persona
669 4215 789 4268 eundem
808 4213 870 4278 dici,
889 4213 937 4282 qui
955 4228 1039 4281 supra
1056 4211 1086 4265 in
1104 4211 1169 4265 illis:
1188 4227 1257 4264 casca

131 4345 138 4359 .
158 4346 164 4359 .
184 4347 190 4359 .
210 4309 311 4359 diceros
330 4345 336 4359 .
356 4346 363 4359 .
383 4346 389 4359 .
409 4309 526 4358 {actores
544 4340 550 4352 .
571 4344 577 4357 .
599 4339 605 4353 .
624 4312 648 4357 tc
666 4307 754 4357 oratio
768 4305 896 4370 deflexa,
914 4301 994 4355 facile
1012 4316 1099 4369 quum
1117 4315 1152 4353 ex
1169 4299 1257 4368 proxi·

129 4411 176 4448 me
194 4395 385 4464 sequentibus:
410 4402 434 4447 tc
452 4394 587 4462 copiosius
609 4409 691 4460 quom
709 4409 750 4444 mc
768 4394 855 4444 diem
874 4432 880 4445 .
901 4427 907 4439 .
927 4432 933 4445 .
953 4399 977 4444 tc
996 4397 1178 4467 accusatorem
1195 4389 1258 4454 fecit

129 4483 298 4550 intelligitur,
316 4489 377 4537 tum
396 4499 430 4537 ex
448 4481 465 4549 ὗ
483 4482 530 4536 91:
550 4490 580 4535 ut
599 4484 666 4548 coepi
683 4484 778 4547 dicore,
796 4487 821 4533 ct
839 4481 967 4547 Erucius
986 4480 1042 4531 lroec
1059 4479 1085 4531 ai
1102 4478 1209 4530 haberet
1227 4479 1257 4528 in

130 4589 223 4640 causo,
237 4580 329 4641 posset
347 4589 378 4626 eo
397 4574 520 4640 quamvis
538 4574 587 4625 diu
605 4573 699 4638 dicore,
723 4578 747 4624 ct
769 4585 816 4638 coo
829 4565 966 4637 possum*
1005 4566 1180 4634 Wesenberg.
1217 4565 1257 4618 De

1009 4653 1044 4708 47
