2948 5206
696 306 763 373 685

128 498 325 581 postulante,
360 500 448 583 quod
483 506 557 585 post
585 502 669 567 ridet
702 501 753 586 (ut
783 503 893 567 estin
922 503 1110 569 Florentino
1138 507 1171 569 et
1200 504 1330 570 duobus

128 605 200 671 aliis
224 605 403 688 codicibus)
432 612 490 673 aut
516 609 604 673 iudet
635 608 685 693 (ut
708 615 757 675 est
785 610 819 674 in
842 608 1026 691 Turicensi)
1058 610 1152 676 facile
1180 610 1330 676 excidere

127 711 245 794 potuit.
285 712 369 778 Deos
393 714 490 779 index
514 716 667 799 appellat,
691 736 792 799 quum
816 717 947 782 sceleris
970 721 1027 781 aut
1053 717 1247 783 calamitatis
1270 717 1330 783 ali·

127 820 221 884 cuius
244 819 360 901 grandi
383 825 416 885 et
439 821 624 887 vehementi
647 823 863 905 descriptione
879 830 1062 888 commotus
1078 843 1198 889 nomen
1216 842 1329 889 eorum

128 925 345 991 exclamando
375 932 513 1011 usurpat
544 929 708 1012 fidamque
738 930 933 995 obtestatur.
987 929 1129 1011 Rapitur
1156 933 1267 995 autem
1297 928 1331 995 vi

127 1031 266 1097 dicentis
288 1031 388 1099 iudex
411 1038 444 1099 et
467 1054 526 1118 per
548 1055 662 1103 omnes
691 1037 827 1101 affectus
855 1037 910 1102 illo
937 1037 1133 1102 moderante
1160 1057 1237 1102 mox
1265 1036 1330 1101 huc

127 1158 205 1204 mcx
228 1137 304 1204 illuc
326 1140 469 1205 trabitur
490 1143 740 1227 trahentemque
763 1143 920 1226 sequitur.
930 1139 957 1224 ¹)

127 1495 175 1567 B.
232 1497 284 1571 De
321 1498 410 1572 locis
447 1501 636 1574 nonnullis
668 1501 853 1576 Ciceronis
886 1507 923 1574 et
950 1501 1167 1592 Quintiliani
1193 1501 1326 1575 melius

556 1634 905 1739 interpungendis²l

219 1814 339 1880 Malam
364 1817 539 1882 verborum
566 1815 861 1900 interpunctionem
891 1818 925 1882 in
955 1822 1103 1882 veterum
1133 1815 1329 1898 scriptorum
1343 1834 1384 1877 asc

127 1920 220 1986 libris
244 1942 332 2005 saepe
361 1923 557 1988 sententiam
588 1925 784 2007 pervertisse
816 1929 849 1991 et
879 1924 1126 2008 corrumpenda
1159 1922 1330 2005 scripturae

129 2047 264 2093 causam
288 2029 397 2110 fuisse,
433 2049 546 2095 omnes
575 2035 705 2110 norunt,
740 2050 847 2114 neque
869 2031 964 2114 pauci
990 2030 1089 2095 etiam
1111 2049 1197 2095 nunc
1221 2029 1273 2095 vel
1295 2028 1330 2095 in

128 2134 168 2199 iis
192 2134 292 2213 libris,
318 2136 373 2218 qui
397 2136 585 2219 frequenter
608 2145 641 2202 et
663 2137 814 2220 legrmtur
837 2141 871 2203 et
893 2137 1043 2213 eduntur,
1073 2136 1134 2202 lcci
1157 2142 1243 2214 sunt,
1273 2135 1330 2218 qui

129 2244 264 2323 propter
297 2242 483 2308 huiusmodi
517 2242 637 2309 menda
672 2245 778 2308 minus
812 2247 900 2310 recte
929 2243 1161 2325 intelligrmtur.
1206 2240 1330 2307 Huius-

129 2347 219 2412 modi
241 2348 320 2413 lccis
343 2349 477 2415 meliore
499 2349 759 2432 interpunctione
782 2350 956 2416 subvenire
978 2369 1044 2414 non
1062 2368 1195 2431 prorsus
1213 2347 1330 2431 exigua

130 2453 251 2519 criticae
273 2476 351 2538 pars
381 2466 446 2534 est;
482 2477 670 2540 quanquam
698 2477 764 2524 ncn
793 2458 915 2542 ignoro,
951 2455 1071 2521 multos
1099 2475 1182 2534 esse,
1217 2455 1331 2537 quiet

130 2560 230 2643 signis
253 2560 314 2627 illis
338 2565 492 2629 orationis
522 2564 758 2647 distinguendae
786 2564 902 2630 mirum
933 2565 967 2628 in
990 2563 1127 2629 modum
1149 2561 1330 2627 abutantur

131 2671 163 2731 et
186 2666 248 2732 hoc
272 2668 539 2753 interpunctionis
562 2671 717 2737 auxilium
741 2672 785 2737 ad
808 2671 966 2737 eiusmodi
986 2670 1195 2736 difficultates
1212 2667 1329 2734 tollen·

130 2772 191 2838 das
214 2765 414 2853 adhibeant'
440 2797 513 2860 quae
545 2778 644 2844 aliam
672 2780 867 2846 medicinam
890 2779 1070 2862 requirant.
1116 2776 1218 2842 Multo
1241 2775 1329 2841 enim

131 2884 163 2944 et
193 2886 347 2947 accurato
375 2884 482 2950 studio
511 2905 593 2967 opus
623 2891 681 2965 est,
717 2892 753 2952 ut
783 2890 905 2965 teneas,
941 2885 1059 2968 quibus
1087 2883 1166 2949 locis
1193 2901 1253 2966 per
1280 2881 1329 2948 lc·

131 2988 254 3070 quendi
277 3008 372 3070 usum
396 2993 430 3055 et
452 2991 577 3073 periodi
599 2994 764 3059 struendae
780 2994 939 3059 rationem
965 2996 998 3056 et
1014 3010 1226 3056 numerorum
1241 2990 1330 3073 leges

130 3094 281 3159 insistere
304 3097 441 3162 crationi
464 3098 570 3177 liceat,
594 3099 651 3164 ubi
673 3100 773 3165 tluere
790 3099 919 3176 debeat,
944 3118 1017 3180 quae
1035 3097 1231 3175 cohaereant,
1254 3115 1329 3178 quae

130 3200 347 3283 disiungenda
369 3205 449 3283 sint;
478 3206 510 3270 in
540 3226 606 3288 qua
628 3226 664 3272 re
687 3207 791 3271 multa
814 3206 944 3271 errandi
966 3205 1106 3269 materia
1129 3205 1188 3268 est.
1234 3201 1330 3267 Libet

159 3500 181 3569 ¹)
200 3501 315 3572 [Iniuria
337 3507 480 3577 Zumptius
502 3511 546 3563 lic
568 3508 722 3563 necessario
744 3506 919 3562 retinendum
942 3509 1022 3574 putat
1051 3518 1102 3557 nec
1125 3501 1328 3565 animadvertit,

204 3595 319 3663 repetito
338 3595 377 3650 illi
395 3598 600 3666 bic-aptissime
623 3596 720 3651 subiici
742 3598 790 3651 boc
813 3599 921 3660 dicem,
950 3600 981 3649 ut
1008 3594 1043 3647 ab
1071 3596 1178 3647 oratore
1206 3591 1265 3661 ipsc
1292 3591 1329 3645 ad

203 3666 324 3746 iudicem
341 3685 399 3740 eins
417 3686 571 3741 oraticnem
588 3685 673 3740 animi
692 3691 770 3740 motu
792 3687 1006 3754 subsequentem
1029 3686 1193 3736 transeatur.
1230 3680 1328 3749 ltaque

204 3773 327 3842 neglecta
345 3791 410 3829 vera
427 3774 592 3829 emendandi
611 3775 655 3829 via
677 3774 736 3844 ipse
758 3779 786 3828 et
809 3773 922 3842 vestigia
944 3772 1070 3827 codicum
1091 3786 1204 3840 prorsus
1227 3768 1329 3824 deserit

203 3860 362 3926 (namdr'cit
381 3865 493 3918 retollit
515 3868 542 3917 et
566 3880 600 3917 ex
622 3866 696 3918 iudet
718 3863 783 3917 iacit
805 3861 929 3929 induem)
954 3866 982 3915 et
1004 3858 1191 3914 incredibilem
1213 3854 1329 3911 subiecti

203 3951 385 4006 mutationem
405 3952 495 4017 efficit,
518 3968 553 4005 ne
571 3952 624 4006 alia
642 3952 851 4022 reprehendam.
887 3952 990 4006 Preter
1008 3949 1059 4002 hos
1078 3948 1147 4002 duos
1165 3944 1328 4014 Quintiliani

203 4039 277 4094 lcccs
295 4041 433 4095 Ciceronis
451 4041 542 4095 locum
561 4056 594 4094 ex
618 4042 742 4096 oratione
765 4058 815 4110 prc
833 4040 958 4095 Cluentio
977 4056 1000 4094 c.
1018 4036 1062 4101 34,
1087 4033 1122 4088 92
1144 4039 1327 4089 tractaveram

204 4130 433 4199 ostenderamque
451 4146 501 4199 pro
519 4146 561 4194 eo,
580 4129 653 4199 quod
672 4131 818 4184 edebatur:
837 4131 952 4196 infectus
970 4136 1028 4183 tum
1044 4132 1149 4194 proetcr
1166 4125 1247 4178 iunt'o
1263 4124 1328 4190 fuit,

204 4219 379 4274 scribendum
408 4235 466 4274 esse
488 4221 609 4289 populna
636 4222 777 4274 Ronmnua
803 4217 847 4283 (P.
866 4219 899 4272 R.
923 4234 973 4287 prc
998 4213 1076 4279 Pu).
1113 4213 1181 4267 Earn
1208 4211 1329 4281 disputa·

203 4307 307 4362 tionem
331 4325 404 4363 nunc
432 4309 541 4371 omitto,
569 4308 700 4378 quoniam
723 4307 761 4361 sic
786 4323 860 4362 nunc
882 4307 972 4361 editur
994 4310 1022 4358 et
1045 4319 1089 4357 res
1111 4300 1255 4372 perspicua
1277 4304 1327 4355 est

204 4396 236 4450 Α.
256 4393 347 4463 1842]
384 4394 429 4464 [ln
448 4397 609 4464 Quintiliani
627 4397 687 4450 loco
706 4413 801 4450 verum
821 4400 931 4451 secutus
949 4399 991 4448 est
1011 4386 1158 4458 Halmius]

160 4482 183 4552 ¹)
202 4482 254 4553 [Ex
283 4485 406 4540 &allodii
434 4484 581 4539 Tabulario
608 4485 683 4539 Novo
709 4484 866 4554 Philolcgiae
893 4499 918 4537 a.
943 4480 1013 4535 1829
1037 4496 1063 4534 n.
1082 4479 1126 4535 34.
1172 4479 1278 4550 Scripta
1301 4495 1327 4533 a.

204 4571 296 4642 1822]
