2948 5206
695 123 758 188 437

230 317 331 400 CapIte
358 317 399 382 19
423 321 580 394 extremo,
615 337 657 383 ne
692 318 763 400 quis
798 337 872 382 cum
908 318 1056 384 Ernestio
1084 324 1116 386 et
1145 321 1328 402 Schuetzio,

166 421 305 490 Garatonio
340 428 373 489 et
408 416 528 489 Orellio
562 444 627 489 non
667 424 943 507 improbantibus
987 445 1005 490 e
1040 427 1150 492 codice
1184 431 1326 510 pessimo

166 528 385 614 Guelferbytano
413 530 511 595 scribi
539 531 632 595 malit
661 531 862 608 arbitremur,
897 533 954 596 ubi
988 534 1095 599 editur
1129 533 1328 600 arbitramur

165 633 236 714 (cur
253 639 349 722 ipitur
365 636 632 721 prudmtissimoa
654 639 839 721 interpretas
854 638 1012 720 soederum
1036 675 1076 683 -
1102 662 1165 705 esse
1188 641 1326 706 arbitra·

164 741 250 824 murt),
276 748 333 808 aut
356 763 397 808 ex
420 743 617 809 Erinrtensis
641 745 802 826 scriptura
827 745 1067 810 arbitrabamur
1095 748 1216 812 efficiat
1238 749 1326 812 arbi-

164 846 295 928 tradimur,
331 850 506 915 dicendum
534 855 585 915 est
612 851 754 916 breviter
782 850 822 915 de
850 872 886 916 re
908 872 975 916 non
998 852 1117 935 ignota
1152 854 1211 919 sed
1235 856 1326 920 cuius
1340 872 1368 911 ιο

164 951 274 1021 obirisci
296 956 470 1021 videantur
492 957 657 1022 interdum
681 957 740 1022 viri
764 957 860 1036 docti,
896 959 985 1040 quod
1012 979 1087 1025 raro
1118 960 1196 1026 data
1227 982 1327 1044 opera

164 1061 311 1142 expositum
335 1062 377 1127 de
400 1083 441 1128 ea
464 1068 523 1128 est.
500 1065 655 1129 tNam
678 1063 784 1129 Latini
808 1084 910 1146 quum
933 1065 1061 1129 semet
1053 1085 1140 1148 lpsos
1164 1071 1221 1132 aut
1244 1069 1328 1133 inter

113 1216 116 1221 ,
164 1183 188 1228 sc
203 1165 397 1251 interrogant,
427 1170 714 1250 quidfaciendum
737 1170 789 1250 sit,
824 1190 922 1252 saepe,
958 1173 1235 1253 quemadmodum
1266 1194 1327 1239 nos

120 1279 186 1335 ,et
202 1272 371 1340 Germani
361 1295 395 1339 ιιι
424 1275 575 1340 familiari
604 1296 766 1355 sermone,
801 1279 960 1358 tanquam
995 1277 1036 1342 de
1071 1298 1116 1357 re,
1152 1299 1225 1362 quae
1261 1281 1328 1345 iam

164 1375 210 1455 fia,
235 1381 406 1447 indicativo
435 1382 533 1448 modo
563 1388 706 1465 praesent
707 1385 734 1448 is
757 1385 913 1466 temporis
936 1404 958 1448 ιι
959 1387 1088 1461 tun3tur
1124 1385 1191 1450 lere
1215 1391 1326 1451 autern

163 1490 315 1553 constanter
337 1488 371 1554 id
395 1488 528 1568 iaciunt,
564 1510 665 1571 quum
695 1494 752 1554 aut
739 1490 821 1554 tde
850 1509 890 1554 ea
913 1509 949 1555 rc
972 1496 1132 1572 quaerunt,
1168 1512 1268 1575 qnam
1291 1513 1326 1558 se

115 1588 118 1593 ’
162 1586 272 1659 iacturas
293 1614 360 1660 non
384 1595 544 1673 dubitent,
580 1600 638 1661 aut
669 1597 710 1661 de
739 1598 900 1662 sententia
923 1600 955 1661 ct
978 1597 1096 1662 iudicio
1118 1597 1167 1662 ita
1189 1599 1326 1663 interro·

116 1688 120 1696 ’
162 1705 224 1777 gant,
252 1705 288 1766 ut
316 1721 384 1768 non
413 1706 483 1767 tam
515 1702 696 1769 deliberent
725 1724 824 1786 quam
849 1706 906 1768 aut
928 1704 1149 1768 necessarium
1172 1704 1327 1769 iudicium

161 1800 307 1883 sunnam
329 1812 364 1873 et
386 1828 452 1873 non
476 1809 664 1891 discrepans
689 1814 747 1874 aut
770 1830 820 1875 ex
833 1810 914 1888 aliis,
944 1829 1043 1892 quam
1072 1811 1267 1876 sententiam
1292 1831 1327 1876 se

105 1914 291 2015 maure
314 1916 423 1994 velint,
460 1920 618 1998 quaerant,
655 1936 740 1998 qua
752 1916 859 1981 forma
890 1918 1013 1981 utimur
1043 1918 1182 1981 etiarn
1174 1938 1208 1982 m
1230 1918 1327 1982 refel-

105 1968 238 2125 Ιι.ιιιιιιο
279 2023 389 2090 Nostri
419 2024 568 2088 homines
598 2023 651 2088 hic
681 2042 771 2104 saepe
802 2026 860 2087 ant
891 2024 1130 2087 coniunctivum
1159 2026 1329 2106 requirunt

105 2099 364 2196 lauranum.
411 2129 452 2194 Et
474 2132 587 2194 tamen
610 2130 767 2211 quaeritur
790 2129 1032 2211 quodammodo
1056 2130 1097 2194 de
1123 2130 1220 2195 lacto.
1256 2131 1328 2195 Pri·

152 2230 207 2296 oris
222 2239 340 2318 generis
364 2236 514 2319 exempla
537 2239 614 2301 sunt
635 2236 724 2317 apud
741 2235 929 2301 Ciceronem
953 2234 1000 2318 [p.
1017 2235 1191 2315 Quintiae.
1210 2237 1261 2315 16,
1285 2238 1328 2302 53
1412 2254 1415 2260 ·

105 2342 107 2347 ·
150 2329 227 2417 (qur
254 2340 417 2429 ιιοιι]
408 2363 442 2407 m
471 2363 522 2424 ep.
553 2343 596 2407 aa
625 2343 683 2406 ιιι
655 2342 782 2419 van.
813 2342 871 2420 ao,
901 2343 922 2406 2
946 2342 1222 2426 (muraneum
1251 2344 1329 2429 quta

149 2444 236 2528 agab,
256 2450 336 2528 XIII,
360 2450 405 2515 40
428 2448 528 2532 (Quia
550 2451 595 2512 mi
618 2456 728 2513 auctor
750 2448 805 2512 aa?
827 2449 977 2513 aduolant
1000 2471 1044 2513 au
1066 2449 1221 2532 marrea?),
1245 2450 1326 2527 XVI,

148 2540 178 2621 7,
203 2552 220 2616 4
247 2553 352 2637 (Nune
386 2555 464 2640 quid
497 2553 764 2640 raspoudemust),
800 2556 888 2637 apud
923 2556 1113 2620 Terentium
1149 2561 1260 2622 autem
1295 2558 1328 2621 in

147 2644 250 2726 Haut.
270 2663 307 2741 II,
332 2660 430 2745 2(3)‚
458 2663 520 2727 102
544 2661 644 2744 (Quid
667 2684 726 2747 apo
745 2661 873 2744 uuru?),
896 2663 1028 2728 Phorm.
1052 2663 1103 2740 111,
1128 2664 1159 2742 3,
1185 2664 1202 2726 'l
1229 2663 1329 2746 (Quid

149 2765 223 2840 ssya?
245 2769 325 2849 Quid
349 2770 468 2854 apum?
500 2770 603 2852 magis
628 2773 677 2834 est
700 2770 854 2834 haerentis
878 2789 938 2834 nee
962 2769 1084 2833 exitum
1113 2767 1327 2851 reperieritis),

148 2856 221 2935 Eun
238 2875 283 2954 nl,
310 2878 340 2954 1,
363 2876 408 2941 44
431 2875 590 2960 (Purgant
614 2897 667 2961 epo
690 2897 738 2940 me
745 2875 784 2958 9)
830 2876 954 2940 Eodem
979 2876 1076 2941 modo
1099 2876 1234 2941 Ovidius
1252 2877 1327 2942 Am.

149 2961 175 3043 ι
195 2974 218 3055 2,
236 2982 267 3047 9:
291 2982 440 3049 aeternus
462 3005 507 3048 au
528 2985 664 3049 cubitum
680 2983 828 3047 luctando
849 2982 1048 3046 accendimur
1063 2982 1189 3067 ignaru?
1216 2984 1327 3047 luten.

153 3066 199 3154 ῙῙιι
216 3085 283 3154 296ε
317 3089 360 3153 Iu
383 3111 446 3175 qua
473 3097 502 3155 te
529 3112 635 3176 quara
657 3089 859 3174 praemulta?
891 3089 1015 3154 Seneca
1039 3088 1113 3173 [Ep.
1137 3089 1191 3166 48,
1215 3089 1253 3153 4;
1277 3091 1328 3153 cui

159 3190 308 3258 weda?
295 3218 332 3259 m
363 3205 471 3260 utram
503 3205 628 3280 partam
662 3199 710 3260 ire
743 3195 866 3279 iubas?]
901 3195 998 3260 Herc.
1028 3195 1100 3260 Oet.
1130 3196 1209 3271 972,
1244 3195 1323 3259 973ε

163 3280 268 3378 &gam
292 3323 404 3387 poeaoc
434 3303 491 3367 tibi
514 3303 720 3388 Reddamquc
742 3302 863 3366 uitam?
897 3301 981 3366 Fata
1012 3324 1055 3366 au
1086 3300 1216 3365 emendo
1245 3322 1326 3382 terea,

165 3387 332 3494 limamque,
366 3411 490 3492 coniux,
525 3410 570 3474 ad
596 3418 668 3474 tuas
690 3429 778 3473 seraa
801 3408 937 3472 marrus?
969 3407 1040 3491 (nbi
1073 3407 1218 3472 notanda
1253 3427 1326 3472 con·

165 3512 272 3596 lunatio),
330 3517 416 3582 Nota
450 3521 500 3582 est
534 3515 706 3581 victimarii
745 3514 910 3581 sollemnis
950 3513 1175 3596 interrogatio.
1218 3513 1327 3598 Apama

167 3603 242 3686 (Otii.
262 3621 350 3687 Fast.
326 3623 396 3700 tl,
426 3621 516 3706 322).
562 3622 650 3705 [lure
673 3622 907 3703 Wesenbergio
930 3640 1004 3686 meo
1032 3619 1230 3703 (Emendatt.
1260 3619 1326 3686 Cic.

164 3711 263 3799 tritor.
285 3749 318 3811 p.
343 3727 398 3811 81)
421 3729 566 3795 notabile
588 3731 695 3794 visum
720 3731 779 3806 est,
809 3728 897 3809 quod
925 3728 1082 3809 scriptum
1111 3731 1162 3792 est
1190 3727 1235 3792 ad
1258 3727 1326 3792 Αιι.

159 3824 220 3909 XVI,
239 3836 265 3911 8,
289 3837 325 3901 2:
351 3835 444 3900 Nunc
466 3843 554 3900 tuum
577 3837 741 3900 consilium
764 3836 903 3919 exquiro
949 3834 1123 3898 Romamne
1146 3833 1257 3898 uenio?
1283 3855 1327 3896 au

153 3934 334 4007 hicmama?
355 3963 399 4006 au
421 3943 647 4026 Arpinum—
671 3944 787 4017 αἀσφι
728 3944 824 4000 tumr
841 3942 933 4006 habet
921 3944 984 4005 tis
1005 3943 1154 4005 l-acus
1176 3940 1328 4024 fugiam?

148 4043 255 4114 tiuare
289 4049 419 4114 conanti
453 4048 560 4113 minus
596 4050 771 4128 assentior,
807 4068 905 4130 quum
942 4049 1027 4129 ipse,
1063 4046 1204 4129 diligent
1197 4046 1326 4111 rssimus

143 4152 243 4223 alum
266 4155 486 4237 investigator,
516 4155 717 4221 simillimum
741 4156 846 4220 locum
871 4173 910 4217 ex
934 4172 991 4217 ora
993 4152 1088 4217 tionis
1112 4172 1171 4235 pro
1195 4151 1303 4230 Quint'
1296 4172 1326 4215 ro
1340 4176 1366 4215 a

137 4283 164 4330 c.
180 4262 228 4338 li,
250 4263 293 4327 54
316 4261 537 4344 adscripserit.
572 4263 718 4344 Utroque
734 4261 804 4325 loco
820 4259 932 4325 Cicero
956 4259 1035 4324 mihi
1058 4258 1186 4323 videtur
1209 4259 1242 4323 in
1264 4259 1326 4322 hac

130 4369 296 4441 familiaris
320 4370 480 4434 sermonis
503 4368 693 4445 imitatione,
728 4365 933 4448 praecedente
964 4384 1070 4448 quaro
1101 4368 1158 4430 aut
1186 4366 1324 4450 acquiro,
