2948 5206
698 273 761 339 103

131 468 321 551 cognitione.
367 467 465 534 Patet
495 468 593 551 igitur
624 469 729 534 relata
759 469 844 535 inter
874 489 910 534 se
938 489 1010 534 esse
1038 490 1166 534 caucam
1189 471 1326 555 iynorat,

137 597 166 640 se
185 577 278 640 novit.
323 575 490 641 Particula
511 594 646 659 negans,
670 576 739 641 sive
762 595 872 641 errore
895 595 936 640 ex
958 576 1065 659 prima
1087 576 1179 641 verbi
1200 576 1327 660 syllaba

141 688 215 761 ona,
237 683 306 748 sive
328 679 442 747 addita
464 681 508 746 ab
531 682 663 747 homine
685 682 847 765 imperito,
871 685 909 746 ut
931 685 1019 747 esset
1040 682 1103 747 hoc
1119 683 1223 748 simile
1243 702 1328 765 proe-

147 789 259 854 cedenti
280 791 419 875 ἰρποναῖ,
442 788 632 871 praecedens
655 788 852 854 vocabulum
876 785 1000 872 (probe)
1024 789 1177 871 corrupit.

224 896 258 962 C.
280 897 334 974 52,
370 895 445 960 150.
496 894 613 960 Nullus
643 915 784 978 usquam
815 895 999 978 perversior
1028 894 1181 977 loquendi
1212 896 1329 961 modus

155 1001 190 1066 ab
208 1001 379 1068 editoribus
402 1001 566 1067 Ciceronis
589 1001 744 1067 defensus
767 1004 827 1079 est,
851 1020 949 1083 quam
974 1001 1030 1083 qui
1046 1001 1100 1066 hic
1116 1007 1200 1067 erat:
1224 1003 1331 1066 cinon
1384 1029 1385 1032 ¹

157 1111 220 1172 cotis
237 1107 325 1173 ludet
347 1110 522 1172 avaritiam
539 1129 630 1173 mmm
641 1109 781 1192 pecunia
798 1110 930 1192 explere,
954 1111 1019 1173 nisi
1035 1111 1130 1174 eliam
1145 1108 1331 1173 medelitale

160 1216 300 1300 conponis
320 1216 461 1299 perlitis
487 1216 538 1279 cil.
584 1214 781 1279 Ridiculum
803 1218 853 1279 est
877 1216 999 1298 partini
1029 1219 1193 1302 sanquine,
1227 1217 1331 1282 multo

161 1321 243 1403 magis
263 1321 433 1386 codanus
455 1323 636 1406 sanquinim
660 1321 739 1403 quid
755 1323 878 1405 perlici
900 1321 1107 1388 midelilale?
1138 1323 1180 1388 nt
1198 1322 1330 1406 sanguis

164 1429 216 1491 sine
234 1428 328 1493 dubio
351 1427 579 1510 intelligendus
602 1423 740 1493 aliorum
764 1431 824 1506 est,
855 1429 911 1511 qui
933 1428 1179 1507 interficiuntur,
1215 1429 1331 1494 crude·

164 1534 220 1599 lius
238 1534 450 1618 chrysogom
485 1554 525 1600 ex
553 1533 608 1607 ¹his
631 1535 810 1600 coniunctis
835 1534 973 1600 efficitur
995 1535 1051 1600 illa
1074 1536 1248 1601 crudelitas
1272 1556 1333 1600 sua

165 1642 301 1723 engonis
323 1641 473 1718 aliorum,
505 1660 571 1723 qua
594 1641 664 1723 ipse
687 1640 866 1722 perlinitur.
912 1641 961 1705 Ex
983 1642 1149 1724 superiore
1173 1643 1332 1717 membro,

166 1749 310 1812 otacilium
331 1770 424 1813 accam
442 1749 582 1832 pecunia
605 1748 737 1830 explere,
762 1747 814 1812 cui
837 1748 899 1813 hoc
922 1749 968 1813 ita
990 1752 1042 1814 est
1065 1749 1273 1827 contrarium,
1297 1754 1335 1814 ut

166 1855 283 1920 ovantia
315 1855 516 1938 Chrysogoni
551 1853 741 1931 crudelitas,
777 1856 925 1937 pecuniae
960 1857 1091 1937 sanguis
1125 1854 1333 1938 respondeat,

167 1966 290 2044 apparet,
323 1961 404 2045 quid
431 1965 541 2027 emtor
569 1960 722 2037 voluerit;
757 1962 919 2026 sententia
948 1962 1034 2026 enim
1062 1962 1134 2027 haec
1161 1962 1237 2027 fuit:
1272 1961 1335 2027 nisi

167 2067 241 2132 etiarn
261 2069 435 2134 crudelitas
457 2068 615 2150 sanguine
638 2067 768 2149 expleta
797 2067 849 2132 sit.
895 2068 964 2132 Iam
987 2088 1047 2151 pro
1069 2068 1125 2133 illo
1141 2069 1279 2153 perlitus
1301 2070 1334 2133 in

167 2172 376 2241 oxoniensibus
399 2179 433 2240 et
456 2174 529 2240 edd.
554 2177 632 2239 vett.
656 2175 767 2257 (1472,
800 2172 908 2255 1480),
938 2175 1054 2251 idest,
1082 2179 1120 2240 ut
1142 2177 1267 2259 opinor,
1302 2177 1334 2240 in

167 2281 290 2348 omnihus
312 2281 479 2347 codicibus
503 2285 552 2346 est
570 2280 739 2364 praeditus.
792 2280 958 2346 Facillime
987 2284 1020 2346 et
1047 2282 1228 2348 certissima
1257 2298 1389 2348 con-12⁸

169 2386 263 2453 iectura
275 2408 354 2453 vera
368 2389 531 2470 scriptura
554 2388 693 2453 eruitur:
718 2387 901 2452 crudelitati
923 2389 1055 2472 sanquis
1071 2388 1228 2473 proedilus
1249 2385 1334 2470 cilstl

169 2491 214 2557 Sed
231 2494 276 2559 his
298 2495 485 2561 huiusmodi
509 2494 727 2560 mutationum
751 2513 792 2557 ex
815 2495 878 2559 hac
901 2497 1048 2561 oratione
1072 2495 1229 2579 exemplis
1252 2515 1335 2561 non·

169 2600 233 2665 nula
253 2602 333 2666 alius
355 2602 483 2685 generis
507 2622 548 2666 ex
571 2601 636 2666 alia
659 2601 811 2666 addenda
835 2605 921 2665 sunt.

232 2708 265 2772 ln
293 2710 441 2774 oratione
475 2709 516 2773 de
551 2708 688 2790 imperio
722 2707 781 2773 Cn.
810 2708 957 2790 Pompeii
992 2707 1070 2790 (quo
1105 2710 1236 2775 nomine
1270 2709 1335 2773 iam

168 2810 261 2879 Gellius
287 2815 434 2897 appellat
462 2816 490 2892 1,
528 2813 561 2895 7)
595 2834 661 2879 non
695 2818 764 2878 lam
799 2815 990 2896 gravissima
1025 2816 1160 2881 vulnera
1194 2815 1338 2881 tollenda

168 2925 246 2997 erant
267 2941 341 3004 quae
365 2920 433 2986 fere
457 2942 477 2986 a
500 2921 722 3002 superioribus
746 2923 944 3003 optimorum
963 2922 1110 2987 codicum
1128 2942 1190 3005 ope
1207 2921 1337 2986 sublata

167 3033 245 3103 crant
277 3048 378 3111 quam
410 3028 454 3092 ad
482 3027 706 3092 Erfuriensem
730 3028 912 3093 accuratius
936 3028 1090 3094 collatum
1114 3049 1228 3110 eaque,
1264 3048 1337 3110 quae

166 3151 193 3196 ex
217 3136 327 3200 ceteris
360 3135 456 3200 codd.
484 3137 599 3199 notata
627 3137 730 3210 erant,
765 3133 949 3215 diligentius
984 3136 1094 3200 omnia
1129 3135 1338 3218 expolienda;

164 3240 252 3323 daque
273 3243 378 3307 oratio
400 3243 520 3307 rectior
543 3243 577 3305 et
599 3240 714 3304 cultior
737 3241 824 3304 facta
847 3243 1016 3323 permultis
1041 3243 1118 3308 locis
1142 3246 1192 3306 est
1209 3245 1242 3306 et
1259 3242 1339 3307 ordo

164 3348 314 3415 verborum
338 3348 523 3431 diligentius
547 3348 759 3423 constitutum
794 3349 957 3412 nonnullis
987 3353 1099 3414 tamen
1130 3348 1207 3413 locis
1239 3348 1336 3412 etiam

125 3446 130 3458 '
164 3454 272 3521 maioris
306 3455 465 3521 momenti
500 3455 596 3519 factae
632 3453 840 3518 mutationes.
886 3455 1080 3520 Coniectura
1114 3457 1168 3519 vix
1198 3474 1339 3537 usquam

164 3563 299 3628 utendum
323 3565 404 3627 erat.
450 3561 586 3642 Intelligi
615 3564 726 3625 autem
755 3565 873 3643 potest,
908 3582 1008 3644 quum
1039 3563 1072 3625 in
1100 3563 1163 3626 hac
1193 3563 1339 3627 oratione

164 3668 298 3734 arbonis
322 3668 417 3734 codd.
441 3671 518 3732 ante
542 3667 717 3732 emendata
740 3672 869 3733 tantum
893 3669 1100 3733 efficiendum
1129 3668 1236 3744 luerit,
1265 3667 1339 3743 illae,

164 3774 316 3857 liquibus
339 3775 452 3857 paucis
476 3777 509 3839 et
530 3773 719 3855 vulgaribus
743 3775 884 3840 editores
906 3776 957 3839 usi
980 3779 1067 3852 sunt,
1097 3778 1255 3857 quantum
1279 3775 1340 3837 ab·

164 3881 214 3944 sint
232 3884 413 3949 necessario
437 3882 479 3946 ab
503 3882 566 3946 hac
583 3882 725 3963 expolita
742 3881 858 3957 forma,
883 3884 1012 3947 etiamsi
1028 3883 1149 3946 menda
1167 3880 1341 3945 manifesta

164 4005 216 4050 uon
235 3990 305 4054 sint.
350 3989 421 4053 lam
443 3990 540 4054 huius
564 3989 767 4070 expolitionis
792 3989 941 4071 exempla
968 3989 1092 4070 aliquot
1114 4007 1246 4070 ponam.
1293 3987 1341 4050 De

165 4095 255 4161 nullis
276 4097 353 4162 locis
377 4097 444 4160 iam
466 4093 655 4160 Wunderus
679 4095 769 4159 dixit.

237 4202 281 4268 C.·
294 4208 322 4281 1,
355 4205 387 4268 2.
438 4201 637 4284 Legebatur:
669 4210 707 4284 el,
741 4203 771 4265 si
801 4202 878 4287 quid
909 4204 1004 4266 eliam
1034 4200 1166 4264 dicendo
1197 4201 1343 4284 consequi

162 4326 284 4391 mmm,
316 4311 358 4374 iis
391 4309 554 4374 ostendam
588 4312 649 4373 cet.
707 4309 742 4372 In
777 4327 842 4389 quo
877 4310 1019 4392 primum
1054 4306 1213 4390 particula
1247 4307 1342 4369 eliam

190 4532 207 4592 1’ῖ
223 4534 341 4604 [Dandae
359 4543 471 4594 incidie
487 4548 526 4593 cet
543 4542 657 4607 niunpurc
675 4539 732 4592 Liv.
752 4539 798 4603 111,
817 4538 859 4602 54,
878 4534 916 4604 4.]
