2948 5206
643 306 707 372 739

69 502 205 585 (Opusc.
229 501 334 566 Acad.
358 501 385 565 II
409 521 441 583 p.
466 501 528 566 331
556 500 653 584 sqq).
689 503 737 566 Ea
761 503 939 585 disputatio
964 503 1157 568 confirmata
1180 505 1276 569 dubi-

67 609 269 691 tationisque
291 607 445 672 tollendae
468 612 502 671 et
526 609 655 687 certius,
682 617 842 691 quantum
866 609 975 675 resin
998 611 1049 675 his
1073 611 1276 676 orationibus

67 716 204 798 patitur,
240 715 411 779 insistendi
439 715 587 779 subsidia
616 717 746 798 egregia
775 717 874 782 allata
898 720 975 781 sunt
998 717 1120 781 Halmii
1144 718 1275 796 studiis3

68 843 149 888 narn
172 826 393 905 praeterquam
417 821 505 902 quod
529 822 657 886 codices
681 823 962 905 Tegernseensem
987 826 1022 887 et
1043 824 1276 907 Rhenaugien-

67 951 142 995 sem
164 930 283 994 iterum
305 928 442 993 contulit
465 931 499 992 et
521 947 647 993 errores
671 929 796 1011 aliquot
819 930 968 1008 correxit,
993 933 1027 994 et
1048 930 1277 1013 Salisburgen·

67 1057 141 1102 sem
157 1035 246 1118 (saec.
264 1035 318 1110 XI,
342 1032 371 1116 a)
395 1035 491 1116 plene
507 1037 650 1100 excussit
673 1040 707 1100 et
729 1037 779 1100 bis
804 1037 931 1102 addidit
953 1037 1063 1119 plures
1087 1056 1108 1100 a
1130 1057 1176 1114 se,
1200 1038 1276 1103 Bai-

66 1151 151 1221 tero,
175 1143 247 1207 aliis
271 1142 416 1218 collatos,
440 1141 637 1222 antiquitate
660 1143 792 1225 quidem
817 1147 1012 1226 praestantes
1029 1148 1153 1208 etcum
1170 1145 1276 1209 tribus

66 1251 131 1316 illis
155 1252 320 1315 certantes
343 1247 687 1313 Benedictoburanum
711 1248 799 1331 (saec.
823 1251 891 1329 XII,
917 1249 947 1333 b)
978 1253 1011 1314 et
1033 1250 1276 1332 Egmontanum

68 1357 160 1441 (saec.
175 1356 230 1433 XI,
247 1353 292 1437 u),
317 1356 376 1419 sed
392 1355 475 1419 alios
491 1375 622 1437 quoque
638 1356 773 1421 minime
790 1357 1056 1434 contemnendos,
1082 1361 1140 1421 aut
1162 1376 1276 1422 recen·

66 1464 198 1531 tissma
220 1462 275 1527 illa
299 1462 447 1527 codicum
471 1464 570 1526 aetate
598 1462 733 1544 priores,
769 1465 825 1545 qui
857 1465 941 1528 circa
972 1464 1214 1529 renascentium
1242 1464 1277 1528 in

68 1572 164 1637 Italia
198 1571 381 1635 litterarum
417 1575 567 1650 tempora
601 1570 713 1652 scripti
735 1568 828 1647 sunt,
863 1571 1164 1635 Indersdorfensem
1187 1570 1276 1653 (saec.

67 1678 153 1757 XIII,
177 1674 203 1759 i)
228 1679 261 1740 et
283 1675 578 1757 windbergensem
603 1675 691 1757 (saec.
715 1677 798 1754 XIII,
822 1675 873 1759 w),
898 1681 957 1741 aut
979 1681 1113 1742 aetatem
1129 1677 1277 1743 bonitate

68 1786 278 1868 superantes,
302 1785 339 1846 ut
355 1802 373 1846 e
389 1782 687 1863 Lagomarsimanis
710 1803 814 1848 unum
837 1783 925 1866 (sac.
950 1784 1032 1861 XIV,
1057 1782 1102 1866 a).
1138 1784 1188 1848 Ac
1209 1783 1277 1866 pri·

10 1936 17 1951 .
70 1912 162 1958 mum
185 1890 237 1955 his
260 1888 401 1954 collectis
426 1888 526 1969 copiis
551 1889 648 1970 plane
671 1890 881 1972 perspicuum
904 1891 951 1966 fit,
983 1891 1071 1972 quod
1095 1895 1193 1955 antea
1216 1891 1277 1956 ali·

69 2020 137 2084 qua
172 2018 212 2063 ex
246 1999 342 2079 parte
375 1995 627 2077 intelligebatur,
664 1996 697 2059 in
732 1997 782 2061 bis
818 1997 1030 2075 orationibus,
1066 2018 1140 2079 quae
1176 2001 1210 2061 et
1242 1997 1277 2062 iu

68 2111 219 2172 veterum
259 2104 426 2168 rhetorum
469 2106 501 2164 et
540 2102 828 2184 grammaticorum
868 2104 986 2169 scholis
1025 2108 1206 2186 regnarunt
1245 2107 1278 2168 et

67 2212 180 2278 media
203 2211 259 2274 illa
286 2213 385 2274 aetate
408 2208 585 2273 studiosius
609 2229 708 2291 quam
739 2210 814 2275 ullae
842 2211 915 2275 aliae
944 2211 1099 2276 lectitatae
1122 2215 1208 2288 sunt,
1244 2214 1278 2275 et

68 2317 266 2402 perantiqua
290 2315 393 2380 multa
417 2334 489 2378 csse
512 2317 633 2381 menda
656 2320 690 2381 et
712 2336 877 2382 summam
900 2319 967 2382 iam
990 2319 1024 2382 in
1042 2317 1276 2382 vetustioribus

68 2424 236 2491 codicibus
265 2441 338 2487 esse
372 2422 565 2485 varietatem
600 2443 701 2505 quum
737 2423 770 2487 ln
805 2424 965 2488 addendis
1001 2424 1278 2506 detrahendisque

67 2531 179 2597 verbis
201 2535 272 2594 tum
296 2529 330 2592 in
361 2529 432 2593 aliis
460 2529 569 2594 rebus.
617 2531 664 2594 Ex
694 2531 838 2614 quinque
867 2534 979 2594 autem
1007 2530 1070 2595 iIIIs
1099 2530 1276 2609 codicibus,

68 2638 125 2722 qui
150 2657 190 2701 ex
213 2637 263 2701 his
287 2655 393 2718 nuper
416 2639 449 2700 et
480 2636 576 2717 plene
601 2638 725 2703 collatis
749 2638 783 2703 in
805 2637 912 2720 primo
935 2637 1049 2702 ordine
1071 2637 1277 2719 antiquitatis

69 2743 249 2810 collocandi
274 2746 360 2818 sunt,
396 2742 607 2809 similitudme
636 2749 669 2809 et
698 2746 891 2827 cognatione
914 2744 1000 2808 inter
1022 2764 1058 2807 se
1083 2744 1278 2827 copulantur

69 2852 214 2936 primum
238 2849 255 2913 b
279 2853 313 2914 et
334 2870 359 2927 s,
396 2849 514 2913 deinde
543 2855 665 2929 cett,
702 2852 745 2917 ad
768 2872 851 2934 quos
880 2858 950 2915 tum
978 2850 1176 2933 adiungitur,
1206 2853 1278 2914 tum

68 2979 131 3026 sua
155 2962 188 3023 et
211 2955 344 3040 propria
366 2955 470 3019 habet
493 2979 526 3032 r;
555 2959 702 3023 iautem
728 2963 761 3023 et
784 2980 805 3022 a
828 2958 875 3022 sic
898 2958 942 3022 ad
966 2957 983 3021 b
1007 2961 1040 3022 et
1062 2979 1078 3021 s
1101 2977 1278 3040 aggregan-

69 3071 134 3140 tur,
159 3086 187 3128 w
209 3065 252 3128 ad
276 3086 304 3139 r,
328 3067 365 3127 ut
387 3066 500 3126 tamen
523 3065 556 3125 et
579 3063 612 3126 in
635 3062 685 3127 his
710 3064 799 3128 etin
822 3064 893 3128 aliis
917 3083 983 3128 non
999 3083 1103 3146 parva
1119 3064 1162 3128 sit
1177 3065 1278 3128 Inter·

70 3174 151 3238 dum
175 3171 268 3254 quasi
297 3168 526 3251 suffragiorum
559 3169 715 3247 conlusio,
751 3168 856 3251 [velut
879 3171 916 3247 Π,
948 3171 989 3233 13
1018 3171 1052 3234 in
1081 3170 1136 3234 ubi
1164 3170 1279 3253 fuisset

70 3283 106 3345 et
128 3279 165 3357 II,
191 3279 233 3342 22
256 3278 290 3341 in
313 3277 471 3341 talaribus
495 3280 528 3340 et
550 3274 660 3358 tritis}
696 3275 791 3354 Quod
816 3281 928 3341 autem
944 3280 1043 3340 antea
1059 3279 1092 3340 et
1109 3295 1279 3340 senseram

71 3391 106 3452 et
140 3385 287 3451 dixeram
326 3383 373 3466 (in
408 3383 600 3466 praelatione
636 3383 786 3448 editionis
825 3383 974 3459 alterius,
1017 3382 1138 3464 Opusc.
1167 3382 1279 3446 Ac.H

70 3515 105 3577 p.
130 3492 191 3557 331
230 3496 263 3556 et
297 3490 386 3572 337),
423 3490 550 3556 codices
584 3490 870 3572 Rhenaugiensem
912 3493 945 3553 et
985 3489 1277 3571 Tegernseensem,

72 3601 223 3683 quamvis
248 3600 357 3663 essent
385 3598 511 3677 antiqui
539 3600 573 3660 et
604 3599 810 3679 praestantes
846 3599 959 3660 tamen
989 3614 1056 3659 non
1087 3595 1134 3659 ita
1164 3594 1278 3676 paucis

71 3708 152 3773 locis
175 3705 432 3787 interpolationis
455 3704 550 3787 longe
574 3702 673 3767 etiam
695 3723 877 3785 progressae
894 3707 989 3767 notas
1006 3702 1129 3767 habere
1145 3701 1278 3765 cedere-

72 3834 137 3897 que
160 3814 346 3894 integritate
370 3811 472 3876 videri
497 3809 679 3876 Coloniensi
704 3813 737 3873 et
752 3809 1001 3893 Salisburgensi,
1026 3809 1060 3873 id
1082 3828 1169 3872 nunc
1184 3827 1278 3890 pror-

72 3941 129 3986 sus
153 3920 373 3996 confirmatur,
403 3916 644 3999 Salisburgensi
673 3916 801 3998 plenius
825 3917 953 3998 cognito
977 3923 1010 3980 et
1033 3915 1161 3979 adiecto
1185 3914 1278 3996 quasi

72 4027 162 4093 socio
178 4026 500 4101 Benedictoburanm
524 4024 636 4105 itaque
659 4022 810 4087 Halmius
834 4043 964 4105 quoque
988 4024 1021 4086 in
1043 4023 1192 4105 graviore
1212 4021 1279 4085 dis·

73 4153 173 4199 sensu
196 4133 290 4214 longe
314 4133 434 4214 saepius
456 4133 543 4196 hanc
566 4134 696 4213 partem
720 4133 852 4194 secutus
876 4133 985 4206 estet,
1010 4149 1111 4210 quum
1130 4129 1163 4192 in
1181 4127 1279 4192 tertia

74 4242 207 4305 demum
243 4240 376 4304 minoris
409 4237 549 4319 exempli
578 4237 720 4301 editione
748 4256 817 4301 rem
847 4236 945 4319 plane
972 4235 1172 4316 firmilerque
1201 4253 1277 4316 per·

73 4348 235 4431 spexisset
258 4350 291 4410 et
313 4347 498 4423 iudicasset,
524 4344 623 4409 etiam
648 4342 775 4407 minora
798 4342 912 4418 multa,
940 4341 974 4405 in
1004 4341 1124 4423 quibus
1152 4341 1185 4404 in
1209 4340 1278 4404 edi-

74 4455 163 4520 tione
186 4454 310 4518 mai0re
334 4453 404 4518 aliis
429 4451 594 4517 codicibus
618 4450 795 4515 obsecutus
819 4453 899 4525 erat,
929 4448 972 4512 ad
995 4448 1111 4512 horum
1136 4445 1278 4512 auctori-

1014 4552 1064 4605 47·
