2948 5206
572 268 575 274 ’
644 291 707 357 336

115 503 121 545 :
154 488 249 565 utar,
286 488 345 550 aut
377 486 428 549 eui
458 504 524 550 non
554 487 635 554 reali
666 487 850 552 contraria?
896 488 980 552 Nam
1010 489 1106 553 nimis
1135 488 1275 553 fortasse

115 609 214 656 ocem
239 597 273 658 et
295 591 475 673 superbum
499 591 635 657 Caelium
659 593 759 658 fuisse
782 601 892 658 orator·
915 594 1002 671 dicit,
1032 614 1119 673 vera,
1149 594 1274 677 opinor,
1288 612 1329 650 ⁴0⁹

138 713 251 759 rerum
287 701 417 776 natura,
452 694 518 763 non
553 706 645 764 extra
680 719 753 763 eam
788 719 849 765 nee
884 701 1089 765 somniando.
1135 699 1275 765 Omnino

115 818 140 863 63
158 804 264 867 totum
287 823 348 869 nee
377 806 411 869 in
440 807 541 871 verbo
571 810 622 871 est
649 825 709 871 nee
737 806 781 870 ad
810 805 871 870 loci
900 808 1095 872 sententiam
1123 807 1274 889 pertinet,

115 907 188 971 trix
209 929 292 992 opus
321 912 364 975 sit
393 911 524 989 addere,
559 913 805 994 perversissime
835 913 899 977 hoo
929 916 997 977 tam
1029 913 1194 978 diversum
1225 914 1275 978 in-

115 1015 204 1096 trponi
226 1016 394 1082 vocabulis
418 1019 557 1083 eandem
580 1039 650 1085 rem
679 1019 840 1084 rhetorice
870 1019 1145 1100 amplificantibus
1174 1018 1274 1102 (66663,

115 1139 141 1182 ee
140 1118 249 1204 ,diesi
296 1123 333 1187 In
357 1124 505 1189 codicum
529 1127 690 1208 scriptura
719 1145 820 1190 unum
850 1125 1023 1204 redundat,
1058 1127 1173 1190 vitiose
1204 1128 1275 1204 ista,

115 1225 171 1307 prod
200 1229 350 1310 equidem
385 1234 569 1313 putaverim
605 1223 791 1310 delendum,
824 1234 999 1314 repetitum
1035 1252 1075 1296 ex
1109 1234 1277 1314 superiore

115 1334 156 1394 ’666
172 1335 228 1398 ieta
249 1334 455 1418 deferverint
501 1339 615 1421 ltaque
639 1338 729 1403 loeus
752 1342 840 1403 recte
808 1339 949 1403 taC.
973 1338 1141 1422 Stephano
1170 1339 1237 1405 edit
1223 1343 1276 1404 tus

115 1437 214 1506 ridetur

173 1547 267 1614 Paulo
301 1554 376 1632 post
405 1570 433 1615 o.
458 1552 510 1630 32,
547 1552 589 1616 78
618 1572 639 1617 a
667 1552 761 1617 codd.
785 1551 1005 1617 Beruensibus
1041 1555 1073 1616 et
1107 1552 1185 1630 Eri,
1221 1553 1277 1635 qui

115 1668 164 1730 pro:
181 1676 271 1740 reque
294 1658 376 1720 666666
393 1666 496 1742 potest
518 1659 657 1723 habent:
687 1679 750 1722 66666
778 1659 860 1721 erim
883 1665 994 1742 potest,
1024 1677 1090 1723 non
1113 1659 1277 1741 discrepat
1372 1722 1375 1727 ,

115 1754 281 1839 parisiensis,
317 1766 355 1827 ut
386 1763 526 1829 Orellius
560 1769 695 1847 propter
729 1764 892 1829 collatoris
927 1764 1091 1829 sitentium
1126 1766 1276 1847 putabat,

115 1866 140 1926 ut
160 1867 213 1931 iarn
247 1868 300 1933 edi
333 1869 397 1935 hoe
431 1871 561 1936 debeat.
614 1871 752 1936 Gravius
787 1874 837 1935 est
871 1872 933 1935 hoc
967 1870 1066 1953 paulo
1101 1874 1133 1934 et
1167 1871 1276 1954 aptius

115 1966 194 2052 dqure
213 1975 396 2053 rhetoricen
432 1978 579 2060 sequitur
608 1978 695 2042 enim
716 1966 781 2040 ‘noir
798 1984 909 2060 potest.
956 1976 1111 2041 Librariis
1135 1977 1289 2052 insolens¹

115 2075 189 2143 vem
209 2085 264 2146 est.
312 2083 348 2147 In
372 2083 488 2149 eadem
512 2084 684 2160 sententia,
721 2087 757 2148 ut
787 2087 875 2148 recte
899 2103 939 2148 ex
962 2083 1112 2147 Lambini
1136 2084 1278 2148 editione

115 2180 238 2251 eduum
260 2189 303 2253 sit
326 2211 390 2254 6336
413 2189 509 2276 (quod
532 2191 572 2254 ab
595 2211 628 2254 eo
652 2212 719 2254 rem
736 2189 899 2274 publ-icam
923 2189 1072 2252 violatam
1101 2210 1165 2253 6336
1193 2189 1277 2252 diee-

115 2285 164 2370 66),
185 2294 267 2359 nulla
290 2301 361 2361 erat
386 2316 495 2375 causa,
532 2317 589 2362 eur
612 2297 751 2363 Orellius
774 2297 902 2361 66666666
924 2315 942 2359 e
966 2296 1149 2360 coniectura
1175 2315 1277 2378 pone·

115 2398 151 2459 re
168 2418 217 2480 pro
242 2401 368 2481 66666666,
404 2403 534 2481 oblitus,
571 2404 832 2486 frequentissime
868 2401 1107 2466 coniunctivum
1143 2403 1278 2467 modum

117 2501 252 2571 tuborum
291 2509 420 2574 dicendi
459 2510 628 2592 particulae
669 2509 752 2595 quod
790 2508 922 2586 subiici,
962 2528 1029 2573 non
1068 2513 1104 2573 ut
1144 2528 1278 2574 causam

120 2611 249 2687 uendin
272 2615 412 2680 dicendo
436 2616 536 2681 fuisse
560 2617 768 2698 significetur,
804 2616 863 2681 sed
892 2615 1033 2697 aliquem
1063 2635 1132 2697 prae
1162 2635 1197 2680 se
1226 2620 1279 2680 tu·

120 2706 179 2792 lise,
205 2719 284 2785 hane
319 2723 370 2786 vel
402 2722 490 2788 illam
527 2743 660 2788 eausam
692 2743 728 2787 se
759 2723 883 2787 habere
915 2720 984 2802 [Gr.
1017 2723 1087 2786 Lat.
1121 2721 1226 2804 §357
1259 2720 1298 2786 a'

124 2822 197 2886 61662
221 2827 269 2891 ed.
294 2827 341 2911 3].
394 2829 553 2912 Equidem
588 2849 630 2894 ne
665 2831 726 2894 Lat
728 2830 781 2893 ine
816 2829 949 2911 quidem
984 2829 1046 2892 diei
1081 2832 1177 2910 puto:
1212 2850 1277 2891 66666

124 2925 235 3003 redirem
256 2936 408 2999 violatam
432 2957 495 3000 6336
518 2937 606 3014 duco,
637 2957 703 3001 non
731 2940 830 3019 propt
831 2956 865 3000 er
889 2957 962 3013 6336,
991 2935 1048 2999 sed
1078 2934 1165 3017 quod
1194 2935 1280 2998 hane

128 3026 196 3101 rudini
224 3041 261 3106 de
296 3062 332 3107 re
371 3044 538 3126 praeterita
578 3042 805 3125 interponendi
844 3042 1013 3124 signifieat
1005 3061 1112 3106 ionem
1153 3042 1186 3104 in
1226 3041 1280 3105 illo

115 3138 225 3207 iterio'
218 3167 319 3214 messe
354 3169 418 3213 nou
455 3149 563 3214 oredo.
615 3151 729 3227 Nemo,
766 3150 891 3230 opinor,
928 3149 1147 3230 antiquiorum
1184 3147 1278 3211 dixit:

133 3258 173 3308 ur
186 3272 283 3318 66636666
308 3255 488 3319 Gracchum
512 3257 601 3320 666666.
637 3255 718 3337 [Cir.
738 3259 851 3319 tamen
874 3255 939 3320 Cio.
959 3274 1018 3336 pro
1042 3254 1146 3318 Deiot.
1165 3254 1279 3330 5,13:

135 3351 313 3440 66666666..
341 3364 420 3427 ,666
437 3365 566 3427 erro-ri.
593 3363 853 3445 ..satisfactum
876 3382 940 3425 6336
963 3361 1065 3438 duait,
1088 3361 1208 3425 Parad
1227 3360 1279 3434 28,

137 3450 180 3524 n,
193 3465 298 3534 naut.
322 3470 374 3547 iv,
400 3470 430 3547 6,
461 3469 608 3551 36333)
638 3468 873 3553 mxxxix,
904 3469 934 3546 a
963 3469 994 3545 3
1025 3467 1196 3543 xxxvm
1226 3467 1279 3545 43,

138 3560 222 3649 l«quos
240 3577 325 3642 locos
349 3575 524 3659 Siesbyeus
549 3575 744 3657 annotavit]

188 3675 277 3747 Finem
310 3683 597 3765 disputatiunculae
629 3684 775 3764 imponet
811 3682 922 3746 mendi
959 3702 1024 3746 non
1061 3678 1281 3744 animadversi

141 3774 248 3852 tiitroeu
269 3793 300 3854 et
315 3808 374 3871 per
391 3808 426 3852 se
444 3792 476 3853 et
492 3789 641 3854 codicum
657 3791 851 3854 testimoniis
869 3788 1125 3853 manifestissimi
1144 3787 1280 3849 notatio.

141 3872 191 3947 ΝΜ
205 3897 296 3959 statim
319 3896 482 3978 postilla,
519 3895 559 3959 de
589 3897 708 3979 quibus
737 3896 813 3972 dixi,
850 3895 951 3960 verba
975 3896 1106 3976 legitur:
1142 3912 1206 3955 66666
1224 3911 1281 3974 po·

143 3984 182 4066 ¹⁶³,
203 4001 241 4079 qui
266 4003 385 4067 ambitu
416 4024 455 4066 666
486 4002 661 4067 absolutum
690 4004 816 4088 quidem
842 4004 970 4086 patitur
1001 4021 1064 4064 6336
1095 3998 1281 4079 absolutum,

133 4084 294 4203 ,5666666666
315 4131 456 4195 unquam
481 4131 544 4174 6336
567 4112 712 4196 turpiter,
743 4130 816 4192 quae
846 4109 1007 4190 scriptura
1031 4108 1058 4170 si
1082 4124 1161 4169 vera
1185 4110 1281 4181 esset,

132 4208 286 4278 Ιῐίι1161666666
307 4216 505 4298 praeeedenti
482 4217 737 4281 tseribendum
763 4220 863 4280 esset:
889 4236 950 4278 66666
968 4220 1078 4297 potest,
1104 4213 1224 4294 qui-
1248 4212 1283 4273 666
1296 4237 1336 4274 666

147 4296 246 4378 *idm
264 4325 387 4404 6666666,
423 4325 489 4407 ipae
517 4344 580 4387 6336
608 4325 643 4386 666
667 4322 850 4406 republica
874 4320 1180 4394 66663666666666666663,
1216 4336 1282 4381 non

147 4419 234 4480 Μ
229 4430 333 4495 ‚nulla
362 4432 447 4495 enim
473 4431 561 4495 modi
586 4430 703 4494 variati
728 4450 828 4493 causa
852 4427 1027 4508 excogitari
1051 4422 1283 4506 potestSed
