2948 5206
675 1636 765 1729 XIV
794 1632 867 1731 (ill.

241 1806 302 1898 De
339 1783 602 1899 formarum
640 1807 939 1924 quarundam
975 1810 1109 1901 verbi
1147 1808 1280 1901 Latini

420 1951 595 2040 natura
623 1956 669 2040 et
697 1975 787 2040 usu
816 1949 1081 2068 disputatio.
1091 1949 1117 2051 ¹)

37 2305 40 2309 ’
134 2309 160 2348 co
265 2234 384 2358 Quum
411 2293 487 2353 onte
510 2289 570 2353 hos
594 2289 766 2354 duodecim
788 2292 916 2353 menses
945 2289 979 2353 in
1002 2290 1175 2355 indicenda
1196 2288 1329 2372 magistrt-

97 2456 102 2465 .
175 2401 226 2461 tus
250 2395 428 2461 academici
451 2398 632 2460 mutatione
656 2396 696 2460 de
720 2395 932 2460 emendandis
957 2396 1086 2461 duabus
1109 2396 1263 2463 Ciceronis
1280 2408 1330 2457 on·

175 2504 318 2568 tionibus
348 2523 468 2568 novam
500 2502 753 2584 disputationem
784 2506 857 2584 post
886 2502 1069 2585 superiores
1091 2504 1201 2585 plures
1222 2496 1330 2566 eiusdem

175 2612 301 2692 generis
324 2611 465 2686 ordiens,
501 2629 574 2691 quoe
603 2613 718 2690 postea
747 2608 898 2673 absoluta
921 2613 981 2686 est,
1017 2609 1164 2674 animum
1187 2608 1331 2673 criticorum

157 2716 484 2798 *quaestiuncularum
513 2716 657 2780 minutiis
686 2715 856 2796 fatigatum
891 2715 1068 2780 scriberem
1104 2716 1237 2781 aliorum
1266 2724 1331 2790 argu·

175 2826 360 2886 mentorum
390 2825 550 2901 parietate
574 2821 747 2885 exhilarari
776 2840 903 2902 cupere,
939 2842 980 2886 ne
1015 2823 1086 2904 ipse
1115 2822 1243 2904 quidem
1264 2820 1331 2900 pult·

176 2928 264 3008 barn,
301 2949 340 2992 ex
372 2929 585 3011 grammatica
617 2929 821 3009 potissimum
853 2928 1081 3010 disputatione,
1118 2930 1208 2994 cuius
1229 2922 1332 2992 eandem

174 3024 248 3100 esse
271 3036 447 3100 exilitatem
471 3036 616 3117 plerique
640 3034 839 3111 iudicabunt,
863 3054 916 3098 me
941 3054 1014 3098 eam
1038 3035 1204 3100 varietatis
1227 3031 1333 3098 delectu·

176 3143 296 3206 tionem
321 3143 498 3224 petiturum
523 3160 603 3205 esse.
651 3142 690 3205 Et
714 3145 823 3205 tamen
855 3160 955 3222 quum
987 3143 1033 3205 sic
1064 3143 1225 3220 acciderit,
1256 3141 1285 3204 ut
1305 3126 1333 3196 ad

204 3386 227 3452 ι)
245 3386 336 3532 [sEdito
351 3390 482 3531 tbipertito
501 3407 525 3530 esc
546 3389 615 3488 183b
634 3395 661 3443 et
683 3388 759 3530 183ἱὲ
796 3388 863 3530 311ae
881 3389 915 3443 de
934 3395 1026 3488 velere
1044 3390 1192 3531 verborrlrtm
1211 3387 1336 3541 baffi

258 3495 276 3531 u
290 3495 331 3532 un
363 3495 406 3532 em
427 3495 481 3532 ons
511 3495 590 3532 orma
609 3495 637 3531 1n
656 3495 685 3531 eo
709 3494 741 3530 ca
761 3494 816 3530 eni
841 3494 962 3545 exposui,
990 3493 1086 3531 eorum
1129 3493 1146 3530 a
1173 3493 1254 3531 ema

248 3566 316 3619 mer
330 3538 367 3621 'n
386 3497 494 3636 ngnary
512 3568 541 3621 in
560 3568 629 3621 uero
648 3567 682 3620 de
700 3565 774 3619 sonis
792 3565 891 3632 unguae
910 3566 1014 3619 natine
1036 3494 1195 3632 (chfische
1213 3550 1338 3618 minent

247 3672 273 3724 p.
292 3655 353 3709 273.
394 3657 494 3711 Veram
522 3656 656 3711 rationem
683 3653 821 3723 perspexit
847 3653 932 3708 etiam
951 3654 979 3709 C.
1002 3655 1034 3709 0.
1058 3655 1205 3710 Muellerus
1232 3654 1258 3707 in
1280 3660 1340 3704 enoc
1398 3672 1400 3685 =

248 3745 351 3799 tatione
368 3745 448 3801 Festo
467 3746 560 3800 addita
577 3745 614 3810 (a.
634 3742 715 3808 1839)
733 3759 759 3811 p.
775 3741 826 3794 167
845 3748 872 3796 et
891 3760 916 3812 p.
932 3742 993 3796 351.
1020 3744 1091 3797 lllud
1109 3760 1177 3798 sane
1196 3759 1240 3797 me
1252 3738 1342 3809 brnoni»

248 3835 303 3889 iarn
322 3852 346 3888 a.
366 3834 435 3888 1816
453 3835 597 3904 Boppium,
626 3834 656 3886 V.
676 3832 740 3896 Cel,
768 3831 796 3885 in
819 3831 888 3885 libro
913 3831 947 3884 de
971 3831 1116 3885 verborum
1143 3833 1171 3887 in
1194 3832 1283 3901 lingua
1297 3828 1345 3882 so

248 3924 330 3978 scrita
348 3924 464 3979 llexione
482 3941 507 3992 p.
527 3921 561 3974 98
580 3923 614 3975 de
630 3924 697 3988 saxo
717 3927 788 3975 recte
807 3920 949 3987 iudicasse,
977 3920 1011 3974 de
1031 3922 1131 3987 facim,
1160 3921 1233 3990 quod
1251 3930 1350 3990 proceni

248 4012 321 4077 tacit,
339 4029 394 4067 non
413 4028 524 4081 prorsus
542 4016 623 4073 recte,
643 4011 677 4063 de
694 4013 787 4077 [exem
804 4010 896 4063 minus
914 4009 993 4063 bene.
1031 4009 1161 4063 Summas
1180 4026 1283 4074 eorum,
1304 4021 1353 4077 qun

248 4101 291 4154 bic
311 4107 491 4170 exponuntur,
520 4116 594 4153 nunc
617 4100 651 4152 ad
674 4098 735 4152 libri
760 4097 914 4152 scholastici
938 4097 1099 4152 brevitatem
1120 4104 1273 4153 contractas
1290 4103 1315 4152 et
1329 4095 1358 4150 ed

249 4190 443 4259 discipulorum
471 4195 582 4258 captum
611 4187 831 4241 accommodatas
858 4188 950 4255 posui,
978 4190 1010 4241 ut
1037 4187 1135 4251 debui,
1168 4187 1225 4241 suis
1252 4186 1315 4241 loeis
1338 4186 1363 4239 in

248 4279 427 4346 grammatice
454 4278 559 4341 banne,
587 4292 671 4344 quam
703 4277 843 4345 superiore
861 4293 934 4331 enno
962 4276 1041 4330 edidi.
1080 4273 1171 4342 1842]
1209 4274 1289 4344 [Quae
1305 4276 1366 4330 (iod

249 4366 431 4430 Eumenous,
459 4366 501 4420 vir
523 4365 558 4418 ab
582 4364 738 4434 linguarum
762 4365 965 4434 comparatione
988 4371 1015 4418 et
1038 4365 1073 4418 ab
1092 4364 1224 4420 historica
1240 4365 1370 4421 sennonis

250 4456 351 4509 sensim
370 4456 470 4510 exculti
488 4454 703 4525 perscrutatione
722 4459 779 4507 toto
798 4454 952 4508 studiorum
975 4459 1002 4507 et
1026 4453 1117 4508 iudicii
1141 4471 1241 4525 genere
1259 4455 1372 4517 alienus,

250 4548 344 4597 contra
363 4544 519 4614 disputavit,
538 4561 593 4598 non
612 4539 765 4612 attingam]
