2948 5206
354 1633 498 1727 Index
525 1634 699 1742 Rerum
726 1635 779 1727 ut
805 1592 1076 1727 Verborum.
1086 1632 1112 1729 ¹)

391 1994 431 2058 A.

135 2120 174 2191 A
193 2135 220 2189 ‘m
239 2135 397 2205 compositis
415 2152 471 2205 qua
488 2135 547 2205 lege
565 2135 694 2190 inieto

170 2229 292 2279 transeat
310 2225 343 2289 Π,
362 2224 397 2277 65
415 2229 472 2279 not.

135 2313 234 2368 aborta
251 2313 294 2368 41.

135 2404 176 2456 Ac
193 2401 254 2457 367.
291 2412 332 2457 Ar
349 2412 439 2458 tum
456 2402 517 2457 491.
549 2401 603 2456 Cir.
625 2402 694 2457 Con·

171 2494 319 2546 dumiense
337 2493 503 2561 copulativa

135 2578 318 2648 AEqmperare
334 2583 452 2650 ploriom
472 2598 533 2634 eum
551 2581 642 2650 aliquo
660 2578 693 2644 11,

170 2667 231 2722 371.

135 2755 198 2808 Ere
216 2758 354 2825 equestria
372 2757 406 2811 79
424 2763 480 2812 not

136 2847 264 2911 Afflictus
283 2851 310 2899 et
328 2850 439 2913 affectus
457 2848 490 2911 11,
509 2846 570 2900 308.

136 2935 295 3000 Africanus,
314 2935 341 2987 id
360 2940 409 2998 est,
433 2938 584 3002 Africanus
602 2937 695 2990 Miner

172 3021 231 3074 194.

136 3110 226 3164 Aiacis
244 3111 374 3166 iudicium
394 3112 423 3165 in
441 3113 540 3166 scholis
553 3113 693 3166 rhetorum

171 3205 319 3255 tractatum
337 3199 371 3252 44
391 3218 449 3269 sqq.

135 3284 307 3358 Αἰσχύνομαί
323 3307 346 3340 τι
365 3290 451 3339 ποιεῖν
468 3306 494 3338 u
513 3290 554 3342 61.

135 3378 319 3446 Aliquispiom
342 3384 369 3432 et
396 3381 587 3447 Aliquisquam
615 3395 694 3433 voees

170 3467 239 3519 tictae
258 3465 318 3520 465.

135 3556 246 3621 Aliquot
264 3572 327 3609 cum
346 3557 508 3624 pronomine
527 3555 694 3609 demonstra-

171 3643 226 3697 tivo
245 3643 305 3698 359.

135 3734 181 3784 An
200 3734 271 3786 male
290 3749 353 3786 eum
372 3741 401 3785 at
413 3737 613 3786 commutatum
626 3732 693 3797 462;

171 3838 209 3873 on
233 3837 316 3889 prave
341 3822 369 3874 in
393 3822 604 3889 interrogatione
631 3823 693 3875 sim·

170 3909 234 3977 plici
257 3909 290 3969 11,
315 3908 378 3972 163;
404 3928 441 3962 an
463 3915 526 3978 post
549 3928 614 3963 num
637 3927 692 3963 non

171 3997 333 4051 disiunctive
351 3998 384 4062 11,
402 3997 456 4050 230
473 4015 532 4066 sqq.

138 4140 392 4148 —————...

774 1958 851 2010 Anae
868 1955 902 2019 11,
921 1953 981 2009 138.

767 2045 919 2099 'Annorum
945 2044 1181 2099 numerandomm
1208 2045 1321 2105 mtiott

808 2132 870 2187 342.

774 2223 978 2292 Antiquitatum
1022 2223 1216 2278 Romanarum
1258 2223 1324 2278 disti·

809 2313 885 2382 plina
902 2305 1033 2381 209'sqq.

775 2401 889 2456 Antium
907 2399 960 2453 234
978 2406 1044 2466 not,
1062 2398 1125 2454 260.

774 2489 911 2545 Antonius
941 2488 1044 2555 Rufus,
1080 2490 1277 2558 grammaticas
1304 2494 1326 2542 et

809 2585 892 2650 poeta
909 2579 952 2633 21.

776 2668 877 2723 Aeristi
905 2685 1007 2724 nomen
1034 2683 1120 2737 prave
1148 2667 1279 2722 iactatum
1301 2667 1327 2723 u

812 2757 862 2811 104
876 2762 932 2813 not
944 2757 970 2821 3,
990 2757 1050 2820 109,
1070 2756 1123 2808 112
1142 2774 1201 2825 sqq.

776 2851 906 2914 Appetere
924 2855 1035 2901 morton
1054 2863 1173 2916 pravum
1192 2846 1226 2907 11,
1244 2845 1301 2899 336.

775 2936 892 3005 riputati,
911 2935 958 3004 qui
976 2936 1084 2999 dicitur,
1108 2937 1173 2989 libri
1196 2936 1230 2990 de
1248 2936 1328 2990 ottho

809 3024 924 3093 graphia
946 3025 1099 3093 fragmenta
1130 3025 1166 3077 ab
1190 3025 1329 3094 impostore

810 3113 874 3167 ficta
892 3113 909 3166 3
928 3131 986 3182 sqq.
1006 3113 1145 3180 Quando?
1164 3112 1207 3166 25.

775 3202 882 3271 Apuleii
900 3202 985 3256 libelli
1003 3203 1037 3255 de
1056 3202 1236 3270 diphthongis
1258 3201 1329 3255 etde

810 3296 876 3345 nota
898 3290 1070 3360 aspirationis
1096 3289 1115 3341 3
1134 3307 1204 3359 sqq„
1229 3290 1329 3359 8sqq:

810 3381 885 3448 prior
902 3396 1016 3433 maneus
1033 3378 1059 3431 9.

776 3469 864 3522 Ardor
882 3469 916 3522 de
935 3468 1008 3522 mulo
1026 3468 1105 3521 naris
1125 3469 1159 3527 11,
1180 3467 1241 3522 175.

775 3557 930 3610 Ariminum
949 3556 1056 3610 colonia
1073 3555 1129 3608 282
1147 3574 1209 3626 sqq.

775 3644 866 3698 Aristo
894 3644 964 3698 Ceus
992 3661 1008 3698 a
1036 3645 1104 3699 Chio
1134 3646 1280 3701 distinctus
1301 3646 1329 3701 tt

809 3732 870 3786 269.

775 3826 878 3875 Armua
914 3822 947 3875 de
988 3822 1105 3876 humero
1149 3825 1269 3879 hominis
1303 3824 1330 3881 11.

810 3910 869 3964 198.

774 4002 838 4063 Ars,
858 3999 885 4051 id
905 4005 954 4063 est,
973 3999 1042 4053 liber
1061 4001 1245 4056 scholasticus
1263 4002 1302 4054 61.

166 4222 186 4289 ¹)
206 4226 313 4295 Pagina
335 4228 490 4282 indicantur
512 4228 609 4297 prioris
638 4227 765 4282 editionis
788 4228 832 4281 hic
855 4229 883 4281 in
908 4230 1030 4297 margine
1053 4237 1211 4296 annotata),
1242 4232 1332 4302 prioris

208 4316 352 4369 voluminis
371 4317 447 4370 nullo
466 4317 559 4370 addito
578 4333 701 4380 numero,
721 4317 833 4371 ulterius
852 4317 1000 4371 voluminis
1018 4318 1114 4372 addita
1134 4326 1204 4374 nota
1224 4322 1261 4379 11;
1279 4327 1332 4374 un-

206 4408 265 4457 tum
289 4405 335 4457 ubi
357 4405 463 4473 pagins
486 4421 601 4459 numero
630 4405 751 4458 adiectus
779 4411 821 4459 est
849 4406 1008 4471 asteriscus,
1035 4408 1230 4476 significantur
1258 4411 1333 4464 heim

206 4493 331 4546 editionis
350 4494 463 4563 pagina,
488 4494 523 4547 ad
541 4511 574 4547 ea
592 4493 682 4562 eapite
700 4494 877 4562 pertinentes,
902 4512 964 4563 quae
982 4495 1026 4548 hie
1045 4495 1164 4551 demum
1183 4500 1238 4553 sub
1255 4498 1333 4554 tinem

207 4582 353 4635 voluminis
372 4588 553 4636 accesserunt.
