2956 5190
746 304 812 369 496

270 501 351 566 Haec
374 501 471 583 igitur
494 501 620 576 Latina,
655 500 689 564 in
719 499 838 581 quibus
868 500 1006 582 perlecti
1039 500 1136 566 notio
1166 505 1284 567 manet„
1317 502 1360 569 tu

181 627 258 672 vere
286 608 400 673 Graeca
428 607 546 689 ligura,
582 609 618 670 ut
649 606 795 689 appellat
823 605 954 671 Servius
977 606 1024 672 ad
1048 606 1186 671 AEneid.
1211 606 1260 679 vl.
1279 608 1363 675 aa

182 714 225 779 ab
248 714 425 796 Augusteoe
449 713 580 778 demum
607 712 713 776 aetatis
736 711 841 794 poetis
872 712 1098 795 frequentata,
1135 713 1173 777 in
1204 732 1269 796 qun
1292 714 1366 797 plur

182 840 248 886 non
271 820 376 885 solum
400 823 474 901 post
497 838 537 883 ea
557 818 668 893 rerba,
693 837 767 901 quae
782 818 934 883 videntur
948 818 1101 902 aliquam
1118 818 1367 903 significatum

181 927 282 992 linitae
305 926 441 991 aetionis
465 925 639 1003 continere,
664 930 700 990 ut
717 924 827 1009 pudet,
851 927 939 989 iuuat
954 924 1098 1007 (Tibull.
1113 927 1142 1003 Ι,
1170 929 1203 1003 1,
1225 927 1283 992 46:
1303 929 1370 991 istd

182 1033 298 1098 audire
314 1069 354 1078 —
371 1040 400 1097 et
422 1029 615 1112 detinuisse),
639 1031 697 1095 sed
721 1034 795 1114 post
818 1033 928 1097 omnia
951 1032 1068 1109 verba,
1094 1052 1177 1115 quae
1200 1033 1369 1099 infinitivum

183 1139 382 1214 adsciscunt,
422 1139 602 1221 perlectum
637 1157 697 1220 pro
732 1143 893 1220 praesente
932 1140 1085 1222 ponitur,
1127 1139 1226 1205 nullo
1260 1160 1371 1223 proruis

183 1246 378 1310 discrimine.
425 1246 509 1310 Nam
533 1245 576 1320 id,
604 1244 692 1327 quod
715 1244 748 1308 in
772 1244 885 1310 Graeeo
908 1264 1062 1311 sermone
1094 1252 1173 1311 erat
1202 1246 1287 1312 inter
1306 1247 1372 1313 auri·

183 1356 269 1416 stum
294 1356 327 1416 et
349 1371 494 1434 praesens
517 1351 673 1429 infinitivi,
703 1355 801 1415 tenue
824 1354 857 1415 et
880 1350 998 1433 ipsum,
1027 1355 1263 1418 evanescebat
1282 1373 1374 1419 nena-
1414 1342 1416 1371 ²

183 1459 269 1523 sario
299 1459 332 1523 in
363 1458 489 1535 Latino,
524 1458 557 1522 in
589 1477 653 1540 quo
684 1457 773 1523 notio
803 1458 915 1523 aoristi
942 1458 1072 1522 nullum
1103 1458 1260 1525 habebat
1283 1459 1374 1525 lunda

132 1561 378 1647 121mentum.¹)
423 1565 523 1647 Apud
545 1566 739 1629 vetustiores
763 1569 877 1646 poetas
909 1564 992 1629 adeo
1023 1564 1090 1629 boc
1122 1584 1244 1632 rarum
1266 1571 1375 1641 estut

184 1691 285 1736 unum
314 1671 422 1736 Plauti
455 1672 561 1736 locum
597 1671 693 1735 buius
727 1670 853 1752 generis
887 1671 1039 1746 notarim,
1076 1671 1196 1738 Aulul.
1221 1673 1261 1747 V,
1286 1676 1313 1747 l,
1334 1676 1376 1738 is:

183 1800 247 1843 uon
263 1786 353 1863 potes
369 1777 522 1862 probasse
544 1798 656 1861 stupor.
703 1777 860 1859 Apparet,
889 1776 923 1842 id
952 1777 1054 1841 semel
1079 1779 1216 1844 incuria
1242 1781 1376 1844 vertentis

185 1885 341 1951 eGraeeo
364 1884 533 1959 mansisse,
569 1903 634 1948 non
654 1898 767 1965 'genus
798 1885 905 1966 ipsum
933 1888 1119 1965 receptum,
1157 1886 1253 1968 quod
1284 1892 1377 1969 postes

185 1994 393 2057 factumest.
440 1990 607 2054 Lucretius
632 1991 720 2066 item,
756 1991 783 2055 si
812 1995 900 2056 recte
927 1990 1063 2063 attendi,
1101 1992 1213 2057 semel
1237 1992 1286 2058 sie
1306 1992 1378 2057 dixit.

185 2099 236 2176 ΙΙΙ,
261 2100 318 2163 69;
353 2097 430 2162 dnm
459 2118 492 2161 se
522 2096 666 2182 effupisse
696 2098 802 2160 volunt
831 2098 977 2182 turpeque
1003 2117 1156 2162 ramosae.
1205 2098 1276 2164 Sed
1296 2118 1378 2181 quun

186 2209 272 2270 esset
305 2208 420 2287 postea
454 2205 516 2269 hoc
548 2223 651 2286 genus
680 2223 701 2267 a
727 2205 833 2286 poetis
862 2203 1022 2268 adscitum
1058 2202 1091 2285 (e
1129 2204 1257 2287 quibus
1290 2208 1378 2288 poete

186 2312 318 2393 elegiaci
352 2330 441 2393 saepe
475 2311 570 2374 metri
606 2329 706 2374 eausa
746 2310 779 2374 in
818 2330 915 2374 versu
954 2312 1169 2392 pentametro
1211 2312 1378 2395 perfeetum

186 2421 321 2499 ponunt,
354 2417 388 2481 in
410 2417 601 2482 hexametro
624 2435 779 2498 proesenS,
811 2420 847 2481 ut
870 2416 1019 2481 Tibullus
1043 2417 1066 2494 l,
1100 2418 1131 2493 l,
1166 2417 1212 2483 73
1237 2423 1273 2483 et
1295 2417 1379 2493 inl

187 2525 217 2600 8,
244 2523 281 2587 11
309 2527 342 2587 et
368 2524 465 2601 121,
492 2524 542 2599 10,
567 2524 607 2587 61
633 2527 666 2587 et
689 2521 755 2604 62),
784 2525 817 2587 in
847 2542 977 2605 prosam
1008 2522 1196 2588 orationem
1227 2525 1378 2589 rarissime

187 2630 316 2711 irrepsit
340 2634 372 2693 et
395 2629 483 2710 apud
508 2648 563 2692 eos
587 2630 719 2692 demum
742 2630 925 2712 scriptores,
950 2629 1005 2711 qui
1028 2629 1094 2693 iam
1119 2629 1221 2694 valde
1243 2651 1266 2695 a
1284 2636 1378 2694 vetere

188 2737 340 2818 loquendi
364 2737 513 2799 castitate
538 2735 731 2813 desciscunt,
763 2743 799 2799 ut
829 2736 917 2817 apud
940 2735 1020 2800 Gell.
1043 2736 1095 2813 lll,
1121 2736 1161 2800 3:
1193 2739 1278 2802 satis
1293 2744 1380 2822 potest

186 2843 263 2925 fidei
283 2842 403 2925 fecisse,
428 2846 461 2905 et
484 2841 594 2905 lustin.
619 2842 656 2908 V.
680 2842 716 2905 4:
745 2843 889 2925 posuisse
911 2844 1049 2925 eupiunt,
1080 2845 1113 2906 et
1136 2842 1326 2909 Palladium
1346 2842 1377 2907 X.

189 2951 223 3012 7:
258 2950 371 3013 sevisse
401 2942 583 3027 eon-1·em't.²)
630 2947 714 3011 Nam
745 2947 978 3025 Quintilianum
1010 2948 1104 3030 (Vlll,
1128 2948 1162 3023 6,
1188 2948 1259 3031 30),
1295 2969 1379 3032 quem

188 3056 357 3137 Zumptius
381 3058 573 3130 antestaiur,
598 3074 663 3118 non
686 3056 732 3118 ita
752 3055 895 3119 locutum
914 3074 996 3130 esse,
1020 3055 1222 3137 optimorum
1243 3056 1379 3121 codicum

188 3160 324 3243 vestigia
352 3162 432 3225 satis
461 3160 646 3237 ostendunt,
683 3180 722 3224 ex
754 3161 873 3242 quibus
904 3164 1014 3225 tamen
1046 3180 1161 3226 reram
1194 3163 1380 3245 scripturam

188 3288 254 3332 non
289 3267 403 3332 eltieio.
465 3266 564 3348 Apud
598 3267 787 3349 scriptorem
829 3272 938 3332 autem
974 3268 1091 3350 dialogi
1126 3267 1170 3332 de
1206 3269 1381 3335 oratorius

190 3394 217 3438 c.
242 3374 294 3449 24,
324 3394 424 3455 quum
456 3393 556 3454 supra
580 3371 620 3453 (e.
647 3371 701 3454 lss)
725 3373 865 3438 Messala
893 3393 929 3438 se
952 3375 1165 3456 cogitationes
1191 3394 1272 3439 suas
1296 3395 1381 3459 aper·

399 3550 456 3558 -ι

260 3682 353 3727 rutum
381 3672 444 3738 cet.)
471 3671 614 3726 contundit
641 3673 965 3741 transnominatus).
1003 3674 1084 3727 Verbi
1112 3682 1219 3742 oportet
1246 3676 1381 3745 paululum

261 3762 353 3815 ‹litiert
371 3762 453 3820 ratio;
483 3778 547 3814 nam
571 3767 680 3815 tantum
703 3761 840 3829 preterito
865 3762 1038 3831 participium
1057 3762 1205 3817 subiicitur
1223 3771 1272 3817 aut
1291 3766 1382 3834 perire

261 3856 320 3903 tum
340 3850 466 3903 infinitivi
484 3849 639 3918 significans
658 3865 725 3911 rem,
744 3866 805 3917 quie
824 3850 949 3903 debuerit
967 3850 1039 3903 iacta
1057 3867 1125 3904 esse.
1162 3850 1230 3916 (Cir.
1254 3855 1329 3907 Tunc
1344 3854 1381 3903 de·

262 3943 317 3992 ruit
333 3942 416 4006 flesse,
436 3938 494 3992 Liv.
513 3939 594 4002 XXX,
614 3937 657 4002 44,
677 3937 706 3996 ῖς
726 3937 797 4006 Virg.
817 3938 875 3991 AEn.
895 3938 927 4002 X,
947 3938 1000 4003 ut.)

219 4025 241 4092 ¹)
260 4028 425 4081 Acceleratae
452 4026 566 4080 actionis
594 4026 817 4094 significationem
848 4027 875 4079 in
903 4028 1023 4094 perlecto
1047 4027 1173 4081 infinitivi
1199 4029 1291 4084 inesse
1314 4034 1382 4100 putat

262 4116 417 4169 Schmidius
436 4117 470 4169 nd
490 4115 595 4169 Horatii
608 4116 691 4184 Epist.
704 4115 724 4178 l,
745 4114 786 4178 17,
806 4114 831 4179 5,
851 4132 933 4183 quam
954 4132 969 4168 e
988 4115 1081 4170 Graeca
1100 4119 1284 4185 grammatica
1306 4124 1383 4173 imis

262 4205 333 4261 tulit.
359 4220 413 4257 non
439 4220 472 4257 ex
495 4203 598 4257 Latinis
624 4203 755 4272 exemplis
774 4204 871 4257 effecit.
891 4205 1085 4273 Exemplorum
1104 4206 1198 4259 omnia
1218 4207 1302 4276 plena
1319 4212 1384 4263 sunt.

262 4293 373 4361 petique
392 4298 507 4361 possunt
525 4310 542 4346 a
560 4293 701 4346 Vecbnero
720 4298 747 4345 et
766 4292 934 4361 Heusingero
954 4293 970 4346 l.
990 4294 1007 4346 l.
1045 4294 1084 4346 De
1107 4296 1192 4349 verbo
1213 4315 1303 4364 posse,
1326 4313 1384 4365 quo

263 4381 337 4434 niam
357 4381 518 4450 Heusingeri
537 4381 663 4449 exempla
682 4381 738 4434 iere
757 4381 927 4444 subtraham,
951 4383 1009 4435 haec
1028 4383 1208 4437 substituam:
1240 4385 1312 4455 l'irg.
1331 4386 1382 4439 Συ.

263 4470 307 4532 Vl,
328 4470 369 4533 iu,
389 4470 467 4524 Ovid.
486 4469 557 4523 Fast.
578 4470 612 4533 ll,
631 4468 691 4531 322,
710 4470 743 4523 Α.
762 4470 824 4522 Am.
844 4470 877 4533 ll,
897 4469 956 4523 583.

221 4553 242 4623 ²)
262 4557 380 4611 tlollecta
399 4559 457 4612 baec
475 4563 540 4612 sunt
558 4558 594 4611 ab
613 4557 781 4627 Heusingero
800 4560 834 4611 ad
854 4559 986 4612 vechner.
1006 4559 1022 4612 Ι,
1042 4559 1058 4612 l.
