2948 5206
714 288 780 353 623

142 484 220 549 ficto
244 482 356 548 utitur.
392 483 505 566 Itaque
528 482 666 547 dubium
688 503 755 548 non
778 482 916 560 ridetur,
940 484 1019 566 quin
1040 487 1102 550 hoc
1119 487 1348 569 imperfectum

141 590 389 673 interpolationi
417 590 588 668 debeatur,
624 609 690 672 qua
720 590 878 655 damnata
908 611 973 655 non
1005 593 1113 657 minus
1142 597 1267 658 rectum
1298 598 1348 660 est

142 696 296 778 efficeret:
330 697 393 761 boc
426 697 514 762 enim
548 696 630 763 Cato
661 696 748 772 dicit,
784 697 975 761 effecturam
1006 697 1039 762 id
1069 704 1282 779 senectutem,
1318 702 1346 767 si

142 803 239 868 aliter
261 802 333 867 tieri
355 820 422 866 non
444 807 570 885 posset:
600 822 687 868 nunc
714 804 841 867 ratione
869 802 903 866 id
927 806 959 867 et
981 804 1145 886 sapientia
1167 807 1263 872 effici.
1309 809 1347 874 In

141 908 302 992 proximis
326 907 434 973 verbis
457 928 558 991 quum
583 909 748 973 ederetur:
787 907 924 991 Impedit
947 910 1030 973 enim
1052 913 1217 977 amicitiem
1240 916 1346 999 volup

142 1024 204 1097 tas,
239 1015 361 1079 rationi
395 1015 525 1079 inimica
559 1022 604 1079 eat
632 1036 671 1077 ac
698 1016 810 1079 eteritis
840 1049 880 1059 -
903 1018 1105 1102 proestrinqit
1132 1020 1245 1097 oculos,
1279 1041 1347 1087 non

143 1121 358 1189 Ciceroniana
381 1119 605 1185 membrorum
629 1121 854 1187 coniunctione
872 1120 950 1203 (vid.
967 1121 1088 1205 Opusc.
1106 1130 1219 1191 nostra
1235 1127 1345 1209 priora

142 1249 175 1311 p.
199 1229 267 1293 334
290 1226 386 1310 sqq),
421 1246 481 1309 ego
511 1247 549 1290 ac
577 1227 694 1292 sustuli
723 1228 917 1293 auctoritate
940 1228 1036 1293 Nonii
1067 1233 1100 1295 et
1123 1231 1242 1298 codicis
1266 1234 1345 1317 regii

143 1335 350 1417 duorumque
372 1338 533 1416 praeterea
556 1333 715 1399 codicum.
725 1329 751 1416 ¹)

232 1440 269 1506 C.
296 1442 347 1518 14,
377 1441 420 1505 46
448 1440 590 1518 restitui,
626 1439 714 1521 quod
748 1441 956 1522 praestantior
987 1442 1135 1507 codicum
1166 1447 1344 1513 auctoritas

141 1547 235 1631 (reg,
259 1547 338 1626 Eri,
368 1547 505 1625 Haenel,
539 1543 614 1628 cet.)
646 1546 910 1623 commendabat,
945 1550 1108 1614 sententia
1138 1552 1342 1633 requirebat:

143 1655 305 1738 voluptati,
329 1655 419 1717 cuius
442 1660 486 1717 ert
506 1652 644 1734 fumasse
667 1653 799 1738 quidam
821 1654 983 1718 naturalis
1005 1655 1131 1732 modus:
1160 1677 1237 1722 nam
1261 1658 1343 1724 Cato

140 1760 310 1843 quendam
332 1759 468 1824 modurn
492 1758 669 1841 voluptatis
692 1757 794 1842 (quod
817 1760 904 1825 idem
929 1764 979 1825 est
1002 1762 1086 1826 acsi
1104 1762 1202 1841 dicas,
1227 1765 1343 1847 volup·

140 1870 246 1932 tatem
268 1884 374 1948 usque
397 1865 441 1930 ad
465 1865 628 1947 quendam
652 1863 801 1946 modum)
826 1867 974 1931 concedit
991 1868 1131 1933 fortasse
1150 1871 1344 1936 naturaliter

140 1972 264 2056 appeti,
294 1975 332 2037 ut
354 1976 483 2036 tantum
511 1971 555 2049 id,
585 1972 673 2053 quod
696 1972 783 2036 bunc
806 1973 942 2037 modum
966 1974 1112 2052 excedat,
1148 1976 1343 2058 reprehendi

140 2080 274 2145 debeat.
319 2079 511 2143 Necessaria
546 2079 617 2143 baec
651 2083 814 2144 certorum
844 2078 958 2144 tioium
990 2081 1181 2163 significatio
1208 2103 1343 2165 prorsus

139 2187 237 2253 deest
258 2186 293 2251 in
316 2186 421 2250 altera
443 2186 605 2268 scriptura
632 2192 742 2263 motus,
778 2205 852 2267 quae
879 2186 989 2253 nescio
1017 2207 1116 2269 quam
1146 2189 1285 2255 formam
1310 2193 1343 2255 et

138 2276 378 2377 proprietatem
409 2291 561 2356 movendi
584 2291 766 2373 significare
789 2292 928 2357 ridetur.
974 2292 1040 2358 Sed
1064 2294 1177 2359 fefellit
1201 2296 1342 2362 editores

137 2399 350 2478 recentiores,
391 2398 480 2482 quod
509 2400 544 2463 in
573 2398 624 2462 his
655 2397 778 2463 verbis:
814 2406 858 2462 est
885 2399 1016 2484 quidam
1043 2403 1204 2467 naturalis
1230 2402 1342 2467 modus

138 2510 271 2571 tantum
295 2505 384 2571 modi
407 2505 675 2587 significationem
699 2504 1012 2583 animadverterunt,
1045 2510 1140 2589 quasi
1167 2509 1230 2574 boc
1253 2509 1342 2574 dice·

138 2617 248 2678 retur:
283 2614 334 2676 cui
362 2612 535 2694 fortasse
564 2611 676 2675 arodus
705 2610 904 2676 adhibendus
933 2619 987 2689 est,
1022 2612 1223 2695 ineptissime
1251 2635 1340 2695 sane,

139 2718 341 2785 concedendi
365 2719 441 2796 virn,
467 2728 532 2800 q'ua
555 2719 706 2799 voluptas
731 2736 835 2799 usque
859 2718 903 2781 ad
919 2718 1007 2782 bunc
1023 2720 1158 2785 modum
1177 2722 1341 2804 recipitur,

139 2844 209 2890 non
232 2823 394 2888 viderunt.
718 2892 722 2897 ,

232 2931 268 2997 C.
295 2932 345 3008 14,
369 2930 412 2994 49
436 2931 538 2995 edunt
560 2931 635 2995 inde
659 2930 702 2995 ab
726 2931 883 3007 Emestio,
908 2930 1049 3013 probata
1072 2933 1189 2998 Graevii
1214 2937 1340 3000 coniec-

138 3041 231 3102 tura:
267 3035 354 3099 Mori
381 3057 476 3120 piene
509 3037 691 3101 ridebam-us
725 3038 760 3100 ia
793 3036 897 3101 studio
931 3037 1116 3103 dimetiendi
1149 3042 1219 3104 eceli
1249 3049 1341 3126 atque

136 3150 236 3209 terroe
261 3142 296 3207 0.
320 3143 450 3207 Gallum
474 3146 545 3221 cet,
569 3145 713 3210 Klotzius
737 3148 847 3208 autem
866 3164 960 3226 pene
977 3145 1106 3221 delevit,
1131 3147 1218 3227 quod
1241 3167 1339 3212 voca·
1353 3162 1396 3202 ²⁷⁵

136 3250 255 3315 bulum
288 3253 321 3314 et
350 3249 384 3313 in
414 3250 566 3315 omnibus
597 3254 647 3315 est
680 3249 855 3327 codicibus,
892 3255 1028 3332 excepto
1056 3271 1121 3318 uno
1151 3252 1271 3330 Oxou,
1307 3258 1341 3319 et

136 3361 230 3423 certo
259 3356 332 3421 ioco
361 3356 504 3438 positum
534 3356 618 3421 inter
648 3357 832 3421 dimetiendi
865 3361 898 3421 et
926 3357 1011 3433 coeli:
1046 3365 1159 3423 contra
1181 3360 1339 3424 :rodendi

135 3464 241 3529 verbo
263 3481 361 3527 nemo
384 3464 773 3540 controversiam-movit,
809 3464 898 3544 quod
926 3465 960 3528 in
989 3464 1099 3529 codice
1128 3466 1217 3547 regio
1240 3467 1338 3530 omit-

134 3573 227 3648 titur,
263 3570 297 3634 in
331 3568 441 3635 codice
474 3568 656 3634 Erfurtensi
689 3569 723 3633 in
756 3589 873 3635 rasura
908 3573 967 3647 est,
1003 3571 1037 3634 in
1068 3570 1140 3635 aliis
1171 3571 1337 3636 codicibus

132 3677 363 3758 transponitur
384 3695 450 3741 non
473 3695 538 3740 uno
566 3675 676 3740 modo.
722 3675 924 3740 Sententiam
954 3676 1016 3741 boc
1044 3677 1192 3754 verbum,
1228 3680 1337 3743 trans·
1439 3742 1442 3749 ,

132 3784 243 3867 posito
259 3803 364 3867 pone,
392 3786 430 3847 ut
452 3802 526 3848 cum
551 3801 589 3847 eo
613 3782 763 3865 coniungi
785 3784 899 3865 possit,
935 3802 1010 3846 eam
1034 3782 1142 3861 efficit,
1178 3803 1252 3865 quae
1275 3785 1336 3849 etsi

134 3890 212 3956 terri
246 3890 362 3972 possit,
396 3893 507 3954 tamen
540 3907 601 3952 nec
636 3890 709 3971 ipsa
743 3889 914 3971 aptissima
948 3889 990 3954 sit
1022 3887 1142 3971 (neque
1176 3889 1264 3953 enim
1293 3891 1336 3955 de

132 3997 251 4063 studiis
275 3995 319 4061 ad
342 3995 492 4060 ultimum
516 3997 591 4060 vitae
614 3998 745 4078 tempus
768 3996 903 4060 retentis
932 3996 994 4061 boc
1025 3995 1095 4060 loco
1123 3996 1239 4078 agitur,
1274 3997 1333 4061 sed

132 4102 316 4168 universius
340 4101 381 4166 de
403 4106 571 4167 senectute
594 4103 628 4166 in
650 4102 765 4166 studiis
789 4100 962 4185 occupata)
991 4121 1052 4166 nec
1076 4121 1150 4167 cum
1172 4102 1221 4178 iis,
1257 4122 1331 4184 quae

131 4213 324 4292 sequuntur,
359 4208 480 4290 optime
510 4209 738 4291 coniungatur:
773 4229 851 4273 nam
879 4210 1006 4273 minora
1035 4208 1174 4291 graviori
1197 4208 1329 4272 subiici-

159 4454 181 4525 ¹)
199 4456 233 4511 ln
250 4455 334 4511 laelio
352 4453 369 4521 ἦ
387 4454 422 4508 95
440 4457 556 4510 eandem
575 4472 686 4511 causam
710 4473 744 4509 ex
762 4472 819 4511 uno
837 4457 895 4511 cod.
914 4455 1031 4510 Vindob.
1049 4454 1135 4509 edidi:
1162 4462 1327 4509 emittentem

201 4554 227 4599 et
243 4562 365 4599 aeonum
382 4553 407 4599 et
423 4563 541 4613 crevent.
