<?xml version="1.0" encoding="UTF-8"?>
<!DOCTYPE html PUBLIC "-//W3C//DTD XHTML 1.0 Transitional//EN"
    "http://www.w3.org/TR/xhtml1/DTD/xhtml1-transitional.dtd">
<html xmlns="http://www.w3.org/1999/xhtml" xml:lang="en" lang="en">
 <head>
  <title>
</title>
<meta http-equiv="Content-Type" content="text/html;charset=utf-8" />
  <meta name='ocr-system' content='tesseract 3.04.00' />
  <meta name='ocr-capabilities' content='ocr_page ocr_carea ocr_par ocr_line ocrx_word'/>
</head>
<body>
  <div class='ocr_page' id='page_1' title='image "./ionicolaimadvig02madvgoog_0632.png"; bbox 0 0 2956 5190; ppageno 0'>
   <div class='ocr_carea' id='block_1_1' title="bbox 709 301 773 368">
    <p class='ocr_par' dir='ltr' id='par_1_1' title="bbox 709 301 773 368">
     <span class='ocr_line' id='line_1_1' title="bbox 709 301 773 368; baseline 0.016 -1"><span class='ocrx_word' id='word_1_1' title='bbox 709 301 773 368; x_wconf 88' lang='grc'>609</span> 
     </span>
    </p>
   </div>
   <div class='ocr_carea' id='block_1_2' title="bbox 130 497 1395 3461">
    <p class='ocr_par' dir='ltr' id='par_1_2' title="bbox 130 497 1395 3461">
     <span class='ocr_line' id='line_1_2' title="bbox 232 497 1339 579; baseline 0.005 -19"><span class='ocrx_word' id='word_1_2' title='bbox 232 497 394 579; x_wconf 81' lang='lat' dir='ltr'>Exposito,</span> <span class='ocrx_word' id='word_1_3' title='bbox 418 497 566 563; x_wconf 88' lang='lat' dir='ltr'>tribunos</span> <span class='ocrx_word' id='word_1_4' title='bbox 590 499 721 563; x_wconf 85' lang='lat' dir='ltr'>aerarios</span> <span class='ocrx_word' id='word_1_5' title='bbox 746 516 812 573; x_wconf 75' lang='lat' dir='ltr'>eoS,</span> <span class='ocrx_word' id='word_1_6' title='bbox 837 515 918 578; x_wconf 91' lang='lat' dir='ltr'>quos</span> <span class='ocrx_word' id='word_1_7' title='bbox 942 497 993 561; x_wconf 85' lang='lat' dir='ltr'>lex</span> <span class='ocrx_word' id='word_1_8' title='bbox 1017 497 1166 563; x_wconf 88' lang='lat' dir='ltr'>Cornelia</span> <span class='ocrx_word' id='word_1_9' title='bbox 1189 500 1232 564; x_wconf 93' lang='lat' dir='ltr'>ad</span> <span class='ocrx_word' id='word_1_10' title='bbox 1255 500 1339 564; x_wconf 93' lang='lat' dir='ltr'>iudi-</span> 
     </span>
     <span class='ocr_line' id='line_1_3' title="bbox 130 603 1340 688; baseline 0.004 -21"><span class='ocrx_word' id='word_1_11' title='bbox 130 604 192 668; x_wconf 89' lang='lat' dir='ltr'>cia</span> <span class='ocrx_word' id='word_1_12' title='bbox 217 603 353 680; x_wconf 80' lang='lat' dir='ltr'>vocavit,</span> <span class='ocrx_word' id='word_1_13' title='bbox 378 621 477 668; x_wconf 89' lang='lat' dir='ltr'>censu</span> <span class='ocrx_word' id='word_1_14' title='bbox 501 624 521 669; x_wconf 88' lang='lat' dir='ltr'>a</span> <span class='ocrx_word' id='word_1_15' title='bbox 544 603 669 686; x_wconf 92' lang='lat' dir='ltr'>reliqua</span> <span class='ocrx_word' id='word_1_16' title='bbox 684 603 780 687; x_wconf 84' lang='lat' dir='ltr'>plebe</span> <span class='ocrx_word' id='word_1_17' title='bbox 796 603 964 669; x_wconf 88' lang='lat' dir='ltr'>distinctos</span> <span class='ocrx_word' id='word_1_18' title='bbox 981 603 1090 682; x_wconf 86' lang='lat' dir='ltr'>luisse,</span> <span class='ocrx_word' id='word_1_19' title='bbox 1115 604 1194 670; x_wconf 92' lang='lat' dir='ltr'>illud</span> <span class='ocrx_word' id='word_1_20' title='bbox 1210 626 1340 688; x_wconf 91' lang='lat' dir='ltr'>quoque</span> 
     </span>
     <span class='ocr_line' id='line_1_4' title="bbox 131 709 1338 793; baseline 0.002 -18"><span class='ocrx_word' id='word_1_21' title='bbox 131 709 297 792; x_wconf 86' lang='lat' dir='ltr'>explicari</span> <span class='ocrx_word' id='word_1_22' title='bbox 321 709 532 787; x_wconf 84' lang='lat' dir='ltr'>commodius,</span> <span class='ocrx_word' id='word_1_23' title='bbox 568 730 667 792; x_wconf 92' lang='lat' dir='ltr'>quam</span> <span class='ocrx_word' id='word_1_24' title='bbox 697 710 805 775; x_wconf 91' lang='lat' dir='ltr'>adhuc</span> <span class='ocrx_word' id='word_1_25' title='bbox 833 710 1046 787; x_wconf 83' lang='lat' dir='ltr'>factumest,</span> <span class='ocrx_word' id='word_1_26' title='bbox 1081 731 1177 793; x_wconf 91' lang='lat' dir='ltr'>posse</span> <span class='ocrx_word' id='word_1_27' title='bbox 1200 712 1338 792; x_wconf 88' lang='lat' dir='ltr'>videtur,</span> 
     </span>
     <span class='ocr_line' id='line_1_5' title="bbox 131 814 1341 901; baseline 0.002 -19"><span class='ocrx_word' id='word_1_28' title='bbox 131 817 241 901; x_wconf 87' lang='lat' dir='ltr'>quod,</span> <span class='ocrx_word' id='word_1_29' title='bbox 275 821 310 881; x_wconf 88' lang='lat' dir='ltr'>ut</span> <span class='ocrx_word' id='word_1_30' title='bbox 338 820 414 881; x_wconf 89' lang='lat' dir='ltr'>ante</span> <span class='ocrx_word' id='word_1_31' title='bbox 443 815 508 880; x_wconf 85' lang='lat' dir='ltr'>dixi</span> <span class='ocrx_word' id='word_1_32' title='bbox 532 814 577 899; x_wconf 89' lang='lat' dir='ltr'>(p.</span> <span class='ocrx_word' id='word_1_33' title='bbox 602 817 667 881; x_wconf 83' lang='lat'>244</span> <span class='ocrx_word' id='word_1_34' title='bbox 689 814 782 897; x_wconf 79' lang='lat' dir='ltr'>not),</span> <span class='ocrx_word' id='word_1_35' title='bbox 811 821 844 881; x_wconf 88' lang='lat' dir='ltr'>et</span> <span class='ocrx_word' id='word_1_36' title='bbox 872 817 927 881; x_wconf 90' lang='lat' dir='ltr'>alii</span> <span class='ocrx_word' id='word_1_37' title='bbox 951 821 983 882; x_wconf 92' lang='lat' dir='ltr'>et</span> <span class='ocrx_word' id='word_1_38' title='bbox 1005 818 1148 882; x_wconf 84' lang='lat' dir='ltr'>maxime</span> <span class='ocrx_word' id='word_1_39' title='bbox 1172 818 1284 884; x_wconf 88' lang='lat' dir='ltr'>Cicero</span> <span class='ocrx_word' id='word_1_40' title='bbox 1307 821 1341 884; x_wconf 92' lang='lat' dir='ltr'>in</span> 
     </span>
     <span class='ocr_line' id='line_1_6' title="bbox 131 912 1341 1007; baseline 0.001 -18"><span class='ocrx_word' id='word_1_41' title='bbox 131 924 223 1007; x_wconf 86' lang='lat' dir='ltr'>legis</span> <span class='ocrx_word' id='word_1_42' title='bbox 246 912 386 988; x_wconf 84' lang='lat' dir='ltr'>Aureliae</span> <span class='ocrx_word' id='word_1_43' title='bbox 410 925 719 989; x_wconf 76' lang='lat' dir='ltr'>commemoratione</span> <span class='ocrx_word' id='word_1_44' title='bbox 741 924 889 990; x_wconf 91' lang='lat' dir='ltr'>tribunos</span> <span class='ocrx_word' id='word_1_45' title='bbox 907 925 1039 990; x_wconf 87' lang='lat' dir='ltr'>aerarios</span> <span class='ocrx_word' id='word_1_46' title='bbox 1057 926 1221 990; x_wconf 89' lang='lat' dir='ltr'>omittunt.</span> <span class='ocrx_word' id='word_1_47' title='bbox 1257 926 1341 990; x_wconf 86' lang='lat' dir='ltr'>Nam</span> 
     </span>
     <span class='ocr_line' id='line_1_7' title="bbox 133 1028 1341 1114; baseline 0.001 -19"><span class='ocrx_word' id='word_1_48' title='bbox 133 1032 233 1114; x_wconf 88' lang='lat' dir='ltr'>quod</span> <span class='ocrx_word' id='word_1_49' title='bbox 260 1031 473 1095; x_wconf 85' lang='lat' dir='ltr'>Ruhnkenius</span> <span class='ocrx_word' id='word_1_50' title='bbox 503 1028 559 1112; x_wconf 89' lang='lat' dir='ltr'>(ad</span> <span class='ocrx_word' id='word_1_51' title='bbox 582 1030 661 1094; x_wconf 90' lang='lat' dir='ltr'>Vell.</span> <span class='ocrx_word' id='word_1_52' title='bbox 686 1030 723 1107; x_wconf 89' lang='grc' dir='ltr'>ΙΙ,</span> <span class='ocrx_word' id='word_1_53' title='bbox 748 1028 804 1111; x_wconf 81' lang='lat'>32)</span> <span class='ocrx_word' id='word_1_54' title='bbox 832 1034 865 1094; x_wconf 88' lang='lat' dir='ltr'>et</span> <span class='ocrx_word' id='word_1_55' title='bbox 893 1031 1044 1096; x_wconf 88' lang='lat' dir='ltr'>Klenzius</span> <span class='ocrx_word' id='word_1_56' title='bbox 1073 1029 1267 1114; x_wconf 87' lang='lat' dir='ltr'>(Prolegom.</span> <span class='ocrx_word' id='word_1_57' title='bbox 1298 1032 1341 1097; x_wconf 90' lang='lat' dir='ltr'>ad</span> 
     </span>
     <span class='ocr_line' id='line_1_8' title="bbox 134 1135 1395 1221; baseline -0.005 -18"><span class='ocrx_word' id='word_1_58' title='bbox 134 1138 206 1221; x_wconf 84' lang='lat' dir='ltr'>leg.</span> <span class='ocrx_word' id='word_1_59' title='bbox 232 1137 343 1202; x_wconf 88' lang='lat' dir='ltr'>Servii.</span> <span class='ocrx_word' id='word_1_60' title='bbox 367 1157 399 1219; x_wconf 90' lang='lat' dir='ltr'>p.</span> <span class='ocrx_word' id='word_1_61' title='bbox 423 1137 495 1201; x_wconf 88' lang='lat' dir='ltr'>XVI</span> <span class='ocrx_word' id='word_1_62' title='bbox 525 1140 592 1203; x_wconf 92' lang='lat' dir='ltr'>not.</span> <span class='ocrx_word' id='word_1_63' title='bbox 618 1135 673 1217; x_wconf 85' lang='grc'>76)</span> <span class='ocrx_word' id='word_1_64' title='bbox 705 1141 810 1203; x_wconf 87' lang='lat' dir='ltr'>toturn</span> <span class='ocrx_word' id='word_1_65' title='bbox 842 1138 967 1219; x_wconf 91' lang='lat' dir='ltr'>potiore</span> <span class='ocrx_word' id='word_1_66' title='bbox 999 1141 1093 1221; x_wconf 89' lang='lat' dir='ltr'>parte</span> <span class='ocrx_word' id='word_1_67' title='bbox 1124 1139 1340 1221; x_wconf 88' lang='lat' dir='ltr'>significatum</span> <span class='ocrx_word' id='word_1_68' title='bbox 1355 1158 1395 1198; x_wconf 71' lang='lat' dir='ltr'>aar</span> 
     </span>
     <span class='ocr_line' id='line_1_9' title="bbox 136 1244 1341 1327; baseline 0 -17"><span class='ocrx_word' id='word_1_69' title='bbox 136 1245 267 1323; x_wconf 88' lang='lat' dir='ltr'>dicunt,</span> <span class='ocrx_word' id='word_1_70' title='bbox 290 1264 396 1327; x_wconf 90' lang='lat' dir='ltr'>neque</span> <span class='ocrx_word' id='word_1_71' title='bbox 419 1245 561 1326; x_wconf 92' lang='lat' dir='ltr'>potiores</span> <span class='ocrx_word' id='word_1_72' title='bbox 585 1248 695 1326; x_wconf 89' lang='lat' dir='ltr'>partes</span> <span class='ocrx_word' id='word_1_73' title='bbox 719 1248 813 1308; x_wconf 90' lang='lat' dir='ltr'>erant</span> <span class='ocrx_word' id='word_1_74' title='bbox 836 1245 982 1326; x_wconf 88' lang='lat' dir='ltr'>equiturn</span> <span class='ocrx_word' id='word_1_75' title='bbox 1006 1264 1105 1327; x_wconf 90' lang='lat' dir='ltr'>quam</span> <span class='ocrx_word' id='word_1_76' title='bbox 1124 1244 1341 1323; x_wconf 88' lang='lat' dir='ltr'>tribunomm,</span> 
     </span>
     <span class='ocr_line' id='line_1_10' title="bbox 138 1349 1342 1439; baseline 0 -22"><span class='ocrx_word' id='word_1_77' title='bbox 138 1352 204 1418; x_wconf 84' lang='lat' dir='ltr'>sed</span> <span class='ocrx_word' id='word_1_78' title='bbox 228 1371 331 1433; x_wconf 76' lang='lat' dir='ltr'>requae</span> <span class='ocrx_word' id='word_1_79' title='bbox 348 1358 577 1439; x_wconf 84' lang='lat' dir='ltr'>utrorumque,</span> <span class='ocrx_word' id='word_1_80' title='bbox 612 1368 718 1431; x_wconf 91' lang='lat' dir='ltr'>neque</span> <span class='ocrx_word' id='word_1_81' title='bbox 747 1349 817 1414; x_wconf 87' lang='lat' dir='ltr'>haec</span> <span class='ocrx_word' id='word_1_82' title='bbox 847 1351 1012 1417; x_wconf 81' lang='lat' dir='ltr'>excusatio</span> <span class='ocrx_word' id='word_1_83' title='bbox 1041 1351 1161 1417; x_wconf 82' lang='lat' dir='ltr'>sufficit</span> <span class='ocrx_word' id='word_1_84' title='bbox 1189 1353 1222 1416; x_wconf 94' lang='lat' dir='ltr'>in</span> <span class='ocrx_word' id='word_1_85' title='bbox 1251 1352 1342 1418; x_wconf 82' lang='lat' dir='ltr'>Cice·</span> 
     </span>
     <span class='ocr_line' id='line_1_11' title="bbox 139 1454 1342 1541; baseline -0.001 -17"><span class='ocrx_word' id='word_1_86' title='bbox 139 1478 235 1533; x_wconf 87' lang='lat' dir='ltr'>rone,</span> <span class='ocrx_word' id='word_1_87' title='bbox 265 1457 319 1540; x_wconf 90' lang='lat' dir='ltr'>qui</span> <span class='ocrx_word' id='word_1_88' title='bbox 343 1456 390 1539; x_wconf 88' lang='lat' dir='ltr'>(in</span> <span class='ocrx_word' id='word_1_89' title='bbox 413 1459 495 1521; x_wconf 90' lang='lat' dir='ltr'>orat.</span> <span class='ocrx_word' id='word_1_90' title='bbox 519 1476 579 1539; x_wconf 92' lang='lat' dir='ltr'>pro</span> <span class='ocrx_word' id='word_1_91' title='bbox 602 1454 743 1537; x_wconf 88' lang='lat' dir='ltr'>Cluent.)</span> <span class='ocrx_word' id='word_1_92' title='bbox 772 1457 817 1520; x_wconf 92' lang='lat' dir='ltr'>sic</span> <span class='ocrx_word' id='word_1_93' title='bbox 841 1457 984 1538; x_wconf 88' lang='lat' dir='ltr'>loquitur</span> <span class='ocrx_word' id='word_1_94' title='bbox 1007 1458 1096 1540; x_wconf 91' lang='lat' dir='ltr'>apud</span> <span class='ocrx_word' id='word_1_95' title='bbox 1119 1458 1209 1523; x_wconf 94' lang='lat' dir='ltr'>illum</span> <span class='ocrx_word' id='word_1_96' title='bbox 1233 1460 1342 1541; x_wconf 92' lang='lat' dir='ltr'>ipsum</span> 
     </span>
     <span class='ocr_line' id='line_1_12' title="bbox 140 1563 1343 1646; baseline 0.001 -17"><span class='ocrx_word' id='word_1_97' title='bbox 140 1564 325 1642; x_wconf 89' lang='lat' dir='ltr'>consilium,</span> <span class='ocrx_word' id='word_1_98' title='bbox 361 1564 449 1645; x_wconf 91' lang='lat' dir='ltr'>quod</span> <span class='ocrx_word' id='word_1_99' title='bbox 479 1563 576 1627; x_wconf 88' lang='lat' dir='ltr'>tertia</span> <span class='ocrx_word' id='word_1_100' title='bbox 608 1582 647 1627; x_wconf 85' lang='lat' dir='ltr'>ex</span> <span class='ocrx_word' id='word_1_101' title='bbox 675 1566 768 1646; x_wconf 82' lang='lat' dir='ltr'>parte</span> <span class='ocrx_word' id='word_1_102' title='bbox 797 1582 837 1627; x_wconf 83' lang='lat' dir='ltr'>ex</span> <span class='ocrx_word' id='word_1_103' title='bbox 865 1563 1003 1628; x_wconf 89' lang='lat' dir='ltr'>tribunis</span> <span class='ocrx_word' id='word_1_104' title='bbox 1027 1564 1210 1629; x_wconf 80' lang='lat' dir='ltr'>constabat.</span> <span class='ocrx_word' id='word_1_105' title='bbox 1257 1565 1343 1630; x_wconf 90' lang='lat' dir='ltr'>Vera</span> 
     </span>
     <span class='ocr_line' id='line_1_13' title="bbox 143 1669 1343 1754; baseline 0.002 -19"><span class='ocrx_word' id='word_1_106' title='bbox 143 1676 220 1736; x_wconf 91' lang='lat' dir='ltr'>erat</span> <span class='ocrx_word' id='word_1_107' title='bbox 241 1670 412 1752; x_wconf 81' lang='lat' dir='ltr'>Augustini</span> <span class='ocrx_word' id='word_1_108' title='bbox 441 1669 612 1747; x_wconf 89' lang='lat' dir='ltr'>sententia,</span> <span class='ocrx_word' id='word_1_109' title='bbox 649 1688 747 1751; x_wconf 91' lang='lat' dir='ltr'>quam</span> <span class='ocrx_word' id='word_1_110' title='bbox 779 1669 823 1734; x_wconf 93' lang='lat' dir='ltr'>illi</span> <span class='ocrx_word' id='word_1_111' title='bbox 852 1670 1077 1752; x_wconf 79' lang='lat' dir='ltr'>repudiarunt,</span> <span class='ocrx_word' id='word_1_112' title='bbox 1113 1672 1256 1754; x_wconf 87' lang='lat' dir='ltr'>equitem</span> <span class='ocrx_word' id='word_1_113' title='bbox 1283 1693 1343 1737; x_wconf 93' lang='lat' dir='ltr'>no-</span> 
     </span>
     <span class='ocr_line' id='line_1_14' title="bbox 141 1776 1342 1860; baseline 0 -17"><span class='ocrx_word' id='word_1_114' title='bbox 141 1780 235 1844; x_wconf 89' lang='lat' dir='ltr'>mine</span> <span class='ocrx_word' id='word_1_115' title='bbox 269 1782 300 1842; x_wconf 86' lang='lat' dir='ltr'>et</span> <span class='ocrx_word' id='word_1_116' title='bbox 335 1796 453 1860; x_wconf 77' lang='lat' dir='ltr'>genere</span> <span class='ocrx_word' id='word_1_117' title='bbox 488 1776 719 1859; x_wconf 85' lang='lat' dir='ltr'>comprehendi</span> <span class='ocrx_word' id='word_1_118' title='bbox 753 1776 995 1858; x_wconf 85' lang='lat' dir='ltr'>quodammodo</span> <span class='ocrx_word' id='word_1_119' title='bbox 1023 1778 1170 1844; x_wconf 88' lang='lat' dir='ltr'>tribunos</span> <span class='ocrx_word' id='word_1_120' title='bbox 1200 1780 1342 1843; x_wconf 77' lang='lat' dir='ltr'>aerarios</span> 
     </span>
     <span class='ocr_line' id='line_1_15' title="bbox 142 1883 1342 1966; baseline 0.001 -18"><span class='ocrx_word' id='word_1_121' title='bbox 142 1884 260 1966; x_wconf 86' lang='lat' dir='ltr'>ltaque</span> <span class='ocrx_word' id='word_1_122' title='bbox 285 1903 340 1950; x_wconf 89' lang='lat' dir='ltr'>eos</span> <span class='ocrx_word' id='word_1_123' title='bbox 364 1883 476 1949; x_wconf 87' lang='lat' dir='ltr'>Cicero</span> <span class='ocrx_word' id='word_1_124' title='bbox 499 1883 647 1948; x_wconf 88' lang='lat' dir='ltr'>similiter</span> <span class='ocrx_word' id='word_1_125' title='bbox 674 1884 708 1947; x_wconf 91' lang='lat' dir='ltr'>in</span> <span class='ocrx_word' id='word_1_126' title='bbox 731 1887 812 1948; x_wconf 88' lang='lat' dir='ltr'>orat.</span> <span class='ocrx_word' id='word_1_127' title='bbox 837 1903 897 1965; x_wconf 92' lang='lat' dir='ltr'>pro</span> <span class='ocrx_word' id='word_1_128' title='bbox 920 1883 1036 1949; x_wconf 84' lang='lat' dir='ltr'>Flacco</span> <span class='ocrx_word' id='word_1_129' title='bbox 1060 1885 1112 1962; x_wconf 81' lang='lat'>38,</span> <span class='ocrx_word' id='word_1_130' title='bbox 1142 1884 1184 1949; x_wconf 85' lang='grc'>96</span> <span class='ocrx_word' id='word_1_131' title='bbox 1213 1884 1342 1963; x_wconf 91' lang='lat' dir='ltr'>omittit,</span> 
     </span>
     <span class='ocr_line' id='line_1_16' title="bbox 143 1990 1343 2073; baseline -0.001 -17"><span class='ocrx_word' id='word_1_132' title='bbox 143 1991 192 2057; x_wconf 93' lang='lat' dir='ltr'>sic</span> <span class='ocrx_word' id='word_1_133' title='bbox 217 1991 336 2069; x_wconf 88' lang='lat' dir='ltr'>dicens,</span> <span class='ocrx_word' id='word_1_134' title='bbox 360 1994 518 2073; x_wconf 82' lang='lat' dir='ltr'>tanquam</span> <span class='ocrx_word' id='word_1_135' title='bbox 542 1994 709 2055; x_wconf 85' lang='lat' dir='ltr'>senatores</span> <span class='ocrx_word' id='word_1_136' title='bbox 733 1994 861 2054; x_wconf 87' lang='lat' dir='ltr'>tantum</span> <span class='ocrx_word' id='word_1_137' title='bbox 882 1997 915 2054; x_wconf 89' lang='lat' dir='ltr'>et</span> <span class='ocrx_word' id='word_1_138' title='bbox 931 1992 1056 2072; x_wconf 86' lang='lat' dir='ltr'>equites</span> <span class='ocrx_word' id='word_1_139' title='bbox 1073 1990 1195 2055; x_wconf 89' lang='lat' dir='ltr'>iudices</span> <span class='ocrx_word' id='word_1_140' title='bbox 1211 1991 1343 2056; x_wconf 89' lang='lat' dir='ltr'>habeat.</span> 
     </span>
     <span class='ocr_line' id='line_1_17' title="bbox 143 2095 1343 2179; baseline -0.002 -16"><span class='ocrx_word' id='word_1_141' title='bbox 143 2099 215 2164; x_wconf 89' lang='lat' dir='ltr'>Res</span> <span class='ocrx_word' id='word_1_142' title='bbox 238 2100 284 2162; x_wconf 92' lang='lat' dir='ltr'>ita</span> <span class='ocrx_word' id='word_1_143' title='bbox 306 2117 342 2162; x_wconf 91' lang='lat' dir='ltr'>se</span> <span class='ocrx_word' id='word_1_144' title='bbox 365 2095 476 2162; x_wconf 91' lang='lat' dir='ltr'>habet.</span> <span class='ocrx_word' id='word_1_145' title='bbox 512 2096 597 2161; x_wconf 90' lang='lat' dir='ltr'>Olim</span> <span class='ocrx_word' id='word_1_146' title='bbox 621 2097 691 2178; x_wconf 89' lang='lat' dir='ltr'>lege</span> <span class='ocrx_word' id='word_1_147' title='bbox 714 2095 907 2178; x_wconf 91' lang='lat' dir='ltr'>Sempronia</span> <span class='ocrx_word' id='word_1_148' title='bbox 924 2116 944 2161; x_wconf 91' lang='lat' dir='ltr'>a</span> <span class='ocrx_word' id='word_1_149' title='bbox 964 2098 1180 2174; x_wconf 88' lang='lat' dir='ltr'>senatoribus,</span> <span class='ocrx_word' id='word_1_150' title='bbox 1205 2117 1343 2179; x_wconf 88' lang='lat' dir='ltr'>quorum</span> 
     </span>
     <span class='ocr_line' id='line_1_18' title="bbox 142 2202 1344 2286; baseline -0.002 -17"><span class='ocrx_word' id='word_1_151' title='bbox 142 2205 237 2271; x_wconf 90' lang='lat' dir='ltr'>locus</span> <span class='ocrx_word' id='word_1_152' title='bbox 259 2205 292 2269; x_wconf 97' lang='lat' dir='ltr'>in</span> <span class='ocrx_word' id='word_1_153' title='bbox 316 2202 504 2286; x_wconf 88' lang='lat' dir='ltr'>republica</span> <span class='ocrx_word' id='word_1_154' title='bbox 527 2223 593 2268; x_wconf 92' lang='lat' dir='ltr'>non</span> <span class='ocrx_word' id='word_1_155' title='bbox 616 2222 714 2267; x_wconf 91' lang='lat' dir='ltr'>censu</span> <span class='ocrx_word' id='word_1_156' title='bbox 738 2204 943 2285; x_wconf 89' lang='lat' dir='ltr'>potissimum</span> <span class='ocrx_word' id='word_1_157' title='bbox 973 2204 1148 2281; x_wconf 85' lang='lat' dir='ltr'>nitebatur,</span> <span class='ocrx_word' id='word_1_158' title='bbox 1179 2203 1239 2268; x_wconf 87' lang='lat' dir='ltr'>etsi</span> <span class='ocrx_word' id='word_1_159' title='bbox 1268 2222 1344 2268; x_wconf 92' lang='lat' dir='ltr'>cen·</span> 
     </span>
     <span class='ocr_line' id='line_1_19' title="bbox 145 2304 1345 2393; baseline -0.003 -17"><span class='ocrx_word' id='word_1_160' title='bbox 145 2331 205 2376; x_wconf 88' lang='lat' dir='ltr'>sus</span> <span class='ocrx_word' id='word_1_161' title='bbox 239 2311 418 2393; x_wconf 87' lang='lat' dir='ltr'>praefinitus</span> <span class='ocrx_word' id='word_1_162' title='bbox 453 2314 533 2389; x_wconf 90' lang='lat' dir='ltr'>erat,</span> <span class='ocrx_word' id='word_1_163' title='bbox 568 2309 628 2374; x_wconf 93' lang='lat' dir='ltr'>sed</span> <span class='ocrx_word' id='word_1_164' title='bbox 661 2313 752 2392; x_wconf 89' lang='lat' dir='ltr'>gesto</span> <span class='ocrx_word' id='word_1_165' title='bbox 786 2304 1091 2392; x_wconf 76' lang='lat' dir='ltr'>magistratuque</span> <span class='ocrx_word' id='word_1_166' title='bbox 1126 2310 1157 2374; x_wconf 90' lang='lat' dir='ltr'>in</span> <span class='ocrx_word' id='word_1_167' title='bbox 1193 2313 1345 2374; x_wconf 91' lang='lat' dir='ltr'>senatum</span> 
     </span>
     <span class='ocr_line' id='line_1_20' title="bbox 144 2415 1344 2499; baseline -0.003 -16"><span class='ocrx_word' id='word_1_168' title='bbox 144 2423 316 2497; x_wconf 84' lang='lat' dir='ltr'>venerant,</span> <span class='ocrx_word' id='word_1_169' title='bbox 352 2421 384 2482; x_wconf 88' lang='lat' dir='ltr'>et</span> <span class='ocrx_word' id='word_1_170' title='bbox 414 2418 533 2481; x_wconf 90' lang='lat' dir='ltr'>summi</span> <span class='ocrx_word' id='word_1_171' title='bbox 566 2416 689 2482; x_wconf 91' lang='lat' dir='ltr'>consilii</span> <span class='ocrx_word' id='word_1_172' title='bbox 720 2415 964 2499; x_wconf 76' lang='lat' dir='ltr'>gubernatione,</span> <span class='ocrx_word' id='word_1_173' title='bbox 1000 2416 1119 2481; x_wconf 90' lang='lat' dir='ltr'>iudicia</span> <span class='ocrx_word' id='word_1_174' title='bbox 1147 2416 1190 2480; x_wconf 89' lang='lat' dir='ltr'>ad</span> <span class='ocrx_word' id='word_1_175' title='bbox 1219 2416 1344 2497; x_wconf 89' lang='lat' dir='ltr'>equites</span> 
     </span>
     <span class='ocr_line' id='line_1_21' title="bbox 145 2522 1345 2606; baseline -0.001 -18"><span class='ocrx_word' id='word_1_176' title='bbox 145 2524 309 2589; x_wconf 88' lang='lat' dir='ltr'>translata</span> <span class='ocrx_word' id='word_1_177' title='bbox 333 2527 436 2589; x_wconf 89' lang='lat' dir='ltr'>erant.</span> <span class='ocrx_word' id='word_1_178' title='bbox 472 2523 580 2602; x_wconf 87' lang='lat' dir='ltr'>Quum</span> <span class='ocrx_word' id='word_1_179' title='bbox 604 2523 700 2606; x_wconf 88' lang='lat' dir='ltr'>igitur</span> <span class='ocrx_word' id='word_1_180' title='bbox 716 2524 750 2587; x_wconf 91' lang='lat' dir='ltr'>L.</span> <span class='ocrx_word' id='word_1_181' title='bbox 768 2523 862 2588; x_wconf 87' lang='lat' dir='ltr'>Cotta</span> <span class='ocrx_word' id='word_1_182' title='bbox 885 2522 1091 2587; x_wconf 90' lang='lat' dir='ltr'>senatoribus</span> <span class='ocrx_word' id='word_1_183' title='bbox 1115 2524 1148 2587; x_wconf 91' lang='lat' dir='ltr'>in</span> <span class='ocrx_word' id='word_1_184' title='bbox 1171 2522 1345 2587; x_wconf 88' lang='lat' dir='ltr'>iudicando</span> 
     </span>
     <span class='ocr_line' id='line_1_22' title="bbox 147 2628 1344 2713; baseline -0.003 -17"><span class='ocrx_word' id='word_1_185' title='bbox 147 2631 340 2713; x_wconf 89' lang='lat' dir='ltr'>adiungeret</span> <span class='ocrx_word' id='word_1_186' title='bbox 361 2630 510 2696; x_wconf 90' lang='lat' dir='ltr'>homines</span> <span class='ocrx_word' id='word_1_187' title='bbox 534 2650 598 2708; x_wconf 90' lang='lat' dir='ltr'>eos,</span> <span class='ocrx_word' id='word_1_188' title='bbox 623 2650 704 2712; x_wconf 91' lang='lat' dir='ltr'>quos</span> <span class='ocrx_word' id='word_1_189' title='bbox 728 2649 844 2695; x_wconf 88' lang='lat' dir='ltr'>census</span> <span class='ocrx_word' id='word_1_190' title='bbox 868 2629 955 2694; x_wconf 91' lang='lat' dir='ltr'>solus</span> <span class='ocrx_word' id='word_1_191' title='bbox 977 2628 1108 2711; x_wconf 91' lang='lat' dir='ltr'>aplebe</span> <span class='ocrx_word' id='word_1_192' title='bbox 1124 2629 1344 2712; x_wconf 89' lang='lat' dir='ltr'>distingueret,</span> 
     </span>
     <span class='ocr_line' id='line_1_23' title="bbox 147 2736 1344 2819; baseline -0.001 -19"><span class='ocrx_word' id='word_1_193' title='bbox 147 2756 338 2819; x_wconf 85' lang='lat' dir='ltr'>quanquam</span> <span class='ocrx_word' id='word_1_194' title='bbox 374 2738 490 2802; x_wconf 89' lang='lat' dir='ltr'>horum</span> <span class='ocrx_word' id='word_1_195' title='bbox 526 2737 591 2802; x_wconf 91' lang='lat' dir='ltr'>duo</span> <span class='ocrx_word' id='word_1_196' title='bbox 626 2740 720 2801; x_wconf 89' lang='lat' dir='ltr'>erant</span> <span class='ocrx_word' id='word_1_197' title='bbox 753 2736 884 2819; x_wconf 89' lang='lat' dir='ltr'>gradus,</span> <span class='ocrx_word' id='word_1_198' title='bbox 919 2740 1031 2800; x_wconf 88' lang='lat' dir='ltr'>tamen</span> <span class='ocrx_word' id='word_1_199' title='bbox 1066 2736 1127 2800; x_wconf 91' lang='lat' dir='ltr'>hoc</span> <span class='ocrx_word' id='word_1_200' title='bbox 1162 2736 1344 2815; x_wconf 90' lang='lat' dir='ltr'>discrimen,</span> 
     </span>
     <span class='ocr_line' id='line_1_24' title="bbox 149 2842 1345 2926; baseline -0.001 -17"><span class='ocrx_word' id='word_1_201' title='bbox 149 2843 238 2926; x_wconf 92' lang='lat' dir='ltr'>quod</span> <span class='ocrx_word' id='word_1_202' title='bbox 270 2844 364 2925; x_wconf 90' lang='lat' dir='ltr'>longe</span> <span class='ocrx_word' id='word_1_203' title='bbox 395 2843 502 2908; x_wconf 90' lang='lat' dir='ltr'>minus</span> <span class='ocrx_word' id='word_1_204' title='bbox 535 2847 615 2920; x_wconf 90' lang='lat' dir='ltr'>erat,</span> <span class='ocrx_word' id='word_1_205' title='bbox 650 2842 888 2909; x_wconf 87' lang='lat' dir='ltr'>obscurabatur</span> <span class='ocrx_word' id='word_1_206' title='bbox 920 2843 1112 2924; x_wconf 88' lang='lat' dir='ltr'>animusque</span> <span class='ocrx_word' id='word_1_207' title='bbox 1145 2844 1187 2908; x_wconf 90' lang='lat' dir='ltr'>ad</span> <span class='ocrx_word' id='word_1_208' title='bbox 1219 2844 1345 2926; x_wconf 88' lang='lat' dir='ltr'>equites</span> 
     </span>
     <span class='ocr_line' id='line_1_25' title="bbox 149 2949 1346 3032; baseline -0.001 -16"><span class='ocrx_word' id='word_1_209' title='bbox 149 2971 224 3016; x_wconf 92' lang='lat' dir='ltr'>cum</span> <span class='ocrx_word' id='word_1_210' title='bbox 260 2955 390 3028; x_wconf 88' lang='lat' dir='ltr'>senatu,</span> <span class='ocrx_word' id='word_1_211' title='bbox 426 2949 703 3032; x_wconf 88' lang='lat' dir='ltr'>quemadmodum</span> <span class='ocrx_word' id='word_1_212' title='bbox 739 2949 928 3015; x_wconf 86' lang='lat' dir='ltr'>Gracchano</span> <span class='ocrx_word' id='word_1_213' title='bbox 962 2951 1119 3031; x_wconf 92' lang='lat' dir='ltr'>tempore,</span> <span class='ocrx_word' id='word_1_214' title='bbox 1158 2951 1346 3016; x_wconf 91' lang='lat' dir='ltr'>coniunctos</span> 
     </span>
     <span class='ocr_line' id='line_1_26' title="bbox 149 3056 1347 3139; baseline -0.002 -16"><span class='ocrx_word' id='word_1_215' title='bbox 149 3059 197 3123; x_wconf 89' lang='lat' dir='ltr'>sic</span> <span class='ocrx_word' id='word_1_216' title='bbox 220 3057 395 3135; x_wconf 82' lang='lat' dir='ltr'>ferebatur,</span> <span class='ocrx_word' id='word_1_217' title='bbox 429 3061 465 3121; x_wconf 89' lang='lat' dir='ltr'>ut</span> <span class='ocrx_word' id='word_1_218' title='bbox 488 3057 541 3122; x_wconf 94' lang='lat' dir='ltr'>illo</span> <span class='ocrx_word' id='word_1_219' title='bbox 564 3076 682 3139; x_wconf 90' lang='lat' dir='ltr'>genere</span> <span class='ocrx_word' id='word_1_220' title='bbox 705 3060 738 3120; x_wconf 89' lang='lat' dir='ltr'>et</span> <span class='ocrx_word' id='word_1_221' title='bbox 761 3056 891 3120; x_wconf 91' lang='lat' dir='ltr'>nomine</span> <span class='ocrx_word' id='word_1_222' title='bbox 915 3056 1079 3121; x_wconf 91' lang='lat' dir='ltr'>interdum</span> <span class='ocrx_word' id='word_1_223' title='bbox 1103 3056 1201 3121; x_wconf 90' lang='lat' dir='ltr'>etiam</span> <span class='ocrx_word' id='word_1_224' title='bbox 1226 3057 1347 3121; x_wconf 90' lang='lat' dir='ltr'>tribuni</span> 
     </span>
     <span class='ocr_line' id='line_1_27' title="bbox 151 3162 1346 3246; baseline -0.003 -17"><span class='ocrx_word' id='word_1_225' title='bbox 151 3164 404 3230; x_wconf 86' lang='lat' dir='ltr'>includerentur.</span> <span class='ocrx_word' id='word_1_226' title='bbox 450 3162 521 3228; x_wconf 92' lang='lat' dir='ltr'>Hoc</span> <span class='ocrx_word' id='word_1_227' title='bbox 550 3165 657 3246; x_wconf 90' lang='lat' dir='ltr'>ipsum</span> <span class='ocrx_word' id='word_1_228' title='bbox 686 3163 867 3245; x_wconf 85' lang='lat' dir='ltr'>significare</span> <span class='ocrx_word' id='word_1_229' title='bbox 894 3162 1023 3227; x_wconf 88' lang='lat' dir='ltr'>videtur</span> <span class='ocrx_word' id='word_1_230' title='bbox 1051 3163 1241 3228; x_wconf 89' lang='lat' dir='ltr'>scholiastes</span> <span class='ocrx_word' id='word_1_231' title='bbox 1264 3163 1346 3226; x_wconf 90' lang='lat' dir='ltr'>Am-</span> 
     </span>
     <span class='ocr_line' id='line_1_28' title="bbox 150 3268 1347 3353; baseline -0.003 -16"><span class='ocrx_word' id='word_1_232' title='bbox 150 3273 323 3337; x_wconf 91' lang='lat' dir='ltr'>brosianus</span> <span class='ocrx_word' id='word_1_233' title='bbox 355 3271 397 3335; x_wconf 89' lang='lat' dir='ltr'>ad</span> <span class='ocrx_word' id='word_1_234' title='bbox 429 3274 510 3336; x_wconf 90' lang='lat' dir='ltr'>orat.</span> <span class='ocrx_word' id='word_1_235' title='bbox 540 3290 599 3353; x_wconf 90' lang='lat' dir='ltr'>pro</span> <span class='ocrx_word' id='word_1_236' title='bbox 628 3270 743 3336; x_wconf 84' lang='lat' dir='ltr'>Flacco</span> <span class='ocrx_word' id='word_1_237' title='bbox 767 3270 797 3347; x_wconf 77' lang='lat'>2,</span> <span class='ocrx_word' id='word_1_238' title='bbox 829 3270 861 3347; x_wconf 88' lang='grc'>4,</span> <span class='ocrx_word' id='word_1_239' title='bbox 893 3268 1039 3333; x_wconf 90' lang='lat' dir='ltr'>eiusdem</span> <span class='ocrx_word' id='word_1_240' title='bbox 1070 3268 1192 3335; x_wconf 90' lang='lat' dir='ltr'>ordinis</span> <span class='ocrx_word' id='word_1_241' title='bbox 1225 3270 1347 3333; x_wconf 85' lang='lat' dir='ltr'>iaciens</span> 
     </span>
     <span class='ocr_line' id='line_1_29' title="bbox 150 3371 1346 3461; baseline -0.003 -18"><span class='ocrx_word' id='word_1_242' title='bbox 150 3379 277 3461; x_wconf 90' lang='lat' dir='ltr'>equites</span> <span class='ocrx_word' id='word_1_243' title='bbox 307 3383 340 3443; x_wconf 89' lang='lat' dir='ltr'>et</span> <span class='ocrx_word' id='word_1_244' title='bbox 370 3376 519 3443; x_wconf 89' lang='lat' dir='ltr'>tribunos</span> <span class='ocrx_word' id='word_1_245' title='bbox 551 3376 693 3443; x_wconf 85' lang='lat' dir='ltr'>aerarios.</span> <span class='ocrx_word' id='word_1_246' title='bbox 703 3371 729 3457; x_wconf 91' lang='lat'>¹)</span> <span class='ocrx_word' id='word_1_247' title='bbox 775 3375 915 3441; x_wconf 89' lang='lat' dir='ltr'>Velleius</span> <span class='ocrx_word' id='word_1_248' title='bbox 947 3380 1058 3441; x_wconf 83' lang='lat' dir='ltr'>tamen</span> <span class='ocrx_word' id='word_1_249' title='bbox 1090 3380 1122 3441; x_wconf 94' lang='lat' dir='ltr'>et</span> <span class='ocrx_word' id='word_1_250' title='bbox 1153 3376 1346 3441; x_wconf 88' lang='lat' dir='ltr'>Plutarchus</span> 
     </span>
    </p>
   </div>
   <div class='ocr_carea' id='block_1_3' title="bbox 178 3660 1350 4442">
    <p class='ocr_par' dir='ltr' id='par_1_3' title="bbox 178 3660 1350 4442">
     <span class='ocr_line' id='line_1_30' title="bbox 178 3660 1349 3729; baseline -0.006 -11"><span class='ocrx_word' id='word_1_251' title='bbox 178 3660 202 3729; x_wconf 87' lang='lat'>¹)</span> <span class='ocrx_word' id='word_1_252' title='bbox 221 3666 279 3717; x_wconf 72' lang='lat' dir='ltr'>Lex</span> <span class='ocrx_word' id='word_1_253' title='bbox 296 3666 366 3717; x_wconf 78' lang='lat' dir='ltr'>enim</span> <span class='ocrx_word' id='word_1_254' title='bbox 386 3664 501 3716; x_wconf 81' lang='lat' dir='ltr'>Aurelia</span> <span class='ocrx_word' id='word_1_255' title='bbox 520 3663 669 3714; x_wconf 75' lang='lat' dir='ltr'>iudiciaria</span> <span class='ocrx_word' id='word_1_256' title='bbox 691 3663 731 3714; x_wconf 79' lang='lat' dir='ltr'>ito</span> <span class='ocrx_word' id='word_1_257' title='bbox 754 3661 870 3726; x_wconf 79' lang='lat' dir='ltr'>carebat,</span> <span class='ocrx_word' id='word_1_258' title='bbox 898 3668 928 3713; x_wconf 84' lang='lat' dir='ltr'>ut</span> <span class='ocrx_word' id='word_1_259' title='bbox 951 3677 984 3712; x_wconf 71' lang='lat' dir='ltr'>cn</span> <span class='ocrx_word' id='word_1_260' title='bbox 1005 3667 1084 3727; x_wconf 80' lang='lat' dir='ltr'>porte</span> <span class='ocrx_word' id='word_1_261' title='bbox 1109 3662 1189 3712; x_wconf 76' lang='lat' dir='ltr'>tertia</span> <span class='ocrx_word' id='word_1_262' title='bbox 1213 3668 1349 3712; x_wconf 70' lang='lat' dir='ltr'>conolores</span> 
     </span>
     <span class='ocr_line' id='line_1_31' title="bbox 220 3750 1350 3820; baseline -0.004 -14"><span class='ocrx_word' id='word_1_263' title='bbox 220 3755 381 3819; x_wconf 63' lang='lat' dir='ltr'>irdmcrcnt,</span> <span class='ocrx_word' id='word_1_264' title='bbox 400 3770 433 3805; x_wconf 74' lang='lat' dir='ltr'>cc</span> <span class='ocrx_word' id='word_1_265' title='bbox 447 3753 577 3820; x_wconf 78' lang='lat' dir='ltr'>portibus</span> <span class='ocrx_word' id='word_1_266' title='bbox 595 3753 701 3804; x_wconf 82' lang='lat' dir='ltr'>duobus</span> <span class='ocrx_word' id='word_1_267' title='bbox 718 3751 823 3804; x_wconf 79' lang='lat' dir='ltr'>tribuni</span> <span class='ocrx_word' id='word_1_268' title='bbox 840 3752 938 3802; x_wconf 80' lang='lat' dir='ltr'>oercrii</span> <span class='ocrx_word' id='word_1_269' title='bbox 955 3757 979 3802; x_wconf 79' lang='lat' dir='ltr'>ct</span> <span class='ocrx_word' id='word_1_270' title='bbox 997 3752 1097 3817; x_wconf 75' lang='lat' dir='ltr'>equites</span> <span class='ocrx_word' id='word_1_271' title='bbox 1116 3750 1240 3811; x_wconf 74' lang='lat' dir='ltr'>Romani,</span> <span class='ocrx_word' id='word_1_272' title='bbox 1264 3751 1350 3801; x_wconf 77' lang='lat' dir='ltr'>eius-</span> 
     </span>
     <span class='ocr_line' id='line_1_32' title="bbox 223 3837 1350 3905; baseline -0.004 -10"><span class='ocrx_word' id='word_1_273' title='bbox 223 3845 292 3895; x_wconf 80' lang='lat' dir='ltr'>dem</span> <span class='ocrx_word' id='word_1_274' title='bbox 314 3844 445 3896; x_wconf 78' lang='lat' dir='ltr'>scilicet</span> <span class='ocrx_word' id='word_1_275' title='bbox 468 3842 603 3895; x_wconf 73' lang='lat' dir='ltr'>ordinis</span> <span class='ocrx_word' id='word_1_276' title='bbox 625 3843 702 3893; x_wconf 77' lang='lat' dir='ltr'>otri.</span> <span class='ocrx_word' id='word_1_277' title='bbox 738 3838 831 3893; x_wconf 86' lang='lat' dir='ltr'>Cicero</span> <span class='ocrx_word' id='word_1_278' title='bbox 854 3837 931 3892; x_wconf 88' lang='lat' dir='ltr'>dicit:</span> <span class='ocrx_word' id='word_1_279' title='bbox 954 3838 1109 3890; x_wconf 76' lang='lat' dir='ltr'>iudicabitis</span> <span class='ocrx_word' id='word_1_280' title='bbox 1128 3840 1269 3905; x_wconf 78' lang='lat' dir='ltr'>principes</span> <span class='ocrx_word' id='word_1_281' title='bbox 1292 3840 1350 3890; x_wconf 78' lang='lat' dir='ltr'>eius</span> 
     </span>
     <span class='ocr_line' id='line_1_33' title="bbox 222 3924 1349 3999; baseline -0.005 -15"><span class='ocrx_word' id='word_1_282' title='bbox 222 3934 328 3985; x_wconf 73' lang='lat' dir='ltr'>ordinis</span> <span class='ocrx_word' id='word_1_283' title='bbox 346 3928 500 3999; x_wconf 84' lang='lat' dir='ltr'>(equestris)</span> <span class='ocrx_word' id='word_1_284' title='bbox 518 3932 724 3999; x_wconf 70' lang='lat' dir='ltr'>quinquaginta.</span> <span class='ocrx_word' id='word_1_285' title='bbox 770 3928 798 3983; x_wconf 89' lang='lat' dir='ltr'>Si</span> <span class='ocrx_word' id='word_1_286' title='bbox 822 3944 854 3982; x_wconf 90' lang='lat' dir='ltr'>eo</span> <span class='ocrx_word' id='word_1_287' title='bbox 877 3943 964 3995; x_wconf 88' lang='lat' dir='ltr'>usque</span> <span class='ocrx_word' id='word_1_288' title='bbox 988 3926 1113 3979; x_wconf 87' lang='lat' dir='ltr'>tribunos</span> <span class='ocrx_word' id='word_1_289' title='bbox 1137 3924 1229 3979; x_wconf 87' lang='lat' dir='ltr'>Cicero</span> <span class='ocrx_word' id='word_1_290' title='bbox 1253 3924 1349 3993; x_wconf 90' lang='lat' dir='ltr'>equiti·</span> 
     </span>
     <span class='ocr_line' id='line_1_34' title="bbox 222 4015 1350 4088; baseline -0.006 -15"><span class='ocrx_word' id='word_1_291' title='bbox 222 4020 274 4072; x_wconf 91' lang='lat' dir='ltr'>bus</span> <span class='ocrx_word' id='word_1_292' title='bbox 297 4020 428 4088; x_wconf 70' lang='lat' dir='ltr'>aequavit,</span> <span class='ocrx_word' id='word_1_293' title='bbox 458 4024 488 4073; x_wconf 90' lang='lat' dir='ltr'>ut</span> <span class='ocrx_word' id='word_1_294' title='bbox 511 4020 562 4072; x_wconf 90' lang='lat' dir='ltr'>hoc</span> <span class='ocrx_word' id='word_1_295' title='bbox 586 4034 701 4072; x_wconf 92' lang='lat' dir='ltr'>numero</span> <span class='ocrx_word' id='word_1_296' title='bbox 726 4022 855 4084; x_wconf 85' lang='lat' dir='ltr'>utrosque</span> <span class='ocrx_word' id='word_1_297' title='bbox 883 4016 1140 4084; x_wconf 87' lang='lat' dir='ltr'>comprehenderet,</span> <span class='ocrx_word' id='word_1_298' title='bbox 1168 4015 1298 4068; x_wconf 88' lang='lat' dir='ltr'>sederunt</span> <span class='ocrx_word' id='word_1_299' title='bbox 1322 4015 1350 4067; x_wconf 92' lang='lat' dir='ltr'>in</span> 
     </span>
     <span class='ocr_line' id='line_1_35' title="bbox 222 4102 1347 4174; baseline -0.004 -14"><span class='ocrx_word' id='word_1_300' title='bbox 222 4109 310 4162; x_wconf 79' lang='lat' dir='ltr'>Flacci</span> <span class='ocrx_word' id='word_1_301' title='bbox 339 4107 475 4162; x_wconf 72' lang='lat' dir='ltr'>causali)</span> <span class='ocrx_word' id='word_1_302' title='bbox 503 4107 614 4171; x_wconf 88' lang='lat' dir='ltr'>iudices,</span> <span class='ocrx_word' id='word_1_303' title='bbox 642 4107 664 4160; x_wconf 91' lang='lat' dir='ltr'>si</span> <span class='ocrx_word' id='word_1_304' title='bbox 692 4106 742 4160; x_wconf 88' lang='lat' dir='ltr'>soli</span> <span class='ocrx_word' id='word_1_305' title='bbox 770 4106 876 4174; x_wconf 88' lang='lat' dir='ltr'>equites</span> <span class='ocrx_word' id='word_1_306' title='bbox 900 4104 938 4158; x_wconf 94' lang='lat' dir='ltr'>illi</span> <span class='ocrx_word' id='word_1_307' title='bbox 962 4104 1161 4173; x_wconf 82' lang='lat' dir='ltr'>quinquaginta</span> <span class='ocrx_word' id='word_1_308' title='bbox 1184 4109 1257 4167; x_wconf 87' lang='lat' dir='ltr'>sunt,</span> <span class='ocrx_word' id='word_1_309' title='bbox 1287 4102 1347 4156; x_wconf 82' lang='lat'>150.</span> 
     </span>
     <span class='ocr_line' id='line_1_36' title="bbox 222 4192 1348 4265; baseline -0.004 -15"><span class='ocrx_word' id='word_1_310' title='bbox 222 4196 296 4260; x_wconf 84' lang='lat' dir='ltr'>Mihi,</span> <span class='ocrx_word' id='word_1_311' title='bbox 324 4196 374 4250; x_wconf 86' lang='lat' dir='ltr'>etsi</span> <span class='ocrx_word' id='word_1_312' title='bbox 399 4213 462 4250; x_wconf 92' lang='lat' dir='ltr'>cum</span> <span class='ocrx_word' id='word_1_313' title='bbox 487 4196 655 4265; x_wconf 88' lang='lat' dir='ltr'>principibus</span> <span class='ocrx_word' id='word_1_314' title='bbox 679 4196 761 4250; x_wconf 88' lang='lat' dir='ltr'>etiam</span> <span class='ocrx_word' id='word_1_315' title='bbox 785 4194 918 4263; x_wconf 86' lang='lat' dir='ltr'>equestris</span> <span class='ocrx_word' id='word_1_316' title='bbox 944 4193 1046 4247; x_wconf 89' lang='lat' dir='ltr'>ordinis</span> <span class='ocrx_word' id='word_1_317' title='bbox 1065 4194 1188 4265; x_wconf 88' lang='lat' dir='ltr'>tribunos</span> <span class='ocrx_word' id='word_1_318' title='bbox 1208 4192 1348 4246; x_wconf 89' lang='lat' dir='ltr'>numerari</span> 
     </span>
     <span class='ocr_line' id='line_1_37' title="bbox 223 4281 1348 4354; baseline -0.005 -15"><span class='ocrx_word' id='word_1_319' title='bbox 223 4286 324 4339; x_wconf 87' lang='lat' dir='ltr'>mirum</span> <span class='ocrx_word' id='word_1_320' title='bbox 343 4286 429 4340; x_wconf 88' lang='lat' dir='ltr'>videri</span> <span class='ocrx_word' id='word_1_321' title='bbox 448 4290 544 4354; x_wconf 85' lang='lat' dir='ltr'>potest,</span> <span class='ocrx_word' id='word_1_322' title='bbox 573 4290 666 4339; x_wconf 87' lang='lat' dir='ltr'>tamen</span> <span class='ocrx_word' id='word_1_323' title='bbox 690 4286 763 4354; x_wconf 91' lang='lat' dir='ltr'>prior</span> <span class='ocrx_word' id='word_1_324' title='bbox 786 4284 831 4337; x_wconf 86' lang='lat' dir='ltr'>ille</span> <span class='ocrx_word' id='word_1_325' title='bbox 855 4298 986 4337; x_wconf 88' lang='lat' dir='ltr'>numerus</span> <span class='ocrx_word' id='word_1_326' title='bbox 1011 4281 1130 4335; x_wconf 88' lang='lat' dir='ltr'>iudicum</span> <span class='ocrx_word' id='word_1_327' title='bbox 1155 4283 1235 4349; x_wconf 90' lang='lat' dir='ltr'>louge</span> <span class='ocrx_word' id='word_1_328' title='bbox 1254 4282 1348 4350; x_wconf 86' lang='lat' dir='ltr'>proba·</span> 
     </span>
     <span class='ocr_line' id='line_1_38' title="bbox 224 4372 1349 4442; baseline -0.005 -15"><span class='ocrx_word' id='word_1_329' title='bbox 224 4375 303 4428; x_wconf 84' lang='lat' dir='ltr'>bilior</span> <span class='ocrx_word' id='word_1_330' title='bbox 321 4375 429 4429; x_wconf 83' lang='lat' dir='ltr'>videtur</span> <span class='ocrx_word' id='word_1_331' title='bbox 447 4375 542 4428; x_wconf 88' lang='lat' dir='ltr'>altero.</span> <span class='ocrx_word' id='word_1_332' title='bbox 579 4374 705 4437; x_wconf 85' lang='lat' dir='ltr'>Scaurus,</span> <span class='ocrx_word' id='word_1_333' title='bbox 732 4372 779 4442; x_wconf 93' lang='lat' dir='ltr'>qui</span> <span class='ocrx_word' id='word_1_334' title='bbox 803 4372 861 4441; x_wconf 87' lang='lat' dir='ltr'>lege</span> <span class='ocrx_word' id='word_1_335' title='bbox 885 4372 952 4425; x_wconf 85' lang='lat' dir='ltr'>Iulia</span> <span class='ocrx_word' id='word_1_336' title='bbox 971 4372 1187 4440; x_wconf 84' lang='lat' dir='ltr'>repetundarum</span> <span class='ocrx_word' id='word_1_337' title='bbox 1207 4375 1349 4423; x_wconf 84' lang='lat' dir='ltr'>accusatus</span> 
     </span>
    </p>
   </div>
   <div class='ocr_carea' id='block_1_4' title="bbox 225 4456 1348 4600">
    <p class='ocr_par' dir='ltr' id='par_1_4' title="bbox 225 4456 1348 4600">
     <span class='ocr_line' id='line_1_39' title="bbox 225 4456 1348 4534; baseline -0.006 -17"><span class='ocrx_word' id='word_1_338' title='bbox 225 4468 273 4530; x_wconf 89' lang='lat' dir='ltr'>cst,</span> <span class='ocrx_word' id='word_1_339' title='bbox 294 4463 328 4515; x_wconf 78' lang='lat'>70</span> <span class='ocrx_word' id='word_1_340' title='bbox 346 4469 394 4518; x_wconf 87' lang='lat' dir='ltr'>aut</span> <span class='ocrx_word' id='word_1_341' title='bbox 413 4464 503 4534; x_wconf 90' lang='lat' dir='ltr'>potius</span> <span class='ocrx_word' id='word_1_342' title='bbox 522 4464 556 4516; x_wconf 80' lang='lat'>69</span> <span class='ocrx_word' id='word_1_343' title='bbox 575 4463 677 4518; x_wconf 88' lang='lat' dir='ltr'>iudices</span> <span class='ocrx_word' id='word_1_344' title='bbox 696 4461 792 4515; x_wconf 85' lang='lat' dir='ltr'>habuit</span> <span class='ocrx_word' id='word_1_345' title='bbox 811 4460 919 4528; x_wconf 80' lang='lat' dir='ltr'>(Ascon.</span> <span class='ocrx_word' id='word_1_346' title='bbox 939 4461 967 4514; x_wconf 91' lang='lat' dir='ltr'>in</span> <span class='ocrx_word' id='word_1_347' title='bbox 986 4465 1054 4514; x_wconf 88' lang='lat' dir='ltr'>orat.</span> <span class='ocrx_word' id='word_1_348' title='bbox 1073 4476 1123 4529; x_wconf 91' lang='lat' dir='ltr'>pro</span> <span class='ocrx_word' id='word_1_349' title='bbox 1139 4459 1241 4512; x_wconf 90' lang='lat' dir='ltr'>Scauro</span> <span class='ocrx_word' id='word_1_350' title='bbox 1260 4456 1348 4523; x_wconf 60' lang='lat' dir='ltr'>extr).</span> 
     </span>
     <span class='ocr_line' id='line_1_40' title="bbox 1103 4546 1138 4600; baseline 0.029 -1"><span class='ocrx_word' id='word_1_351' title='bbox 1103 4546 1138 4600; x_wconf 88' lang='grc'>39</span> 
     </span>
    </p>
   </div>
   <div class='ocr_carea' id='block_1_5' title="bbox 0 0 1507 5190">
    <p class='ocr_par' dir='ltr' id='par_1_5' title="bbox 0 0 1507 5190">
     <span class='ocr_line' id='line_1_41' title="bbox 0 0 1507 5190; baseline 0 0"><span class='ocrx_word' id='word_1_352' title='bbox 0 0 1507 5190; x_wconf 95' lang='lat' dir='ltr'> </span> 
     </span>
    </p>
   </div>
  </div>
 </body>
</html>
