2956 5190
474 215 490 249 ⁸
751 204 817 268 250

187 399 294 480 specie
318 397 490 480 religionis,
524 398 589 462 sed
617 418 705 480 saepe
728 398 870 463 absurde
893 402 1028 478 erretur,
1063 419 1169 482 quum
1192 399 1269 466 clim
1288 401 1364 468 licea

186 506 262 584 tius,
286 505 344 569 sed
368 505 532 569 interdurn
557 525 631 569 cum
654 505 764 588 aliqua
786 506 895 588 specie
916 525 1002 570 verae
1021 506 1199 572 sententiae
1217 512 1366 575 errarem

187 612 300 694 Neque
334 612 367 675 id
395 612 704 693 reprehendendum
732 617 791 689 est,
827 613 1020 694 scripturam
1055 616 1250 696 corruptam
1282 616 1368 697 potin

184 719 308 783 servari
339 738 439 799 quam
471 720 683 782 temerariam
715 718 1012 800 interpolationem,
1047 720 1138 801 quod
1170 719 1309 804 religiosi
1332 724 1369 787 ed

188 824 297 902 critici,
334 824 392 888 sed
416 823 549 888 delendi
577 827 735 907 tanquam
759 825 983 904 rectissimam,
1018 827 1107 909 quod
1130 830 1186 892 est
1208 826 1308 893 verba
1325 846 1370 911 pro

188 931 355 996 sententiis
379 930 615 1012 amplectentis.
655 930 763 1009 Quare
787 932 916 1014 saepius
941 952 1040 1016 quam
1062 932 1232 1011 volebam,
1256 932 1370 999 incilia

188 1037 307 1102 scholae
330 1037 606 1119 interpretationis
632 1058 732 1103 causa
755 1039 798 1103 ad
822 1040 949 1104 criticas
972 1039 1172 1122 quaestiones
1197 1040 1372 1111 avocabant,

133 1157 172 1198 ³08
190 1145 221 1207 in
245 1143 364 1226 quibus
388 1144 484 1226 plane
507 1144 660 1223 intellexi,
696 1165 796 1228 quam
828 1146 951 1211 incerta
974 1149 1083 1211 essent
1107 1145 1225 1211 critica
1247 1144 1373 1212 subsid'n

184 1251 219 1313 in
242 1251 380 1315 Lucretii
405 1251 505 1327 libris,
532 1272 700 1335 quamque
723 1253 838 1317 horum
863 1253 1022 1334 scriptura
1044 1251 1157 1317 multis
1183 1252 1264 1318 locis
1281 1250 1366 1317 dunt

185 1356 233 1420 Ex
255 1356 305 1420 bis
329 1357 562 1438 quaestionibus
586 1361 664 1423 nata
687 1363 772 1436 sunt,
797 1378 870 1440 quae
893 1360 956 1424 hac
973 1358 1084 1423 oblata
1101 1357 1270 1429 scribendi
1285 1358 1374 1424 occa-⁰

185 1461 275 1528 sione
307 1465 353 1527 ita
380 1463 527 1545 proferre
563 1466 714 1529 constitui
746 1464 786 1529 de
817 1466 944 1530 duobus
966 1465 1109 1530 maxime
1133 1465 1281 1530 Lucretii
1302 1463 1374 1537 locis

186 1576 222 1633 ut
256 1569 352 1634 simul
387 1570 430 1633 ad
465 1570 612 1635 codicum
648 1572 915 1637 Lucretianorum
944 1571 1131 1636 universam
1162 1570 1374 1636 condicionali

186 1676 446 1758 perspiciendam
469 1678 664 1758 pertineant.

273 1783 296 1846 Ι.
321 1783 356 1848 C.
381 1782 520 1848 Orellius
544 1789 620 1848 ante
644 1784 769 1867 aliquot
797 1803 899 1848 annos
930 1785 1066 1866 scripsit,
1101 1803 1223 1849 omnes
1252 1781 1374 1849 Lucretii

185 1889 337 1954 carminis
361 1889 489 1954 codices
512 1890 606 1979 nobis
629 1898 735 1967 notos,
759 1889 898 1955 fortasse
916 1911 982 1955 uno
999 1893 1136 1973 excepto
1155 1888 1374 1974 Gottorpiensi,

185 1998 240 2079 qui
274 1999 402 2061 tanturn
439 1995 557 2060 librum
593 1997 734 2078 primum
770 2001 802 2060 et
833 2001 959 2078 partem
990 1996 1124 2062 secundi
1153 1998 1302 2062 continet
1326 2013 1374 2061 nec

186 2103 265 2168 satis
289 2105 440 2167 accurate
465 2102 600 2166 collatus
625 2110 684 2180 est,
709 2123 748 2166 ex
772 2123 837 2168 uno
861 2103 969 2187 aliquo
986 2104 1096 2169 codice
1115 2103 1299 2186 descriptos
1315 2120 1373 2167 asse

186 2208 249 2274 sibi
271 2208 383 2272 videri.
395 2203 421 2288 ¹)
467 2208 602 2273 Difficile
633 2213 683 2274 est
711 2210 752 2274 de
775 2209 825 2275 his
855 2209 1018 2274 codicibus
1048 2210 1211 2274 rationem
1241 2207 1373 2281 reddere,

189 2315 275 2398 quod
310 2335 352 2379 ne
387 2314 622 2397 Lugdunenses
654 2315 794 2398 quidem,
830 2321 905 2398 post
939 2316 1201 2398 Gottorpiensem
1238 2316 1374 2398 optimos,

188 2420 447 2503 Havercampius
482 2422 651 2504 diligenter
686 2423 845 2501 adhibuit,
880 2424 1059 2488 Lambinus
1094 2426 1208 2488 autem
1246 2422 1287 2487 de
1318 2418 1374 2486 suis
1412 2416 1415 2497 l

187 2527 351 2592 codicibus
383 2548 442 2610 pro
473 2528 557 2593 illius
589 2532 694 2594 aetatis
727 2549 817 2595 more
845 2548 964 2612 parurn
987 2532 1139 2592 accurate
1165 2528 1310 2607 tradidit,
1342 2526 1374 2591 dc

187 2635 391 2715 superiorum
426 2654 503 2700 vero
527 2638 688 2701 editorum
712 2637 876 2733 chicibus
907 2636 1004 2719 plane
1032 2625 1111 2699 nihil
1135 2639 1276 2701 constat.
1320 2632 1375 2700 Sed

187 2744 299 2805 tamen
333 2742 365 2805 in
400 2741 477 2806 locis
512 2744 670 2825 corruptis
707 2745 752 2809 ita
784 2726 971 2825 conspirant
1006 2748 1038 2807 et
1072 2742 1265 2825 conspirant
1293 2742 1375 2807 iniis

188 2848 331 2925 mendis,
368 2869 441 2930 quae
475 2854 603 2914 tantum
636 2872 678 2915 ex
710 2852 890 2915 communis
926 2851 1093 2933 archetypi
1129 2849 1297 2933 scriptura
1328 2851 1375 2915 aul

257 3119 335 3184 atqui
352 3117 451 3169 Debeat
471 3121 520 3169 cet.
558 3116 718 3185 Superiores
736 3134 786 3186 pro
805 3121 932 3186 quoniam
955 3117 1120 3186 scripserant
1142 3117 1215 3184 quod
1239 3118 1305 3179 mm,
1330 3129 1376 3168 non

258 3205 335 3266 bene,
364 3205 437 3273 quod
457 3204 546 3268 tacite,
574 3222 624 3259 nec
650 3223 698 3274 per
721 3223 750 3259 se
769 3213 850 3260 recte.
888 3207 940 3260 Sed
964 3205 1158 3259 Wakefieldius
1180 3206 1283 3274 ,probe
1300 3203 1377 3258 deen-

259 3293 312 3346 rari
331 3293 425 3362 posse“
447 3293 565 3346 alterum
584 3294 622 3346 sic
641 3301 732 3362 putat:
754 3296 818 3361 ,llis
837 3295 919 3349 etiarn
939 3297 996 3348 olto
1010 3293 1114 3347 accedit
1126 3295 1286 3362 difficillus,
1304 3309 1376 3362 ςκειε

259 3381 338 3450 iam,⁸
360 3388 390 3436 ut
409 3381 531 3436 omiserit
550 3382 653 3436 scilicet
666 3384 807 3439 Lucretius
827 3385 862 3449 id,
882 3384 955 3453 quod
974 3383 1063 3437 dicere
1083 3382 1172 3446 vellet,
1192 3382 1377 3451 posneritper

258 3487 365 3524 versam
385 3471 556 3540 particulam.
596 3470 736 3537 (blondum
755 3474 838 3527 situm
857 3479 898 3526 est
917 3489 972 3526 non
991 3473 1019 3526 in
1038 3475 1174 3541 quoniam,
1194 3471 1242 3524 sed
1263 3470 1292 3525 in
1310 3471 1378 3538 atqrt

259 3576 282 3613 v.
298 3558 432 3641 tactim
444 3558 495 3626 B.],
516 3561 562 3614 ubi
581 3562 737 3630 ponendam
756 3579 815 3616 esse
833 3562 996 3631 particulam
1016 3570 1052 3624 ut,
1072 3561 1187 3614 relatam
1206 3558 1241 3612 ad
1262 3558 1377 3615 verbnm.

258 3649 330 3717 quod
350 3653 390 3703 est
409 3653 516 3714 accedit,
536 3655 611 3718 patet
630 3668 663 3704 ex
682 3652 768 3716 codd,
787 3651 815 3705 in
834 3651 934 3720 quibus
953 3656 1042 3704 estut
1060 3652 1119 3718 qm';
1144 3647 1273 3702 nltimam
1292 3660 1378 3701 varana

258 3755 353 3792 vocem
372 3742 400 3791 et
418 3738 550 3806 syllabam
571 3756 626 3792 non
645 3738 770 3808 reperio.)
807 3741 884 3794 Alter
902 3743 943 3793 est
961 3740 1036 3793 locus
1055 3738 1083 3792 in
1101 3728 1377 3803 v.1082[108313.],

256 3827 303 3882 ubi
331 3833 372 3881 est
400 3826 428 3879 in
456 3827 534 3880 codd.
565 3829 710 3896 Praetereo,
738 3832 866 3898 quoniam
893 3846 945 3882 nou
969 3831 1061 3883 cornio
1084 3843 1197 3894 corpora
1220 3826 1328 3893 fingunt
1350 3823 1378 3877 n

256 3919 373 3970 madium
399 3919 459 3983 niti,
487 3919 534 3970 aad
561 3927 698 3971 terrarum
723 3926 801 3986 atquc
824 3920 946 3987 liquoris.
984 3915 1142 3986 Superiores
1165 3914 1341 3984 scripserant,
1364 3927 1379 3965 a

256 4005 389 4059 Lambino
416 4006 562 4060 admoniti:
591 4009 727 4062 Praetereo
756 4025 858 4075 quoquc
886 4009 949 4060 ianr.
996 4006 1049 4059 Sed
1073 4004 1178 4058 Wakel.
1206 4003 1299 4072 explet
1326 4016 1378 4055 sen·

256 4094 387 4147 sentiam:
419 4097 571 4160 ,Praeterea
598 4098 655 4150 alio
683 4099 795 4164 insuper
823 4096 970 4163 difficaltaa
997 4095 1150 4162 rationibus
1174 4108 1267 4146 eoram
1291 4092 1379 4145 mm

256 4180 359 4250 cotun*
385 4185 438 4236 cel:
463 4185 535 4249 ,Hoc
554 4187 643 4252 etiam,
662 4202 713 4254 quo
732 4185 785 4239 arbi
801 4187 892 4238 minua
911 4191 1033 4238 constare
1051 4184 1202 4247 videantur,
1228 4181 1284 4233 illua
1298 4184 1379 4248 porcat

256 4269 358 4325 obiici.“

215 4353 237 4422 ¹]
255 4358 286 4412 ln
305 4359 393 4412 labnii
412 4359 565 4415 Annalibus
584 4361 681 4415 Philol.
700 4361 746 4424 ΙΙΙ,
765 4360 781 4413 4
801 4378 827 4429 p.
846 4358 881 4413 86
900 4366 956 4414 nct.
