2948 5206
698 296 764 361 275

176 492 212 559 o.
227 491 270 556 99:
300 490 388 554 illices
414 490 490 572 fani
512 492 673 572 (mamilae,
708 493 844 555 stratores
866 499 955 572 natu,
984 491 1129 575 pmobatra
1153 512 1190 555 uc
1212 491 1329 554 nobiles

177 598 288 661 meliors.
331 596 397 662 Sed
420 599 454 662 in
476 598 595 662 horum
618 601 734 662 neutro
762 598 825 662 tria
853 603 929 663 sunt
957 599 1121 674 mernbm3
1157 600 1189 662 in
1220 597 1327 680 priore

176 704 221 767 roci
236 703 376 767 multum
398 704 586 786 adiungitur
608 705 712 769 altera
734 706 834 782 notio,
858 706 944 771 sedis
969 710 1001 769 el
1022 704 1082 769 loci
1100 705 1175 780 odii,
1200 704 1327 769 duobus

176 809 298 874 turabulis
331 811 569 892 comprehensa
603 810 795 894 (iraculorum
829 833 867 875 oo
893 809 1122 892 dornesticum);
1158 812 1191 874 in
1225 810 1335 901 altero¹

174 915 340 982 modestum
357 921 417 993 est,
442 917 524 983 duos
541 919 633 1000 quasi
653 919 774 1001 gradus
793 938 881 995 esse;
904 920 1047 1000 primum
1065 917 1216 982 mulieres
1235 919 1328 980 erant

174 1023 270 1087 numo
288 1031 377 1100 nutu,
413 1024 530 1088 deinde
558 1043 599 1089 ne
622 1025 674 1090 hae
698 1025 830 1108 quidem
853 1027 923 1090 sine
947 1024 1141 1099 discrimine,
1177 1023 1233 1087 sed
1252 1043 1327 1106 pro·

173 1123 226 1191 too
242 1148 275 1192 ac
294 1128 412 1193 nobiles
442 1128 571 1212 (uellere
604 1131 734 1195 Frauen
764 1152 823 1195 oon
855 1139 958 1216 putem
988 1130 1074 1212 Rufe
1100 1129 1168 1193 und
1196 1127 1328 1193 ansehn·

172 1230 237 1296 telo
255 1234 413 1317 Familia).
458 1236 654 1302 Huiusmodi
678 1238 821 1304 locorum
847 1238 889 1302 ab
918 1237 971 1302 illo
1000 1256 1117 1319 genere
1149 1236 1326 1300 alienorum

172 1355 196 1402 tc
217 1342 312 1423 specie
345 1345 476 1407 tantum
506 1344 659 1409 similium
692 1345 877 1427 exemplum
906 1345 1000 1426 posui
1023 1344 1057 1407 in
1080 1342 1220 1424 append.
1245 1341 1328 1423 disp.

172 1442 314 1513 ledacon.
338 1468 372 1531 p.
396 1449 417 1513 8
441 1450 582 1514 Divinat.
607 1452 640 1515 in
663 1451 746 1516 Caec.
772 1453 824 1527 22,
857 1451 908 1527 12,
944 1449 1000 1514 ubi
1029 1450 1085 1513 uni
1108 1449 1231 1514 notioni
1254 1448 1329 1512 rhe-

171 1552 239 1618 torice
267 1555 372 1619 tribus
407 1555 515 1622 verbis
555 1557 625 1621 sine
660 1559 885 1622 coniunctione
925 1575 1087 1638 expressae
1121 1553 1328 1637 (conse-rcere,

171 1661 232 1740 ueri,
250 1659 450 1744 contrectare)
473 1664 656 1746 respondet,
678 1664 782 1729 altera
811 1685 877 1729 uno
905 1662 1140 1744 comprehensa
1168 1660 1220 1743 (oc
1242 1681 1328 1723 recu·

167 1765 269 1848 perure).
314 1767 413 1833 Addo
436 1769 477 1834 de
500 1768 591 1834 Orat.
616 1772 652 1847 ll,
683 1771 735 1846 38,
767 1772 840 1848 159,
870 1772 926 1834 ubi
949 1770 983 1834 in
1006 1769 1056 1834 his
1080 1772 1204 1835 verbis:
1240 1770 1329 1850 erile,

169 1871 271 1955 codem,
293 1876 452 1939 concisum
475 1878 701 1954 nominatum,
724 1878 884 1960 particula
908 1878 990 1942 duas
1014 1880 1141 1942 tantum
1166 1880 1329 1941 extremas

168 1991 232 2043 tues
250 2000 349 2047 unam
373 1983 540 2048 notionem
568 2004 588 2048 a
611 1986 773 2066 prioribus
805 1986 967 2050 diversam
999 1984 1185 2066 complexas
1216 1982 1328 2065 iungit.

168 2078 252 2153 Sloilis
274 2093 333 2166 est,
364 2108 463 2171 quem
486 2089 636 2155 Handius
660 2092 747 2166 citat,
778 2092 866 2155 locus
890 2093 923 2155 in
946 2091 1106 2156 Paradox,
1130 2090 1181 2164 Vl,
1211 2089 1241 2168 3,
1270 2089 1328 2153 49:

168 2189 238 2274 tuto,
257 2195 394 2277 tubulas
417 2197 637 2280 supellectilem
661 2205 688 2261 et
711 2206 822 2262 uestem
845 2198 967 2281 infinite
990 2198 1228 2281 conmrpisccuti3
1252 2215 1329 2260 con·

168 2290 239 2364 inm
267 2305 428 2384 tanquam
458 2322 478 2367 a
506 2303 737 2384 superioribus,
773 2325 845 2387 quae
881 2306 960 2369 artis
995 2312 1098 2381 erant,
1134 2303 1263 2368 diversa
1297 2308 1329 2365 et

167 2403 232 2469 nius
261 2409 398 2491 generis,
434 2429 508 2491 quae
543 2410 586 2474 ad
620 2411 695 2474 vitae
731 2410 918 2475 domesticae
949 2431 1045 2475 usum
1075 2414 1107 2474 et
1136 2408 1329 2491 elegantiam

166 2513 335 2590 meabant.
346 2511 372 2596 ¹)
407 2514 557 2591 Omnino,
582 2515 638 2581 ubi
657 2521 811 2598 quattuor
828 2522 903 2581 sunt
921 2519 1080 2593 membra,
1104 2534 1192 2596 saepe
1204 2513 1331 2596 singula

164 2619 230 2694 mna
248 2640 305 2702 per
327 2641 364 2686 se
388 2623 551 2687 contraria
567 2615 762 2700 efferuntur,
794 2624 882 2688 velut
911 2625 998 2706 apud
1023 2625 1174 2688 Tacitum
1197 2622 1282 2684 Arm.
1306 2620 1329 2695 1,

115 2806 120 2815 ,
164 2720 203 2787 21;
228 2728 389 2810 insidiam,
414 2729 675 2809 misericordiam,
705 2737 820 2793 coetum
844 2738 870 2794 et
893 2733 973 2794 iras.
1020 2730 1105 2794 Satis
1129 2728 1235 2810 igitur,
1260 2725 1330 2807 opi·

115 2822 117 2843 '
161 2845 210 2901 nor.
240 2839 374 2912 constat,
410 2839 447 2899 ut
473 2836 539 2900 iam
568 2836 611 2900 ad
634 2836 843 2900 Verrinarum
874 2837 1017 2902 codicem
1046 2836 1229 2909 redeamus,
1265 2851 1330 2895 non

159 2939 298 3019 scripsisse
321 2941 512 3006 Ciceronem
536 2943 568 3005 in
592 2961 631 3006 eo
654 2942 734 3018 loce,
759 2962 779 3005 a
801 2963 866 3024 quo
887 2943 1020 3026 digressi
1038 2962 1161 3015 sumus,
1185 2940 1330 3018 costa-eit,

156 3046 256 3109 morit
277 3055 370 3132 atque
387 3049 543 3132 perdidit.
588 3049 637 3112 Ac
660 3049 771 3113 videor
794 3050 892 3114 etiam
917 3069 1049 3113 causam
1073 3046 1330 3128 interpolationis

152 3144 403 3230 deprehendisse;
438 3176 515 3220 nam
550 3157 659 3220 nescio
694 3175 759 3236 quo
794 3156 892 3220 modo
921 3154 1099 3220 notabilem
1129 3155 1231 3217 visam
1257 3172 1328 3216 esse
1344 3173 1385 3213 aas

148 3259 295 3324 nonnullis
328 3261 391 3326 hoc
426 3262 497 3327 loco
531 3262 667 3325 vexandi
695 3282 809 3326 vocem
839 3282 912 3326 cum
932 3261 1090 3345 per-‹leadi
1113 3262 1329 3336 coniunctam,

142 3380 178 3426 ex
202 3366 341 3432 Asconio
370 3371 509 3432 constat.
555 3368 591 3431 Ei
627 3368 723 3449 igitur
758 3370 959 3451 adscriptum
995 3372 1043 3432 est
1079 3367 1157 3431 illud
1185 3367 1330 3430 ructarit.

139 3470 241 3552 dique
263 3472 333 3538 haec
357 3475 490 3555 propria
513 3478 607 3538 erant
630 3475 748 3539 codicis
773 3475 1017 3558 Guelferbytani
1043 3472 1158 3555 prioris
1182 3480 1237 3536 aut
1256 3491 1329 3535 cum

135 3595 196 3642 uno
219 3578 314 3643 simili
338 3581 541 3654 communia;
576 3580 640 3644 alia
663 3585 749 3651 sunt,
786 3583 818 3645 in
847 3583 965 3662 quibus
995 3600 1068 3644 cum
1098 3579 1256 3643 deteriore
1281 3578 1330 3640 f-

132 3684 220 3748 milia
245 3686 392 3751 codicum
416 3706 436 3750 a
459 3686 591 3768 reliquis
615 3688 803 3752 melioribus
833 3688 984 3752 addendo
1014 3684 1160 3750 discedit.
1208 3685 1242 3746 ln
1266 3703 1330 3763 quo

155 3928 421 4076 11ξὶῗ1111111151οζ03,
449 3935 497 3988 ubi
522 3939 675 4075 extregrum
702 3935 857 3989 membrum
882 3940 909 3989 et
932 3951 982 3989 sua
1006 3939 1104 4075 pistura
1128 3938 1154 3986 et
1179 3930 1330 4071 adiectgone

229 4021 294 4089 'qua
312 4039 361 4076 rer
381 4039 461 4076 orum
480 4040 497 4075 a
515 4023 598 4091 priori
619 4040 699 4077 usse
720 4029 814 4077 aratur
834 4029 860 4076 et
879 4030 956 4077 extra
975 4041 1006 4076 or
1026 4023 1099 4075 inem
1119 4020 1238 4089 ponitur,
1282 4019 1331 4071 ies-

198 4111 286 4177 byeus
305 4111 356 4164 hos
375 4113 496 4180 collegit:
516 4113 575 4166 niv.
594 4113 621 4165 in
641 4041 766 4173 (lecim,
786 4112 821 4165 46
839 4111 931 4181 (quum
952 4113 1144 4175 connumerari,
1164 4111 1290 4177 conqueri
1307 4116 1331 4160 et

196 4216 233 4251 esc
250 4201 329 4252 illius
348 4203 453 4253 ιἠτὶὀία
471 4203 617 4254 &onerare
636 4203 742 4270 aliquid
762 4209 786 4255 et
805 4204 832 4253 in
853 4209 877 4253 te
895 4204 1019 4253 traiicere
1042 4197 1170 4266 ‹sepo-it),
1194 4213 1243 4265 pro
1262 4198 1330 4250 Sest.

196 4287 225 4352 9,
243 4286 289 4349 21,
307 4287 378 4341 Phil.
398 4288 455 4351 llll,
474 4287 500 4351 4,
521 4287 562 4351 10,
581 4289 615 4342 de
634 4289 708 4343 Orat.
730 4291 774 4353 lll,
793 4290 836 4355 29,
863 4288 922 4353 113,
946 4290 980 4341 ad
1000 4288 1075 4340 Fam.
1095 4288 1163 4351 xv1,
1184 4287 1225 4347 11,
1246 4280 1271 4348 2,
1296 4286 1330 4337 ad

194 4376 314 4443 Qum.
335 4376 400 4441 1,1,
421 4375 462 4444 12,
485 4375 529 4439 36,
553 4377 631 4431 Tusc.
652 4378 696 4437 [11.
722 4377 746 4443 2,
772 4378 797 4441 3,
822 4379 852 4440 V,
880 4377 905 4440 ἴ),
934 4376 975 4430 12.
1022 4377 1184 4430 Universum
1213 4375 1331 4442 dispula-

195 4468 312 4531 tionem‚
337 4466 413 4534 quod
436 4467 471 4518 ad
490 4466 648 4520 Ciceronem
673 4467 779 4527 attinet,
806 4466 929 4535 suppleri
954 4467 989 4518 ad
1008 4466 1061 4519 Cic.
1081 4465 1114 4518 de
1133 4464 1209 4517 Finn.
1229 4463 1273 4524 lv,
1298 4460 1333 4514 56

194 4573 223 4624 p.
243 4553 299 4607 562
317 4571 379 4624 sqq.
400 4554 442 4608 ed.
460 4551 497 4620 3.]

1072 4641 1119 4692 18*
