2956 5190
705 320 766 384 167

129 517 217 581 bocia
242 517 298 581 On.
323 516 464 600 Pompeii
487 551 529 562 —
552 517 701 580 miseram
725 536 774 578 ine
797 518 857 579 cet.
893 515 1082 594 Quintiliani
1106 515 1232 580 codices
1256 514 1332 579 boni

130 625 207 688 haec
230 625 340 688 omnia
364 623 528 687 omittunt.

225 729 337 807 (129,
368 730 420 807 74,
452 730 508 793 ubi
532 729 653 793 editur:
693 728 774 792 Tam
809 727 906 792 bareas
938 728 1100 813 aladiator
1127 727 1239 792 rudem
1268 735 1331 790 tam

128 840 196 901 cito
231 837 399 921 accepisti?
436 840 618 901 extremum
654 838 807 914 verbum,
843 836 931 918 quod
965 834 998 898 in
1033 834 1142 898 codice
1176 833 1333 898 Vaticano

129 945 296 1010 omittitur
324 943 403 1025 (vid.
428 943 582 1008 Garaton.
607 944 697 1026 apud
719 942 870 1008 Wemsd.
895 963 927 1025 p.
954 942 1034 1016 4663
1069 960 1146 1004 nam
1177 939 1333 1004 Orellium

131 1052 199 1116 hoc
223 1049 328 1133 fugit),
359 1049 402 1129 id,
431 1050 575 1131 inquam,
605 1051 742 1114 verbum
771 1051 897 1125 notavi3
926 1068 965 1112 ac
988 1047 1105 1111 vellem
1129 1046 1333 1111 delevissem.

130 1157 247 1222 Habet
271 1156 358 1221 euim
381 1156 433 1220 hic
462 1157 551 1222 locus
581 1157 795 1221 imitationem
820 1154 987 1220 familiaris
1018 1155 1271 1236 percontationis
1302 1159 1334 1218 et

131 1263 427 1341 sermocinationis,
463 1264 497 1328 in
526 1284 591 1346 qua
619 1265 653 1327 in
682 1262 887 1327 vehementia
916 1261 1026 1343 aliqua
1049 1261 1204 1326 orationis
1228 1259 1334 1343 (utin

134 1367 367 1450 admiratione)
397 1373 430 1434 et
453 1369 591 1452 simplici
614 1369 784 1434 sententiae
812 1370 917 1434 forma
945 1387 1011 1432 non
1040 1386 1115 1432 rara
1144 1371 1193 1430 est
1220 1366 1333 1429 huius·

112 1477 227 1546 ,modi
256 1477 356 1552 verbi,
392 1477 480 1559 quod
509 1477 602 1541 facile
632 1496 671 1540 ex
705 1476 753 1540 rei
787 1479 904 1539 natura
938 1474 1149 1556 intelligatur,
1185 1471 1388 1548 amissimus

133 1583 227 1647 velut
249 1583 283 1647 in
305 1584 368 1648 hoc
391 1585 462 1665 ipso
485 1586 591 1666 capite
615 1582 633 1664 ἕ
658 1584 715 1647 72:
740 1583 771 1645 A
794 1603 843 1646 nae
868 1582 901 1646 0.
928 1580 1037 1645 Caesar
1053 1579 1247 1664 pecaniam?

226 1690 262 1755 C.
286 1690 339 1767 37,
363 1690 406 1755 93
431 1691 604 1755 edebatur:
632 1688 712 1754 Sani
736 1710 773 1754 ea
795 1689 921 1775 quidem
944 1687 1202 1768 innumerabilia,
1226 1707 1295 1771 quae
1313 1707 1333 1748 a

133 1797 273 1860 diversis
296 1796 486 1878 emebantur,
514 1817 578 1860 non
600 1798 747 1860 insciente
770 1803 808 1873 te,
833 1795 948 1859 eodem
972 1795 1127 1860 orationis
1150 1795 1237 1871 vitio,
1269 1813 1334 1875 quo

133 1903 285 1987 epistolas
307 1903 352 1966 ad
374 1903 513 1967 diuersos
535 1903 711 1985 appellant,
741 1906 777 1967 ut
800 1902 918 1966 diversi
941 1903 1004 1965 sint
1027 1901 1209 1984 complures,
1232 1900 1333 1976 malti,

132 2010 228 2074 nulla
259 2010 440 2093 significata
463 2009 661 2087 diversitate,
698 2010 862 2091 quomodo
896 2011 1023 2072 veteres
1057 2028 1123 2072 non
1156 2007 1333 2089 ponebant.

133 2117 252 2199 ltaque
274 2137 341 2182 non
364 2136 413 2194 ea,
438 2137 536 2198 quam
554 2103 693 2181 Orellius
716 2119 821 2197 putat,
845 2116 896 2179 hic
915 2115 1003 2179 facta
1020 2119 1069 2178 est
1084 2118 1236 2179 notarum
1257 2133 1334 2177 con·

135 2224 233 2302 lusio,
257 2223 325 2300 sed,
350 2243 451 2304 quum
475 2244 534 2306 pro
551 2244 572 2287 a
589 2224 661 2299 tais,
686 2225 722 2286 ut
739 2225 826 2286 recte
844 2241 884 2285 111
902 2221 1017 2286 Faemi
1035 2222 1219 2286 coniectura
1237 2220 1334 2283 Lam·

134 2331 235 2396 binus
259 2330 370 2405 edidit,
405 2331 561 2411 scriptum
590 2332 686 2406 esset,
722 2335 758 2392 ut
787 2333 836 2392 est
864 2329 898 2391 in
921 2328 1088 2409 Vaticana,
1119 2327 1223 2403 adicis,
1259 2326 1334 2391 inde

135 2440 254 2501 natum
278 2440 329 2500 est
351 2435 489 2500 alterum
517 2434 606 2499 illud.
651 2435 790 2499 Prorsus
817 2435 1039 2499 necessarium
1071 2437 1121 2498 est
1152 2433 1231 2497 illud
1261 2435 1334 2510 tais,

135 2563 240 2626 quum
264 2542 416 2623 alioquin,
441 2541 528 2606 unde
551 2544 662 2624 empta
686 2541 740 2605 illa
763 2541 836 2619 sint,
864 2561 931 2606 non
953 2541 1089 2617 dicatur,
1118 2559 1179 2604 nec
1202 2541 1235 2604 id
1259 2546 1335 2605 ante

136 2651 262 2715 dictum
286 2650 337 2713 sit.
372 2648 425 2712 Sic
449 2647 580 2712 demum
605 2647 684 2712 illud
704 2668 770 2717 non
792 2650 940 2712 insciente
963 2655 991 2711 te
1008 2647 1116 2712 locum
1132 2667 1229 2711 suum
1246 2651 1336 2712 tenet

135 2756 401 2839 significaturque
436 2754 615 2819 domestica
649 2755 704 2827 illa
737 2755 939 2819 nundinatio.
985 2753 1087 2818 Paulo
1117 2758 1201 2836 post,
1237 2774 1334 2835 quern

137 2864 246 2928 locum
270 2860 408 2926 Orellius
431 2862 464 2924 in
487 2861 599 2943 spissis
623 2862 767 2926 tenebris
796 2861 932 2925 iacuisse
962 2860 1048 2938 dicit,
1085 2880 1160 2924 eum
1188 2861 1258 2942 ipse
1287 2861 1336 2924 vir

137 2970 337 3034 clarissimus
371 2969 572 3044 obscuravit,
608 2971 740 3050 recepta
773 2966 892 3031 nullius
927 2966 1128 3031 auctoritatis
1163 2968 1333 3048 scriptura,

137 3074 203 3140 Sed
230 3075 338 3159 icitur,
374 3093 472 3156 quam
502 3074 572 3156 ipse
594 3079 724 3139 mutare
748 3074 881 3156 cogitur,
917 3072 1024 3138 deleto
1046 3074 1155 3157 iqitar,
1191 3074 1279 3156 quod
1301 3075 1335 3137 in

136 3182 292 3247 omnibus
316 3183 366 3245 est
388 3181 563 3259 codicibus,
598 3182 796 3263 inductaque
824 3180 965 3244 mirabili
994 3181 1181 3262 parenthesi
1205 3183 1237 3244 et
1260 3199 1334 3244 ora·

136 3290 237 3354 tionis
261 3287 512 3352 continuatione.
558 3287 643 3366 Quid
667 3292 717 3352 151
740 3288 827 3351 enim
851 3287 1004 3369 apertius,
1029 3306 1138 3368 quam,
1163 3304 1264 3367 quum
1282 3285 1334 3350 Ci-

138 3416 216 3461 cero
250 3395 508 3461 inimicissimum
543 3394 706 3459 Caesarern
740 3394 892 3459 Deiotaro
933 3394 1031 3459 fuisse
1070 3393 1218 3471 dixisset,
1259 3412 1334 3456 eum

137 3503 262 3568 ironice
286 3522 326 3566 ex
348 3501 402 3566 illo
425 3501 611 3567 Antoniano
634 3502 766 3566 decreto
783 3500 985 3578 concludere,
1009 3500 1155 3564 sublatas
1172 3518 1244 3563 esse
1261 3502 1335 3580 post

138 3612 282 3674 mortem
305 3607 377 3672 illas
401 3607 593 3672 inimicitias
640 3607 705 3672 Sed
728 3610 826 3690 negat
849 3606 996 3683 Orellius,
1028 3606 1173 3688 regulam
1198 3605 1240 3669 ab
1265 3605 1335 3669 aliis

137 3722 266 3781 temere
290 3713 499 3779 constitutam
522 3734 562 3779 111
585 3714 695 3793 Quint.
718 3713 741 3791 I,
767 3714 797 3793 5,
821 3714 863 3777 39
887 3733 1036 3796 sequens,
1066 3713 1252 3778 Ciceronem
1277 3729 1335 3792 pe·

138 3822 251 3888 riodos
274 3821 317 3886 ab
340 3822 439 3906 icitur
461 3821 614 3905 incipere,
638 3820 726 3903 quod
748 3821 782 3884 in
805 3820 990 3884 huiusmodi
1014 3818 1237 3884 coniunctione
1260 3836 1335 3881 sen·

139 3928 376 3994 tententiarum
404 3926 557 4009 frequens
586 3947 658 3992 esse
687 3947 754 3992 non
781 3946 863 4008 opus
892 3930 942 3991 est
965 3926 1120 4008 exemplis
1144 3924 1336 3989 confirmare

140 4034 428 4118 postZumptium
451 4034 485 4098 in
508 4034 653 4100 Gramm.
677 4031 775 4115 §357
801 4033 852 4097 ed.
870 4032 900 4097 5.
936 4031 1160 4114 [0111111111.
1186 4030 1336 4095 (11111111.

142 4142 167 4219 l,
203 4142 245 4206 61
274 4163 307 4224 p.
334 4140 397 4206 115
426 4140 477 4205 ed.
505 4141 595 4224 tert]
652 4141 719 4205 Nec
754 4140 915 4205 dubitavit
949 4138 1088 4204 Orellius
1119 4158 1145 4202 c.
1172 4138 1212 4202 16
1241 4135 1336 4219 §41.

141 4247 248 4311 Nimis
271 4266 358 4329 saepe
381 4247 614 4312 obliviscuntur
637 4247 787 4325 editores,
811 4246 888 4312 boui
912 4265 983 4310 esse
1007 4245 1116 4324 critici,
1145 4246 1172 4309 si
1196 4243 1273 4326 quid
1297 4243 1337 4308 de

144 4353 271 4435 legibus
293 4354 451 4420 sermonis
475 4354 682 4420 observatum
708 4357 829 4432 teneat,
863 4353 897 4418 id
924 4355 970 4417 sic
993 4353 1102 4416 sensui
1125 4351 1267 4433 infigere,
1302 4353 1339 4414 ut

143 4459 267 4542 ubique
298 4465 420 4541 praesto
450 4462 492 4525 sit
523 4462 637 4543 suique
669 4461 926 4542 experimentum
950 4459 1015 4538 det,
1050 4477 1115 4523 non
1145 4457 1178 4521 in
1210 4478 1276 4522 uno
1307 4461 1340 4522 et

143 4568 250 4634 altero
272 4567 353 4645 loco,
383 4567 586 4632 admonitum
610 4566 751 4634 fortasse
773 4568 816 4631 ab
840 4566 921 4644 aliis,
951 4564 1058 4629 subito
1082 4584 1273 4648 expromere
1296 4563 1341 4629 ad
