2956 5190
625 277 688 343 601

59 477 121 543 sed
144 496 193 552 ea,
218 495 292 557 quae
316 474 492 538 constituta
516 477 700 552 narrantur,
725 472 834 554 capita
850 470 951 536 luisse
967 472 1073 554 legum
1099 473 1141 538 de
1165 476 1260 538 amb·

60 586 110 649 itu
141 587 175 648 et
206 582 247 647 de
278 583 320 645 vi.
366 580 403 645 Id
426 600 540 645 verum
572 599 653 658 esse,
689 577 862 643 ostendere
891 578 1020 642 videtur
1042 579 1203 645 Asconius
1226 580 1259 644 in

61 692 256 773 argumento
279 688 435 753 orationis
458 687 644 752 Miloniana
667 706 699 768 p.
726 684 799 761 145,
830 684 913 749 duas
936 688 1064 749 tantum
1088 685 1150 750 has
1174 686 1261 769 leges

59 816 81 863 a
103 797 261 878 Pompeio
285 794 508 877 promulgatas
533 811 794 859 commemorans
819 792 907 855 etin
931 791 969 854 iis
993 810 1032 855 ea
1053 792 1093 856 de
1112 792 1261 858 breviore

59 903 252 968 indiciorum
277 901 384 966 forma
407 903 521 965 sancta
545 919 616 964 esse
638 917 788 976 narrans,
819 917 893 980 quae
917 897 970 962 alii
994 898 1027 962 in
1050 901 1196 983 generali
1220 901 1261 966 de

58 1009 187 1074 iudiciis
211 1009 281 1090 lege
304 1008 411 1090 posita
435 1007 536 1072 fuisse
559 1009 687 1089 putant.
734 1004 800 1068 Sed
823 1009 859 1069 ut
881 1006 945 1070 hoc
967 1025 1101 1087 prorsus
1125 1008 1171 1072 ita
1189 1027 1262 1072 esse

58 1116 222 1194 existimo,
258 1115 382 1180 nullam
411 1118 480 1178 tum
510 1133 530 1178 a
553 1112 710 1194 Pompeio
734 1111 911 1193 separatim
936 1111 1035 1176 latam
1062 1133 1134 1177 esse
1158 1113 1261 1196 legem

58 1222 101 1287 de
126 1220 261 1298 iudiciis,
286 1221 341 1303 ita,
365 1222 393 1286 si
416 1221 478 1286 hoc
501 1220 685 1296 statuimus,
714 1217 794 1282 illud
817 1218 1033 1283 certissimum
1058 1221 1117 1286 est.
1146 1219 1261 1302 legem,

58 1347 136 1411 quae
160 1328 201 1391 de
224 1326 351 1391 ambitu
380 1327 448 1391 lata
479 1329 539 1404 est,
577 1325 674 1390 simul
702 1345 822 1389 novam
853 1324 993 1389 formam
1024 1327 1316 1408 praescripsissem

57 1432 214 1500 omnibus
243 1433 478 1514 quaestionibus
508 1437 540 1497 et
569 1432 704 1511 iudiciis,
741 1435 776 1495 ut
811 1450 851 1495 ex
885 1431 1028 1513 generali
1064 1437 1096 1497 et
1130 1433 1264 1515 speciali

58 1541 164 1605 mixta
197 1540 302 1617 luerit,
339 1540 426 1621 quod
458 1541 491 1603 in
521 1539 576 1603 illa
606 1537 853 1622 perturbatione
884 1557 994 1602 rerum
1026 1546 1058 1602 et
1089 1538 1264 1603 festinandi

58 1646 257 1712 necessitate
280 1665 347 1710 non
370 1645 489 1710 mirum
522 1649 572 1709 est
603 1649 635 1709 et
665 1645 769 1709 multo
801 1645 909 1708 minus
938 1644 1093 1709 abhorret
1122 1665 1143 1709 a
1172 1665 1264 1710 more

58 1754 299 1830 Romanorum,
324 1751 385 1816 etsi
408 1751 573 1830 abhorret,
598 1771 698 1832 quam
719 1750 829 1815 consul
855 1752 925 1815 sine
943 1751 1066 1834 collega
1088 1755 1227 1816 creatus.
1238 1747 1264 1831 ¹)

60 1861 158 1943 Legis
190 1859 277 1924 enim
308 1859 474 1941 Pompeiae
505 1860 570 1922 vim
603 1858 636 1921 in
666 1856 857 1921 iudiciorum
887 1857 993 1922 forma
1016 1858 1175 1923 mutanda
1198 1878 1264 1922 non

60 1968 170 2033 solum
200 1966 350 2029 universe
381 1965 564 2047 significant
594 1963 783 2045 scriptores
819 1963 931 2028 Cicero
962 1965 995 2027 in
1025 1964 1126 2029 Bruto
1158 1984 1185 2028 c.
1210 1964 1263 2040 94,

61 2073 130 2138 324
152 2071 231 2157 (lege
253 2068 421 2156 Pompeia)
450 2075 482 2136 et
511 2068 623 2154 (quem
651 2070 759 2134 locum
788 2070 937 2135 Baiterus
967 2091 1033 2136 non
1056 2071 1264 2136 animadver·
1390 2096 1393 2102 ·

61 2177 115 2261 tit)
147 2178 188 2243 de
211 2179 280 2242 uin.
305 2178 346 2241 IV
370 2197 398 2242 c.
426 2180 453 2257 1,
469 2180 503 2249 ,1
539 2176 612 2259 (Ιιοσ
643 2198 723 2240 noea
754 2174 831 2261 lege)
863 2181 897 2241 et
928 2182 1043 2243 auctor
1073 2178 1193 2260 dialogi
1224 2179 1265 2243 de
1343 2160 1346 2165 ¹

62 2285 249 2352 oratoribus
273 2305 299 2349 c.
325 2284 378 2360 38,
411 2283 469 2348 sed
500 2283 714 2366 apertissimis
738 2284 845 2348 verbis
870 2283 912 2360 id,
943 2285 1032 2366 quod
1055 2285 1159 2367 posui,
1189 2285 1266 2349 dicit

62 2393 125 2458 Dio
149 2392 280 2457 Cassius
304 2391 370 2468 XL,
400 2391 453 2468 52,
484 2392 549 2472 qui,
580 2389 745 2471 expositis
776 2408 849 2471 quae
873 2389 1048 2472 Pompeius
1072 2391 1200 2455 tulisset
1224 2391 1264 2455 de

61 2504 212 2580 ternpore
234 2498 439 2574 iudiciorum,
476 2497 516 2561 de
546 2500 758 2579 patronorum
782 2515 929 2572 numero,
965 2496 1006 2561 de
1029 2496 1264 2575 laudatoribus,

64 2605 171 2671 addit:
201 2614 258 2664 Kal
282 2616 365 2665 ratim
389 2613 441 2683 μὲν
464 2611 531 2662 ἄλλο
554 2615 581 2662 σέ
602 2627 660 2661 τινα
685 2605 763 2659 κατά
789 2604 921 2658 πάντων
944 2605 1067 2678 ὁμοίως
1086 2614 1150 2662 τῶν
1168 2610 1265 2661 δικο-

64 2727 208 2790 σσηρίων
231 2717 364 2790 ἐτάχθη·
390 2722 442 2776 τοῖς
465 2718 494 2770 δὲ
519 2715 555 2780 δὴ
580 2713 629 2776 τάς
647 2713 735 2786 άρχάς
754 2711 893 2776 δικάζουσι
912 2733 935 2766 κ.
955 2735 975 2768 r.
996 2716 1079 2786 trapa.
1116 2711 1265 2793 Sequun-

64 2826 130 2900 tur,
166 2842 239 2905 quae
271 2822 314 2886 ad
345 2820 505 2885 ambitum
537 2818 710 2900 pertinent.
757 2815 870 2897 ltaque
902 2818 964 2881 hac
987 2817 1057 2899 lege
1080 2819 1112 2882 id
1137 2837 1266 2900 quoque

64 2929 223 3011 Pompeio
246 2929 359 2994 datum
385 2931 443 3005 est,
474 2929 511 2990 ut
533 2925 612 3006 ipse,
642 2923 730 3005 quod
752 2926 873 3004 praetor
897 2926 1043 2990 urbanus
1066 2925 1193 2990 solebat
1217 2924 1266 2989 fa-

66 3055 149 3112 cere,
184 3036 308 3100 iudices
336 3027 503 3116 legeret.²)
550 3031 728 3095 Trecentos
757 3030 926 3111 sexaginta
955 3036 1023 3095 tum
1055 3032 1155 3096 lectos
1184 3050 1265 3109 esse,

95 3299 117 3368 ¹)
136 3303 231 3356 Altera
248 3302 300 3364 lex,
324 3301 358 3354 de
382 3299 417 3361 vi,
441 3296 601 3351 certioribus
625 3295 749 3350 terminis
768 3295 969 3359 continebatur,
997 3312 1059 3364 quae
1078 3295 1163 3349 etiarn
1182 3295 1267 3348 nomi·

138 3391 224 3445 natirn
243 3390 298 3444 duo
317 3390 439 3443 facinora
462 3385 715 3455 comprehenderet,
744 3385 858 3438 domum
882 3384 977 3453 Lepidi
1000 3384 1143 3452 interregis
1167 3400 1268 3453 oppug-

138 3484 232 3532 natam
252 3483 278 3532 et
297 3479 401 3532 eaedem
420 3475 514 3530 Clodii.
545 3474 695 3542 Scriptores
713 3472 834 3526 ambitus
853 3474 940 3541 legem
959 3478 987 3527 et
1005 3473 1107 3527 iudicia
1125 3489 1219 3527 severe
1238 3478 1266 3527 et

138 3568 296 3636 frequenter
314 3582 348 3620 ex
367 3583 400 3620 ea
418 3566 491 3619 sacta
510 3564 646 3633 praecipue
665 3567 891 3625 commemorant,
911 3561 1004 3616 Cicero
1023 3563 1058 3616 ad
1078 3562 1134 3615 Att.
1153 3561 1185 3625 x,
1205 3559 1230 3624 4,
1251 3560 1268 3613 8

138 3654 197 3724 (qui
218 3658 273 3724 lege
297 3657 426 3722 Pompeia
451 3656 619 3709 condemnati
640 3649 746 3717 essent),
770 3651 860 3705 Caesar
879 3651 908 3704 B.
928 3651 957 3705 G.
977 3650 1026 3713 lll,
1052 3650 1080 3716 1,
1106 3650 1268 3704 Plutarchus

137 3745 233 3814 Pomp.
253 3761 275 3798 c.
295 3743 330 3796 55
358 3740 486 3809 (Ἔπειτα
516 3741 549 3793 δὲ
577 3743 633 3798 ταῖς
656 3740 748 3798 δίκαις
770 3743 823 3790 τών
849 3739 1030 3806 δωροδοκιῶν
1053 3738 1099 3788 καὶ
1124 3740 1270 3806 δεκασμῶν

140 3829 249 3889 ἐπιστάς
267 3833 313 3883 καὶ
332 3827 459 3901 νόμους
476 3827 624 3899 γράψας,
647 3825 723 3880 καθ’
741 3824 798 3885 οὓς
821 3829 854 3877 αἱ
872 3833 999 3897 κρίσεις
1016 3826 1181 3896 ἐγίνοντο,
1202 3843 1226 3878 κ.
1246 3843 1267 3876 τ.

137 3918 234 3989 ἕτερα),
263 3922 406 3991 Appianas
430 3921 486 3975 Cir.
505 3920 538 3984 ll,
562 3919 605 3983 23,
629 3919 804 3987 maximeque
824 3917 873 3971 Dio
897 3916 1012 3972 Cassius.
1058 3917 1153 3986 ltaque
1177 3916 1269 3971 Cicero

138 4009 256 4064 tonnam
285 4010 438 4064 breviorem
467 4008 630 4063 iudiciorum
658 4023 713 4061 non
742 4007 777 4060 ad
805 4008 874 4074 tapes
892 4005 1023 4075 Pompeii,
1052 4006 1100 4060 sed
1128 4006 1163 4059 sd
1189 4006 1270 4072 lepem

138 4098 233 4153 refert.

95 4183 118 4252 ²)
137 4187 191 4242 Cic.
210 4205 260 4257 pro
278 4188 332 4241 llil.
358 4193 480 4242 extrema
502 4185 626 4239 oratioue
649 4184 694 4252 (ta,
717 4187 767 4253 qui
788 4187 816 4237 in
842 4185 977 4238 iudicatus
999 4184 1117 4250 legendis
1141 4185 1271 4320 ozttmum

238 4280 244 4292 .
293 4281 299 4292 .
332 4280 338 4292 .
534 4278 539 4290 .
573 4278 578 4290 .
895 4277 900 4287 .
1066 4311 1072 4324 .
1137 4312 1143 4335 ,
1210 4289 1224 4322 c

139 4268 1272 4434 :tmtitttttttt.tt⁹;.‘>ttlj·⁰tlt..l⁰t

140 4450 252 4512 Πάντας
264 4471 291 4505 re
304 4449 358 4522 γάρ
372 4448 433 4510 rode
444 4449 559 4519 ἄνδρας,
580 4450 612 4508 ἐξ
631 4438 675 4501 ὧν
686 4445 760 4507 σούς
773 4445 980 4505 δικάσοντας
992 4443 1271 4515 άποκληροῠσθοι

139 4539 250 4594 ἐδόκει
268 4542 364 4610 (immo
387 4540 464 4607 ldae),
489 4536 569 4598 οὗτος
592 4539 735 4606 ἐπελέγετο.
780 4540 865 4594 Recte
891 4537 935 4592 bic
957 4538 1008 4591 Dio
1031 4536 1134 4591 iudices
1158 4535 1272 4591 selectos
