2948 5206
633 105 697 171 677

55 293 233 361 abstinere
255 295 357 362 iubet.
403 298 512 382 Atque
536 299 628 366 addit
651 300 751 366 etiam
774 298 820 383 (p.
843 297 930 382 111),
955 319 1020 365 non
1043 300 1188 383 potuisse
1213 300 1266 368 Ci-

57 420 220 467 catonem
242 403 429 471 coniuratos
451 405 595 472 hostium
619 408 690 473 loco
712 407 836 472 habere
859 410 893 471 31
915 405 961 472 113
977 406 1154 489 appellare,
1179 408 1268 490 quod

57 507 215 575 Metellus
238 513 273 575 et
294 510 427 576 Clodius
450 517 566 595 postea
590 514 619 579 ei
642 513 829 591 obiecerint,
865 513 951 579 cives
980 513 1023 577 ab
1054 533 1093 578 eo
1121 519 1266 580 necatos

56 614 228 681 Nimirum
261 617 289 683 is
320 636 411 683 error
441 619 614 687 historicus
645 624 704 698 est,
740 640 841 702 quum
872 622 1044 684 accusator
1072 619 1166 685 aliter
1190 619 1267 686 dicit

58 725 166 807 atque
197 723 235 801 is,
271 743 369 807 quem
400 730 544 792 accusat.
553 722 580 810 ¹)
625 727 674 792 Ex
703 726 835 810 reliquis
867 746 1014 792 errorum
1042 726 1267 792 notationibus
1281 747 1320 791 313

58 848 141 895 eam
165 829 317 914 deligam,
352 849 452 913 quam
484 834 631 900 omnium
660 854 763 919 prope
793 834 935 899 maxime
964 834 1105 916 probare
1128 832 1267 899 Orellius

58 933 206 1001 videtur.
251 935 336 1002 Nam
360 938 460 1019 illam,
485 959 559 1022 quae
582 939 781 1023 §15huius
804 941 960 1006 orationis
983 939 1154 1005 inscribis
1178 959 1268 1005 com-

58 1046 279 1121 memoratur,
303 1048 426 1110 sortem
449 1047 630 1112 Ahrensius
652 1047 699 1131 (p.
725 1044 802 1129 127)
825 1065 958 1128 prorsus
981 1049 1095 1111 contra
1118 1046 1267 1112 instituta

58 1147 220 1215 Romana
242 1149 354 1216 fictam
378 1171 449 1217 esse
473 1153 629 1238 disputat,
665 1156 820 1238 quoniam
850 1152 940 1217 locus
969 1153 1002 1217 in
1025 1152 1165 1218 decuriis
1188 1155 1268 1218 scri·

58 1253 186 1322 haum
209 1258 274 1321 emi
297 1261 501 1325 consueverit
524 1268 557 1325 31
571 1260 687 1326 scriboe
709 1267 799 1326 certa
815 1258 1044 1353 distributione
1060 1259 1115 1325 alii
1130 1259 1269 1325 aliorum

60 1363 318 1446 magistratuum
343 1364 473 1431 luerint.
519 1367 641 1433 Verum
663 1368 735 1433 haec
757 1386 872 1432 omnes
900 1365 1027 1448 pridem
1059 1386 1267 1443 noveramus,

60 1467 192 1535 scribas
215 1468 323 1536 locum
345 1471 379 1536 in
403 1472 541 1538 decuriis
570 1474 688 1538 emisse
719 1472 832 1557 (lectos
862 1479 973 1537 tamen
1002 1472 1147 1554 quodam
1170 1473 1268 1538 modo

61 1576 367 1659 magistratibus,
392 1579 511 1661 quibus
536 1581 606 1645 eius
629 1581 676 1646 rei
700 1600 778 1645 cura
801 1580 959 1645 mandata
977 1582 1073 1656 esset,
1097 1598 1139 1644 ne
1162 1579 1268 1662 indig-

61 1680 221 1748 nissimus
243 1683 383 1768 quisque
405 1685 625 1769 irrumperet),
650 1691 683 1752 et
705 1686 786 1753 alios
803 1687 995 1769 quaestorios
1013 1685 1113 1750 fuisse
1130 1685 1266 1762 scribas,

62 1788 148 1855 alios
172 1790 337 1870 aedilicios,
372 1796 406 1857 et
438 1792 554 1858 eodem
586 1794 685 1859 modo
718 1793 874 1878 reliquom
908 1793 967 1858 sed
990 1791 1086 1857 simul
1109 1792 1268 1875 intellige·

63 1893 176 1974 batur,
212 1917 313 1980 quum
348 1899 439 1964 verbi
476 1919 575 1965 causa
603 1904 782 1982 quaestores
811 1899 923 1983 viginti
952 1901 1150 1975 crearentur,
1186 1898 1269 1963 inter

63 2000 126 2069 bos
149 2007 239 2069 sorte
262 2005 455 2072 distributos
479 2026 552 2072 esse
575 2008 699 2073 scribas
724 2009 925 2089 quaestorioS,
954 2006 1106 2071 Romano
1135 2023 1269 2086 prorsus

63 2127 167 2188 more,
191 2129 257 2193 quo
279 2112 366 2179 inter
389 2114 479 2196 ipsos
502 2114 711 2197 magistratus
728 2114 873 2179 eiusdem
889 2112 1010 2196 gradus
1029 2129 1167 2174 munera
1182 2113 1270 2176 sorte

63 2212 314 2296 dividebantur,
347 2220 447 2304 idque
475 2225 596 2304 praeter
623 2221 709 2286 hunc
737 2221 833 2286 huius
862 2221 1017 2287 orationis
1041 2219 1147 2283 locum
1171 2236 1268 2300 aper·

63 2322 190 2389 turine
223 2324 441 2408 signiticaria
472 2327 577 2393 Plinio
609 2328 685 2393 Min.
710 2328 769 2410 Ep.
793 2327 844 2405 IV,
876 2328 927 2391 12.
973 2326 1087 2406 Neque
1116 2323 1161 2388 ad
1182 2323 1269 2388 hanc

63 2429 270 2497 sortitionem
292 2433 472 2498 tollendam
488 2435 663 2518 quicquam
680 2435 872 2511 Ahrensius,
896 2433 984 2516 quod
999 2432 1152 2498 umbram
1169 2449 1268 2512 argu·

63 2537 168 2604 menti
191 2538 339 2618 haberet,
375 2539 494 2606 attulit.
541 2540 607 2605 Sed
636 2560 745 2623 operae
772 2542 913 2624 pretium
937 2543 988 2606 est
1010 2538 1131 2615 videre,
1167 2555 1266 2618 quam

63 2642 305 2711 inconsiderate
327 2646 399 2712 haec
421 2647 595 2730 tingantur.
642 2648 728 2712 Nam
751 2647 909 2713 eiusmodi
932 2645 1135 2713 sortitionem
1159 2642 1269 2707 nescio

63 2770 131 2837 quo
155 2752 283 2818 somnio
306 2753 490 2836 excogitare
512 2754 582 2819 sine
605 2753 672 2818 ulla
695 2774 795 2819 causa
819 2761 852 2819 et
874 2754 918 2820 ad
933 2752 1085 2818 aerarium
1100 2749 1171 2815 fieri
1195 2748 1269 2814 soli-

63 2864 135 2925 tam
158 2878 305 2938 narrare,
329 2860 504 2927 lectoribus
528 2860 690 2944 patienter
712 2861 956 2943 accipientibus,
980 2862 1068 2924 certe
1089 2859 1117 2922 is
1133 2857 1268 2922 demum

62 2972 188 3049 posset,
213 2964 268 3049 qui
293 2966 388 3050 longo
412 2970 561 3050 tempore
584 2971 658 3051 post
680 2968 811 3032 sublata
834 2974 946 3032 131313
969 2965 1150 3031 scribamm
1176 2963 1268 3027 insti·

63 3074 138 3137 11113
167 3072 302 3138 viveret.
347 3074 388 3139 Et
418 3078 529 3139 tamen
558 3076 644 3140 hanc
672 3074 853 3139 orationem
888 3073 969 3137 alter
1003 3065 1189 3137 criticorum
1225 3070 1268 3133 ab

64 3179 245 3263 Augusteae
268 3181 375 3245 aetatis
399 3181 618 3247 declamatore
641 3181 796 3263 scriptam
820 3200 891 3245 esse
922 3180 1001 3256 vult,
1036 3179 1099 3243 hoc
1128 3180 1187 3253 est,
1225 3176 1268 3240 ab

64 3304 116 3367 eo,
153 3286 207 3351 cui
228 3289 298 3352 tota
326 3286 422 3353 huius
450 3289 497 3353 rei
527 3288 632 3353 forma
663 3287 807 3370 qnotidie
837 3286 880 3351 ob
911 3285 1021 3351 oculos
1053 3288 1149 3362 esset,
1184 3283 1268 3348 alter

64 3393 169 3459 etiam
192 3413 213 3458 a
236 3393 366 3472 Tirone,
400 3394 577 3460 consularis
606 3393 745 3459 hominis
769 3394 801 3458 in
825 3393 985 3458 liberare
1009 3391 1139 3474 publica
1163 3390 1266 3456 studi·
1282 3409 1321 3449 av

95 3656 119 3727 1)
137 3658 169 3714 P.
189 3659 241 3711 llb
259 3676 292 3713 eo
311 3660 394 3714 etiam
413 3659 593 3728 progreditur,
618 3665 657 3722 ut,
681 3659 813 3727 quoniam
831 3657 905 3726 apud
924 3657 1084 3711 Sallustium
1102 3657 1146 3710 lex
1165 3655 1268 3717 Porcia,

138 3764 196 3803 non
219 3748 381 3818 Sempronia
405 3748 572 3814 nominatur,
604 3748 640 3814 ,si
665 3748 722 3801 ulla
745 3747 811 3815 legis
835 3747 979 3816 utriusque
1003 3745 1120 3815 cognitio
1144 3744 1269 3798 animum

139 3837 284 3892 intraverit
301 3854 392 3901 suum,
421 3854 471 3906 pro
494 3842 569 3891 certo
592 3836 738 3899 affinnet‘,
766 3836 853 3904 legem
878 3835 1068 3904 Semproniam
1092 3850 1127 3888 ne
1150 3833 1269 3902 potuisse

139 3926 252 3997 quidem
271 3927 315 3981 bic
334 3927 470 3981 nominari
489 3944 506 3981 a
525 3927 630 3981 Caesare
649 3930 677 3979 et
695 3925 832 3979 Cicerone.
866 3924 951 3993 Leges
970 3923 1072 3977 Porciae
1091 3921 1167 3990 (nam
1184 3921 1269 3975 Sallu·

138 4016 209 4072 stius
226 4032 325 4085 parum
345 4016 488 4085 diligenter
505 4031 590 4070 unam
610 4012 745 4079 nominat)
769 4019 875 4068 veteres
899 4018 976 4067 erant
1001 4018 1028 4067 et
1047 4010 1268 4080 provocationem

139 4105 261 4160 maxime
279 4106 429 4160 tuebantur
447 4104 617 4173 imperiaque
636 4102 848 4171 magistratuum
872 4102 1065 4172 virgarumque
1090 4100 1147 4153 vim
1166 4115 1270 4153 coerce·

139 4194 217 4248 bant
244 4194 358 4265 Propior
367 4194 406 4248 illi
419 4192 536 4263 tempori
549 4191 712 4261 Sempronia
723 4191 767 4245 lex
777 4191 866 4261 ipsam
880 4191 1041 4246 iudiciorum
1055 4190 1206 4259 legitimam
1219 4190 1270 4243 sor·

139 4292 223 4337 mam·
236 4283 375 4338 sanciebat
395 4280 456 4352 (pro
470 4277 808 4351 Rabir.perduell.§12);
828 4280 922 4349 itaque
936 4297 969 4334 ea
982 4279 1103 4348 flagitare
1117 4279 1270 4339 videbatur,

139 4378 171 4427 111
191 4372 324 4427 coniurati
343 4372 378 4426 ad
397 4370 500 4426 iudices
519 4369 755 4445 quastionemque
773 4368 878 4437 legibus
895 4367 1072 4422 constitutam
1086 4368 1269 4422 reicerentur.
