2956 5190
753 279 817 344 316

275 473 494 539 Revertamur
517 474 560 539 ad
583 474 772 551 Caelianam,
797 494 818 538 a
841 493 906 557 qua
928 473 963 538 in
985 473 1059 557 ipso
1084 474 1223 541 exordio
1243 475 1355 560 displa-

186 578 284 644 tionis
317 582 387 645 tam
415 580 510 663 longe
539 580 675 664 digressi
702 600 827 659 sumus,
863 583 1138 664 annotemusque,
1174 581 1265 664 quod
1291 582 1359 651 δὴ

187 686 314 768 generis
348 690 532 753 extremum
567 687 645 765 erit,
686 687 805 753 codicis
840 686 1032 753 Parisiensis
1066 687 1269 771 scripturam
1299 688 1363 773 apd

187 792 344 858 Orellium
379 792 534 859 omissam
569 795 603 859 in
637 814 664 859 c.
688 795 742 873 27,
777 794 832 859 65.
888 792 1002 858 Editur
1036 793 1146 859 anim:
1182 793 1364 861 mam

185 900 312 964 meliori
339 906 476 985 ternpore
492 902 655 985 prosilire,
682 882 786 988 'psam
815 920 911 987 qaum
939 898 1088 966 Maius
1115 900 1275 967 vestem?
1301 902 1365 971 nulb

187 1010 302 1089 aperto
325 1007 413 1085 vitio,
442 1026 642 1090 quanquam,
671 1009 727 1073 ubi
751 1008 829 1073 bono
852 1014 987 1092 tempore
1009 1006 1139 1090 aliquid
1160 1006 1236 1073 fieri
1257 1007 1366 1085 douln.

187 1115 225 1177 ut
246 1114 289 1178 sit
311 1120 493 1197 oppansae,
525 1116 645 1193 nescio,
680 1135 741 1181 nec
763 1116 830 1180 ulla
853 1113 984 1179 aliunde
1005 1116 1171 1180 annotata
1194 1114 1241 1180 ab
1264 1114 1368 1181 editui

186 1218 250 1284 bus
284 1221 519 1287 recentioribus
554 1223 723 1287 varietate.
769 1222 891 1286 Verum
918 1220 952 1285 in
980 1219 1126 1286 editione
1155 1240 1187 1286 a.
1215 1221 1300 1286 1472
1322 1230 1368 1287 cst:

49 1396 54 1404 ,
188 1326 313 1390 metiari
335 1347 426 1411 mage
448 1336 593 1412 tempore,
617 1329 650 1393 in
673 1328 779 1393 tribus
803 1326 967 1393 codicibus
984 1325 1250 1395 oxoniensibus:
1273 1328 1369 1393 adieri

187 1434 301 1518 mapis.
346 1432 383 1497 ld
406 1434 493 1499 unde
517 1439 626 1500 ortum
648 1435 700 1514 sit,
724 1435 839 1518 patefit
861 1433 1048 1517 tolliturque
1071 1435 1287 1518 interpolatio
1307 1456 1370 1519 pre·

41 1590 51 1610 .
188 1538 277 1604 clara
299 1539 492 1607 Parisiensis
515 1543 692 1623 scriptura:
723 1542 934 1606 Potueruntnc
955 1543 1060 1627 magis
1081 1548 1235 1626 tempore.
1280 1543 1371 1626 Appa-

188 1649 247 1725 ret,
271 1654 407 1732 tempore
429 1668 490 1730 pro
513 1647 670 1714 adverbio
694 1669 766 1714 esse
791 1650 885 1731 eique
909 1648 1059 1730 augendo
1082 1648 1164 1714 addi
1187 1647 1370 1723 adverbium,

188 1752 466 1836 quemadmodum
494 1756 574 1819 satis
604 1761 740 1839 tempore
770 1755 897 1833 dicitur,
932 1774 1036 1837 eoque
1066 1755 1214 1821 offensos
1245 1754 1372 1821 librarm

132 1870 174 1911 ³⁹⁰
187 1861 393 1927 substantivo
417 1861 613 1926 adiectivum
636 1860 812 1926 addidisse.
858 1861 957 1927 Miror
980 1865 1102 1940 autern,
1132 1862 1192 1945 qui
1214 1862 1373 1945 interpola·

187 1966 284 2033 tionis
307 1969 443 2050 vestigia
467 1968 500 2033 in
523 1967 738 2033 deterioribus
762 1967 887 2050 aliquot
909 1968 998 2033 libris
1023 1970 1218 2047 manserint,
1243 1969 1278 2034 in
1298 1968 1373 2035 mab

187 2072 298 2138 on'bus
321 2073 541 2141 Bernensibus
564 2074 753 2140 exciderint.

276 2179 342 2245 Sed
365 2180 406 2246 de
429 2184 492 2247 boc
519 2200 638 2264 genere
666 2181 789 2246 dictum
819 2184 879 2246 est.
925 2180 1041 2246 Cetera
1069 2180 1189 2247 ordine
1218 2198 1375 2265 expomm,
1415 2254 1417 2269 Ι

186 2287 344 2352 nonnulla
367 2287 467 2353 etiam
490 2287 676 2366 minutiora,
709 2288 864 2370 quoniam
887 2287 1072 2370 graviorum
1096 2291 1268 2371 praerepta
1289 2287 1376 2353 mnu
1415 2278 1417 2305 '

186 2411 264 2475 pars
288 2398 348 2458 est.
384 2394 420 2460 C.
444 2396 475 2475 2,
499 2395 520 2460 3
543 2394 665 2460 editur:
689 2395 756 2458 iam
779 2393 837 2459 diu
859 2395 965 2459 minus
987 2394 1022 2458 ia
1042 2393 1117 2477 foro
1139 2393 1303 2460 nobiccum
1323 2414 1377 2459 van

186 2490 293 2578 salam
316 2501 376 2566 sed
398 2521 513 2567 verum
536 2510 608 2567 esse
630 2488 857 2586 nobiscumque,
882 2501 970 2583 quod
985 2501 1019 2565 in
1033 2500 1214 2567 Parisiensi
1229 2501 1379 2585 legibirct

185 2608 407 2683 Bonnensibus
430 2628 544 2693 eoque,
569 2609 635 2690 qui,
660 2607 908 2673 mendosissime
931 2607 1070 2690 scriptus
1092 2607 1127 2671 in
1149 2607 1217 2674 hac
1235 2608 1378 2681 oratione,

186 2715 229 2779 ad
253 2715 435 2780 Beruenses
458 2719 570 2780 tamen
594 2716 786 2797 cognatione
809 2715 944 2794 accedit,
980 2714 1171 2792 Erfurtensi,
1210 2720 1245 2780 et
1266 2715 1301 2779 in
1321 2712 1378 2779 edi·

189 2821 274 2887 tione
304 2822 339 2887 C.
363 2823 532 2905 Stephani,
569 2821 721 2899 ostendit,
757 2821 845 2904 quod
877 2823 910 2887 in
941 2822 1138 2887 editionibus
1170 2821 1316 2905 antiquis
1342 2822 1378 2903 ta

189 2927 275 2991 1472
298 2931 332 2992 et
357 2926 456 3012 1480)
481 2949 521 2993 ex
544 2928 732 3011 vulgaribus
762 2928 927 2993 codicibus
957 2929 1103 2994 eiusdem
1132 2928 1306 3011 scriptura
1332 2946 1378 2991 re·

185 3033 281 3118 stigia
303 3039 496 3101 manserunt
524 3035 696 3118 (nobiscum
724 3033 865 3121 quoque).
912 3036 953 3101 m
985 3035 1154 3120 aptissime
1183 3055 1255 3101 non
1283 3034 1378 3101 solum

186 3142 293 3208 iorum
317 3143 465 3207 nominat
488 3147 607 3221 orator,
643 3142 677 3206 in
705 3162 769 3225 quo
800 3143 993 3209 abundabat
1021 3142 1100 3208 illud
1123 3141 1297 3221 uolonum,
1329 3140 1380 3207 sed

186 3268 283 3314 usum
307 3268 437 3331 quoque
461 3249 625 3331 privatum
649 3248 818 3332 significat,
843 3258 942 3331 quern
966 3270 1024 3315 cur
1040 3249 1181 3315 Orellius
1206 3250 1378 3341 nosipsos

186 3354 320 3437 intelligi
344 3355 440 3434 dicat,
465 3375 531 3420 non
555 3356 660 3422 video.
695 3357 774 3422 Erat
792 3357 909 3422 Caelius
928 3360 1023 3439 pater
1046 3375 1146 3440 eques
1171 3355 1379 3440 municipalis.

186 3470 222 3526 ut
250 3462 369 3527 Sextus
397 3463 545 3540 Roscius,
580 3467 617 3528 ut
644 3463 745 3546 ipsius
774 3463 937 3529 Ciceronis
966 3456 1106 3546 patar.¹)
1157 3463 1240 3528 Post
1268 3481 1380 3547 paucos

49 3584 52 3591 ’
187 3589 300 3635 versus
323 3571 442 3647 nescio,
479 3589 536 3635 cur
564 3570 636 3635 illa:
671 3570 814 3634 traditam
838 3591 901 3634 esse
923 3590 1080 3634 summam
1102 3568 1257 3655 bodicqw
1280 3568 1381 3634 hateri

186 3731 194 3737 υ
204 3726 452 3738 φ--ψ-

214 3832 236 3903 ¹)
254 3837 306 3890 Vix
324 3843 422 3891 notatu
441 3835 563 3905 dignum,
588 3837 640 3890 nisi
659 3852 694 3890 ne
713 3835 775 3905 quis
793 3836 979 3890 Bonnensibus
998 3835 1076 3890 codd.
1096 3834 1212 3899 diffidat,
1237 3836 1322 3890 etism
1340 3834 1382 3888 n-

256 3927 301 3980 ris.
322 3942 344 3979 c,
363 3925 389 3990 3,
413 3925 430 3978 6
453 3926 555 3979 babere
578 3934 642 3979 sunt
664 3929 743 3990 enim,
772 3940 827 3979 non
846 3926 949 3978 etenim.
987 3923 1035 3977 Est
1052 3923 1135 3977 etiam
1154 3923 1185 3977 in
1202 3924 1246 3978 ed
1267 3942 1293 3979 a.
1313 3920 1382 3977 itit.

255 4015 367 4069 Abusus
390 4019 432 4069 est
456 4014 530 4068 enim
554 4015 637 4069 buius
660 4014 712 4068 loci
737 4014 847 4083 vulgato
872 4012 973 4067 mendo
997 4013 1026 4066 Ε.
1050 4012 1220 4078 Wunderus,
1249 4030 1338 4084 quam
1357 4013 1383 4066 in

256 4109 324 4157 orat.
349 4116 399 4172 pro
422 4103 533 4158 Plancio
558 4104 600 4169 16,
628 4102 663 4157 38
686 4120 720 4157 ex
744 4118 800 4157 uno
824 4102 883 4156 cod.
906 4100 1047 4161 Bovarico,
1075 4100 1257 4157 dissentiente
1280 4103 1383 4164 Erfurt,

256 4191 360 4246 intulit:
387 4193 450 4245 libet
472 4197 581 4256 etenim
609 4209 661 4247 nec
683 4193 776 4247 minus
799 4191 885 4246 falsus
908 4194 949 4244 est
973 4190 1007 4243 de
1026 4190 1083 4244 Cat
1103 4189 1128 4255 9,
1147 4188 1191 4255 29,
1211 4190 1260 4247 ubi
1279 4208 1383 4247 summe

255 4280 314 4333 cod.
334 4280 395 4334 Par.
415 4280 598 4350 antiquissimi
617 4281 790 4345 auctoritate,
819 4296 854 4334 ne
878 4280 998 4349 reliquos
1016 4295 1176 4344 memorem,
1206 4280 1383 4351 rader-guitur.

255 4367 308 4434 Qui
327 4385 392 4422 vero
416 4370 521 4424 homini
544 4376 625 4424 acuto
649 4368 779 4424 accidisse
803 4368 901 4433 dicam,
930 4374 960 4424 ut
983 4370 1019 4422 ad
1042 4369 1124 4422 istam
1147 4368 1176 4422 in
1199 4368 1339 4425 Ciceronis
1359 4374 1383 4423 cl

253 4457 432 4525 antiquorum
450 4459 558 4528 scriptis
581 4458 747 4528 pravitatem
771 4458 965 4512 stabiliendam
989 4463 1114 4512 uteretur
1135 4456 1293 4513 scholiasta
1317 4455 1384 4512 Vsu-

254 4546 316 4599 cani
335 4551 363 4601 et
382 4547 539 4604 intimorum
558 4547 813 4604 iurisconsultorum
833 4546 918 4602 locis?
