2948 5206
617 280 679 343 581

44 479 227 557 pravatam
250 477 335 540 banc
357 475 569 556 scripturam:
604 474 702 539 Dicta
726 474 793 557 fuit
820 474 960 540 Latium.
1006 477 1175 543 Postremo
1205 498 1246 544 ex

44 581 148 647 Pont.
172 581 223 658 111,
255 580 286 659 5,
316 581 359 644 23
380 580 434 663 fui
455 581 564 645 solitus
586 581 760 663 significat:
795 583 852 645 wie
879 582 929 645 icit
949 583 1089 668 qewolint
1110 605 1247 670 pewesen

48 687 117 765 bin,
153 691 190 753 ut
211 688 321 752 solitus
346 708 407 771 pro
436 688 595 752 adiectivo
623 687 665 751 sit
696 685 889 769 (creancet,
903 688 945 752 ad
976 709 1076 771 quam
1106 690 1246 757 formam

50 794 176 860 Gellius
200 813 329 877 quoque
352 794 420 871 XII,
445 795 476 872 5,
503 794 544 857 13
566 794 676 857 solitus
695 792 762 875 suit
783 814 843 876 pro
866 795 983 858 rocenat
1005 792 1146 879 dixit].¹)
1180 798 1247 881 Ap-

51 905 159 983 paret,
182 901 307 983 opinor,
331 920 406 965 eum
429 900 583 981 loquendi
605 899 751 977 modum,
775 919 839 982 quo
862 902 980 965 occino
1000 902 1066 984 fuit
1088 924 1148 986 pro
1171 906 1247 969 occi·

52 1029 107 1072 aaa
129 1007 338 1089 adponitur,
373 1005 621 1088 relinquendum
650 1025 722 1070 esse
748 1006 872 1082 ultimae
896 1009 1001 1072 aetatis
1025 1008 1246 1092 scriptoribus,

53 1114 145 1179 velut
176 1114 221 1193 ei,
256 1114 312 1196 qui
343 1113 502 1194 epitomas
533 1113 738 1177 Livianorum
770 1112 926 1178 librorum
958 1116 1139 1198 composuit
1169 1115 1247 1199 (vid.

53 1220 132 1303 epit.
150 1218 216 1302 27),
240 1223 274 1284 et
295 1220 465 1285 similibus.
500 1219 641 1300 Excipio,
666 1238 740 1300 quae
764 1219 852 1302 apud
875 1220 1028 1286 Plautum
1044 1222 1077 1286 in
1095 1227 1249 1304 quattuor

52 1326 296 1410 deponentibus
324 1326 542 1404 inveniuntur,
576 1327 653 1390 scivi
686 1332 714 1390 ct
742 1326 879 1390 miratur
909 1326 963 1409 fui
992 1325 1132 1410 (Poenul.
1156 1330 1193 1399 V.
1217 1330 1248 1408 6,

57 1432 123 1517 10),
148 1436 296 1518 opinatur
317 1434 370 1517 fui
393 1431 569 1515 (Amphitr.
587 1432 610 1508 1,
637 1432 666 1507 l,
690 1429 756 1512 31),
780 1439 882 1496 recma
903 1432 957 1515 fui
979 1432 1058 1516 (Mil.
1082 1435 1131 1500 Gl.
1155 1436 1192 1512 ΙΙ,
1219 1437 1248 1513 1,

52 1538 122 1623 40),
152 1539 265 1604 oblitus
286 1539 339 1622 fui
361 1537 536 1621 (Amphitr.
560 1539 583 1615 Ι,
615 1539 644 1617 l,
674 1538 736 1602 301
767 1542 800 1603 et
822 1539 919 1604 Merc.
943 1539 980 1615 ll,
1009 1541 1041 1618 4,
1068 1539 1132 1623 13),
1161 1548 1193 1607 et
1221 1543 1249 1607 si

53 1648 145 1730 quod
178 1650 229 1711 est
262 1646 368 1711 simile
402 1645 490 1710 aliud
524 1645 670 1710 eiusdem
704 1646 810 1710 aetatis
845 1647 1041 1728 exemplum.
1093 1648 1250 1713 Videntur

55 1753 141 1818 enim
175 1754 209 1817 iu
240 1752 374 1834 antiquo
405 1770 554 1816 sermone
582 1750 746 1814 interdum
774 1752 944 1834 participia
972 1755 1124 1836 quaedam
1148 1756 1249 1838 depo-

54 1859 204 1925 nentium
233 1867 266 1924 et
294 1860 498 1941 passivorum
527 1858 573 1921 sic
601 1858 746 1938 potuisse
774 1859 865 1939 poni,
901 1861 938 1922 ut
971 1862 1074 1942 magis
1102 1861 1250 1926 absolute

55 1966 280 2032 condicionem
304 1969 337 2030 et
358 1968 482 2029 statum
505 1963 733 2046 significarent,
757 1983 852 2045 paene
867 1965 900 2028 in
917 1965 1067 2030 adiectivi
1084 1967 1250 2032 notionem

55 2072 269 2150 transeuntia,
294 2071 411 2136 deinde
434 2072 572 2134 verbum
594 2069 825 2151 adiungeretur
839 2090 898 2152 per
913 2091 948 2136 se
964 2073 1118 2153 praeteriti
1134 2074 1249 2151 forma,

56 2184 93 2245 ut
126 2180 264 2243 mirante
295 2178 349 2260 fui
374 2196 442 2241 non
468 2181 538 2241 tam
568 2178 631 2241 hoc
659 2180 760 2240 esset:
787 2177 845 2261 jep
879 2177 941 2241 intr
973 2178 1143 2260 sociaret
1175 2182 1250 2266 miq,

57 2306 174 2369 quam:
201 2286 260 2370 jcp
288 2284 351 2348 liar
377 2290 472 2347 voerct
498 2283 677 2365 forundrct.
723 2282 834 2347 Simile
863 2289 922 2359 est,
958 2285 1045 2367 quod
1073 2285 1190 2350 accidit
1216 2287 1251 2351 in

58 2391 206 2474 feriandi
228 2394 261 2455 et
283 2390 439 2475 mioundi
467 2390 586 2467 verbis,
621 2397 657 2454 ut
684 2389 822 2472 fericius
849 2411 919 2455 rum
947 2395 980 2456 et
1007 2400 1153 2475 operatus
1180 2413 1251 2457 sum

59 2519 118 2581 pro
141 2496 360 2581 praesentibus
383 2490 493 2578 sint.²)

146 2605 246 2669 Paene
274 2603 394 2668 oblitus
422 2623 494 2667 sum
523 2602 660 2678 Horatii,
696 2603 784 2684 apud
816 2622 910 2685 quem
942 2604 974 2667 in
1003 2605 1070 2670 Sat.
1095 2606 1117 2683 Ι,
1148 2607 1177 2682 6,
1211 2606 1251 2669 13

62 2712 152 2776 multi
176 2709 382 2775 scribendum
409 2713 580 2791 putarunt:
619 2707 728 2771 Valeri
748 2730 855 2793 pertua,
879 2709 962 2772 uude
985 2709 1144 2794 Superbus
1171 2711 1252 2775 Tur·

63 2819 188 2902 quinino
210 2836 306 2900 repno
323 2817 436 2899 parisus
457 2816 531 2898 fuit,
562 2816 675 2879 eadem
708 2816 868 2880 sententia
896 2836 935 2879 ac
958 2816 984 2879 si
1009 2821 1109 2882 esset:
1141 2819 1253 2901 pulcrae

61 2933 111 3004 cat,
135 2929 174 2989 ut
198 2923 358 2988 evitarent
380 2942 524 3004 praesens
548 2923 654 2998 nimis,
678 2925 715 2986 ut
739 2921 925 2998 credebant,
955 2921 998 2986 ab
1021 2923 1075 2988 illo
1099 2924 1169 2988 loco
1192 2925 1252 2988 ab·

64 3032 207 3107 horrens,
237 3029 333 3113 sapit.
379 3029 499 3093 Verum
522 3030 676 3109 quoniam
700 3027 837 3104 ostendi,
862 3028 1034 3092 Horatium
1053 3031 1167 3112 pulsare
1188 3030 1253 3112 fuit
1266 3046 1306 3086 aa>

64 3157 99 3203 ea
121 3135 357 3220 significatione
388 3135 530 3199 scribere
558 3154 623 3199 nou
651 3135 805 3216 potuisse,
841 3139 970 3199 utemur
997 3155 1075 3200 vera
1104 3140 1136 3200 et
1163 3139 1253 3201 certa

64 3244 222 3327 scriptura
245 3242 288 3306 ad
312 3242 409 3306 aliam
441 3241 528 3305 litem
558 3240 783 3305 dirimendam.
829 3240 925 3304 Patet
948 3241 1044 3319 enim,
1079 3242 1253 3307 Horatium

63 3349 193 3417 liberius
227 3349 380 3431 praesenti
415 3348 566 3412 historico
601 3348 662 3425 uti,
700 3367 764 3412 non
800 3349 832 3411 in
867 3349 1019 3412 contiuua
1053 3353 1086 3412 et
1119 3349 1253 3413 incitata

63 3458 258 3532 narratione,
281 3455 340 3519 sed
363 3455 396 3518 in
418 3454 508 3517 brevi
531 3455 578 3518 rei
594 3456 766 3536 praeteritae
786 3455 1029 3537 significatione,
1053 3473 1111 3535 per
1135 3474 1252 3536 prono·

89 3738 112 3805 ¹)
131 3737 236 3806 [Pauca
253 3737 379 3806 quedam
399 3737 450 3790 hoc
469 3737 528 3789 loco
546 3737 574 3790 in
599 3738 650 3791 hac
673 3738 759 3791 altera
783 3737 900 3791 editione
925 3738 1017 3791 addita
1035 3753 1089 3790 nou
1109 3734 1219 3789 distinxi
1238 3752 1255 3789 a

133 3827 239 3889 celeris,
263 3826 328 3895 quia
346 3826 551 3879 incommodum
570 3831 596 3880 et
615 3827 762 3880 molestum
781 3831 847 3879 erat.
884 3826 982 3894 Tetigit
1000 3842 1088 3894 nuper
1106 3825 1176 3878 haue
1195 3840 1254 3878 rem

133 3915 252 3970 Haasius
270 3915 305 3969 ad
329 3915 439 3984 Reisigii
462 3915 569 3968 scholas
592 3915 626 3968 de
650 3931 764 3983 gramm.
784 3915 841 3967 Lat.
861 3921 917 3967 not.
936 3913 988 3966 447
1012 3931 1108 3983 parum
1132 3913 1253 3966 feliciter.

133 4004 202 4057 Nam
219 4005 311 4070 factus
327 4005 372 4070 fni
389 4009 416 4057 et
432 4006 524 4070 factae
541 4022 602 4056 aum
625 4020 735 4071 prorsus
758 4004 873 4056 eundem
898 4004 1031 4056 rationem
1054 4003 1155 4056 habere
1177 4008 1254 4071 putu·

135 4092 182 4151 vit.
200 4098 284 4160 atque
301 4093 391 4158 factus
408 4094 516 4158 fueram
535 4098 562 4145 et
578 4095 669 4159 factus
687 4110 770 4157 eram,
794 4092 866 4160 quod
890 4092 969 4159 longe
988 4098 1028 4145 est
1046 4108 1125 4145 secus
1144 4095 1255 4159 propter

135 4186 263 4234 naturam
282 4186 308 4233 et
327 4197 409 4234 usum
432 4181 527 4234 iormae
551 4180 623 4234 illius
640 4183 761 4247 suerrum
790 4186 847 4234 tum
873 4180 981 4234 incaute
1004 4179 1165 4233 testimoniis
1188 4194 1255 4232 usus

135 4275 184 4323 est
222 4266 311 4335 1842]

95 4353 117 4421 ¹)
134 4354 247 4422 [Praeter
265 4357 431 4426 deponentia
450 4359 477 4411 in
497 4359 586 4412 verbis
606 4375 668 4412 vere
687 4358 801 4426 passivis
820 4359 877 4411 haec
896 4357 1022 4426 exempla
1040 4357 1113 4425 apud
1125 4355 1254 4409 Plautum

137 4446 242 4499 notavi:
262 4448 365 4514 topatus
381 4448 427 4513 fui
444 4447 508 4512 (llil.
528 4447 568 4500 Gl.
588 4448 621 4511 ll,
640 4447 664 4512 1,
688 4446 721 4498 24
741 4452 767 4500 et
786 4447 865 4500 Truc.
884 4448 904 4511 Ι,
925 4447 948 4512 1,
974 4446 1025 4514 75),
1049 4447 1194 4498 conductus
1210 4446 1256 4511 fui

138 4533 239 4597 (Aulul.
258 4534 304 4599 ΙΙΙ,
323 4536 349 4600 3,
370 4534 422 4599 10),
442 4551 573 4602 expensus
589 4537 634 4601 fui
650 4535 742 4598 (Herc.
762 4536 793 4599 ll,
812 4535 837 4598 4,
857 4533 922 4601 20)]
