2948 5206
136 100 227 166 tionem
247 101 333 185 (quae
356 106 467 167 tamen
490 104 554 167 vim
580 103 623 168 ad
646 123 695 182 ea,
720 124 794 186 quae
809 108 884 187 post
900 105 1027 183 fuerint,
1052 102 1197 186 habeat),
1222 121 1296 187 per-

136 209 249 289 spicuum
280 213 330 273 est
361 228 401 273 ex
432 209 481 287 iis,
517 229 591 291 quae
621 211 837 276 subiiciuntur
865 232 892 275 c.
917 212 969 290 24,
994 212 1051 276 54:
1087 211 1297 276 dubitandum

133 312 190 396 fuit,
207 317 285 401 quin,
309 335 370 401 quo
392 316 427 379 in
449 336 561 400 ponere
583 302 725 381 iudicum
742 320 882 402 praemia
905 325 979 382 ratu
1003 325 1111 399 essent,
1134 319 1170 381 in
1193 318 1297 382 eodem
1311 336 1338 377 ca

135 419 226 485 iudicio
247 423 473 506 imperatorum
496 423 659 487 ualerent?
690 425 763 488 Non
787 423 882 488 dixit:
910 424 1121 488 dubitandum
1144 432 1197 506 est,
1221 427 1298 510 proin

134 560 164 571 —
183 529 302 592 rodant.
952 553 954 559 ·

199 635 313 718 Capitis
336 635 380 698 24
403 635 493 701 initio
511 634 650 701 Orellius
673 639 789 702 merito
812 637 915 701 haeret
930 612 966 700 in
983 637 1033 701 his
1054 637 1177 702 verbis:
1201 658 1298 722 neque

133 740 213 806 inita
232 749 274 806 est
295 741 353 805 hoo
375 741 613 825 reprehensam
637 763 713 807 nam
737 763 844 824 neque
868 745 901 807 in
922 744 1111 809 suasoribus
1127 744 1206 826 legis
1222 744 1297 808 Ser-

132 846 195 912 viliae
212 847 403 930 reprehendi
425 851 555 930 poterat
577 851 734 931 tanquam
758 851 882 927 vitium,
913 851 1000 931 quod
1029 850 1152 914 Latinis
1176 849 1298 931 aliquid

133 953 298 1031 munissent,
319 953 440 1018 nedum
458 953 528 1036 lege
544 955 747 1036 reprehendi,
771 976 877 1038 neque
893 956 927 1020 in
943 956 1076 1032 Latinis,
1100 956 1189 1038 quod
1204 975 1297 1021 acce-

134 1059 237 1140 pissent.
286 1062 409 1125 Verum
443 1061 476 1124 in
502 1061 604 1135 codd.
640 1047 773 1143 (ΡΑΒΕ,
810 1062 981 1141 Oxx.H1,
1017 1062 1068 1126 ed.
1100 1061 1197 1144 1480)
1234 1067 1297 1127 est:

135 1184 205 1251 omae
222 1167 271 1232 hia
293 1174 338 1232 est
361 1167 418 1231 hoc
443 1168 663 1251 reprehensum
693 1166 757 1250 (ed.
784 1169 869 1232 1472
898 1189 995 1253 neque
1023 1168 1073 1233 uu
1100 1168 1185 1251 hoo);
1220 1169 1298 1233 scri·

134 1268 247 1339 bendum
270 1282 320 1339 est
348 1274 460 1357 igitur:
495 1295 593 1358 neque
620 1276 672 1338 ius
699 1283 742 1339 est
765 1275 821 1339 hoo
844 1273 944 1356 (quod
968 1274 1038 1357 lege
1062 1274 1198 1339 Servilia
1222 1296 1299 1340 con·

134 1379 250 1446 stitutum
274 1379 358 1462 erat)
382 1380 605 1464 reprederuum
628 1379 758 1444 Licimu
781 1389 809 1445 et
832 1380 942 1444 Mucia
966 1382 1039 1465 lupe.
1086 1382 1133 1445 Ex
1157 1383 1208 1446 ius
1231 1383 1299 1446 iae-

133 1484 184 1550 iun
202 1489 318 1565 estiis,
342 1487 460 1551 deinde
483 1487 543 1552 dia.
590 1486 625 1550 ln
648 1488 819 1569 proximis:
842 1508 940 1571 penus
964 1489 1068 1571 ipsum
1091 1490 1299 1552 annuntiante

133 1593 263 1656 unomen
286 1594 442 1659 eiusmodi
458 1595 632 1678 proemium
655 1597 764 1658 utrum
781 1601 809 1658 et
824 1599 901 1659 ante
917 1595 1070 1658 eiusnodi
1085 1595 1162 1659 addi
1179 1594 1299 1659 debeat

133 1710 165 1759 an
182 1700 297 1780 gravius
321 1701 438 1765 vulnus
466 1700 569 1765 latere
597 1700 780 1783 putandum
809 1702 860 1779 sit,
897 1701 1039 1765 dubitari
1069 1705 1187 1783 potest.
1233 1701 1298 1764 Ae·

131 1802 235 1878 miesco
256 1810 368 1872 tamen
390 1808 422 1871 in
448 1806 558 1872 Orellii
582 1807 777 1872 coniectura.

199 1910 228 1977 C.
249 1914 301 1992 25,
330 1912 373 1978 56
398 1912 547 1990 Orethus,
577 1913 800 1978 Erfurtensem
826 1914 970 1978 codicem
994 1916 1134 1991 secutus
1171 1913 1298 1978 Graevio

127 2010 333 2084 etuaratonio
356 2039 486 2103 parens,
511 2019 626 2084 edidit:
650 2020 768 2084 ideirco
791 2022 849 2084 illu
872 2022 1010 2083 inomni
1027 2027 1123 2103 pente
1145 2022 1299 2084 orationis

125 2127 182 2181 uu
199 2131 260 2188 orte
283 2125 435 2211 adaperpi
457 2115 620 2204 videbatis,
645 2146 711 2191 non
735 2126 1010 2204 animadvertens,
1039 2126 1223 2208 possessivo
1246 2146 1298 2191 re·
1407 2201 1411 2208 ¹

124 2213 221 2294 temo
241 2230 352 2324 locum·
371 2233 424 2296 hic
447 2252 513 2297 non
537 2251 618 2297 esse.
627 2227 653 2314 ¹)
699 2233 823 2297 Deinde
855 2240 923 2297 orte
953 2234 1000 2298 sie
1030 2232 1118 2297 nude
1150 2232 1212 2297 dici
1240 2253 1298 2297 ne·
1313 2260 1339 2298 o

125 2328 196 2408 quit;
213 2355 287 2402 nam
308 2338 399 2402 Brut.
424 2357 451 2402 c.
465 2338 518 2416 31,
544 2338 607 2402 118
632 2345 681 2402 est
704 2346 790 2402 certa
812 2339 954 2404 methodo
977 2347 1005 2404 et
1027 2340 1154 2423 repara
1178 2337 1239 2421 (dut
1256 2351 1300 2411 τῆς

124 2436 200 2508 '‘mr
213 2448 277 2520 [τῆς]
295 2452 413 2520 λογικῆς,
444 2448 482 2509 ut
516 2443 748 2526 interpretatur
780 2445 933 2524 oremus,
969 2447 1058 2510 nullo
1093 2446 1191 2510 modo
1228 2466 1299 2511 esse

126 2546 225 2625 D0test;
245 2570 353 2633 neque
377 2552 474 2627 enim,
499 2570 564 2633 quo
582 2552 710 2629 auxilio,
735 2552 793 2616 sed
817 2553 981 2634 quomodo
1004 2552 1103 2617 Stoici
1127 2551 1299 2631 disserant,

129 2640 242 2738 dicitur).
288 2657 358 2722 lam
381 2678 442 2722 sua
465 2665 544 2737 arte,
579 2658 666 2739 quod
698 2661 730 2722 et
761 2659 793 2723 in
824 2659 898 2724 Par.
932 2664 964 2723 et
994 2659 1027 2723 in
1059 2658 1173 2723 ceteris
1205 2658 1299 2723 codd.

131 2743 218 2832 [uum
240 2764 312 2848 AB]
350 2768 400 2828 est
434 2762 484 2846 (ut
518 2765 597 2830 illud
625 2767 787 2849 singulare
815 2765 1014 2830 Erfurtensis
1041 2766 1197 2829 mendum
1228 2785 1300 2830 esse

130 2869 240 2953 pateat),
264 2873 341 2936 ferri
364 2872 492 2952 nequit;
516 2876 603 2937 recte
627 2875 737 2955 itaque
761 2874 971 2938 emendatum
996 2877 1046 2936 est
1063 2873 1095 2936 in
1111 2892 1177 2937 uno
1195 2872 1299 2937 Oxon.

125 2991 225 3042 ummo
248 2986 318 3042 arte
341 2975 415 3061 (aua
437 2998 497 3061 pro
520 2977 603 3061 stro).

134 3259 155 3327 ¹)
172 3262 223 3316 Ubi
246 3279 314 3317 anua
336 3278 386 3331 pro
410 3265 467 3315 eiua
492 3261 600 3315 videtur
619 3262 691 3330 poni,
719 3278 828 3330 semper
855 3268 897 3315 est
924 3237 981 3315 eiua
1010 3264 1096 3329 tpaiua
1120 3260 1299 3327 (contrarium

171 3350 283 3416 atieno);
307 3367 362 3420 quo
381 3351 500 3420 pertinet
518 3351 610 3415 etiam,
635 3367 720 3419 quum
739 3353 785 3404 aui
802 3350 992 3419 intelliguntur
1005 3353 1165 3418 propinqui.
1203 3350 1297 3403 Rams·

169 3439 285 3494 homins
308 3456 335 3508 p.
354 3438 406 3492 543
429 3457 488 3508 sqq.
512 3440 567 3493 duo
595 3440 679 3492 hahet
707 3439 842 3492 contraria
870 3439 1009 3506 exempla,
1038 3440 1155 3493 alterurn
1183 3455 1217 3492 ex
1245 3437 1298 3491 Cic.

169 3528 288 3597 Philipp·
307 3529 351 3593 IV,
376 3528 401 3592 2,
424 3529 441 3581 4
466 3535 625 3598 corruptum
649 3525 733 3592 (recte
752 3527 837 3580 Vatic.
857 3532 885 3580 et
909 3543 942 3580 ex
961 3543 993 3580 eo
1012 3527 1141 3590 Muretus,
1169 3526 1298 3589 Faernus,

169 3617 303 3672 Orellius:
322 3622 348 3671 ai
369 3620 397 3672 G.
423 3620 541 3672 Coesaria
558 3619 772 3684 fortissimorum
790 3619 941 3683 antipatris
961 3617 1076 3669 militum
1095 3619 1227 3686 exereitus
1245 3632 1298 3668 non

168 3706 294 3775 [ιιίεεειζις
319 3707 446 3771 alterum,
465 3712 496 3760 ut
515 3711 606 3775 posset
625 3721 752 3773 perverse
771 3704 952 3773 interpretari,
971 3704 1029 3773 ipse
1048 3703 1193 3758 mutilavit.
1230 3702 1299 3756 Nam

166 3795 246 3864 apud
263 3795 326 3848 Tae.
345 3794 417 3848 dnn.
430 3795 474 3859 vl,
493 3794 527 3845 24
546 3794 657 3862 legitur:
677 3797 757 3846 ettam
776 3811 828 3846 aua
846 3795 927 3846 verba
945 3796 1065 3848 centurio
1083 3795 1192 3846 aoevitioe
1206 3793 1298 3859 plenu,

166 3895 331 3954 tanquam
349 3901 362 3937 e
367 3887 466 3951 prepi
471 3901 522 3935 um
541 3885 610 3949 (haec
628 3882 719 3935 omisit
733 3882 839 3947 lismoi,
860 3898 982 3949 uocesque
998 3884 1142 3948 dedolantis
1156 3882 1297 3934 adiecerat.

166 3973 309 4028 Gloriatus
328 3976 387 4025 erat
406 3971 537 4038 centurio,
566 3988 649 4040 quam
673 3987 744 4024 saeve
768 3971 887 4024 Drusum
912 3975 1062 4024 tractasset.
1100 3968 1298 4022 Ramshornius

164 4079 222 4115 aua
241 4060 301 4116 vult
319 4076 379 4114 esse
397 4062 498 4114 Drusi!
