2948 5206
664 277 728 342 249
986 326 1002 361 ,

153 489 218 552 span
239 471 315 552 quod
343 471 413 553 ipse
444 472 571 536 codices
605 473 755 538 meliores
790 492 855 537 non
890 472 1040 537 adhibuit
1069 476 1102 536 et
1130 471 1294 537 codicibus

153 576 305 660 antiquisque
342 577 538 643 editionibus
571 597 689 659 parum
718 578 887 661 diligenter
916 598 994 642 usus
1029 576 1091 659 est)
1125 578 1204 642 nihil
1231 578 1295 642 sihi
1367 644 1371 655 ,

153 682 208 746 aliud
224 684 419 767 proposuisse
441 684 580 761 ridetur,
609 684 671 747 nisi
699 683 820 748 bonam
844 684 989 749 futuram
1013 704 1085 749 esse
1109 684 1296 759 editionem,

112 824 117 839 ·
152 790 231 871 inqua
248 810 350 872 pauca
372 791 474 854 rerba
497 792 689 872 legerentur,
715 811 788 873 quae
806 811 872 856 non
889 792 922 855 in
941 811 1007 856 uno
1026 791 1169 855 alterove
1187 789 1297 854 codice

151 899 276 973 nutarent,
300 916 340 960 ac
363 916 404 960 ne
423 896 486 961 hoc
504 897 636 979 quidem
654 901 851 963 constanter.
886 898 935 962 lta
955 898 1079 980 expulit
1095 896 1148 960 ille
1164 897 1294 978 quidem

150 999 241 1066 tinum
261 1003 536 1085 interpolationes,
569 1006 627 1070 sed
650 1025 711 1069 nec
734 1006 846 1087 quales
870 1004 1002 1069 omniuo
1025 1006 1135 1068 essent
1157 1002 1296 1066 Lucretii

150 1106 241 1186 odra,
262 1111 422 1191 quaesivit,
446 1113 483 1175 ut
506 1119 691 1193 appareret,
715 1114 868 1194 possetne
891 1111 970 1174 stari
994 1129 1033 1175 eo
1054 1113 1154 1186 textu,
1185 1110 1240 1191 qui
1263 1110 1296 1173 in

149 1212 265 1280 podicibus
288 1221 384 1293 esset,
409 1236 452 1281 an
475 1219 501 1281 is
525 1221 653 1281 tantum
677 1218 750 1282 ideo
773 1217 991 1281 restituendus
1011 1221 1107 1293 esset,
1131 1219 1167 1280 ut
1183 1234 1296 1279 neces·

148 1318 384 1387 annemendatio
402 1328 490 1389 certo
508 1323 721 1389 fundamento
738 1324 905 1401 niteretur,
929 1343 972 1388 an
991 1327 1076 1387 esset
1094 1322 1146 1386 ille
1163 1321 1294 1403 quidem

147 1426 285 1505 mendosus,
309 1429 370 1493 sed
392 1431 449 1506 ita,
478 1433 514 1494 ut
537 1431 773 1496 emendationis
797 1450 872 1512 spes
896 1430 1081 1494 abiicienda
1105 1432 1200 1504 esset,
1235 1447 1296 1493 nec

147 1548 197 1609 qnos
221 1526 341 1600 codices
373 1537 465 1619 sequi
496 1538 603 1616 vellet,
639 1538 814 1614 constituit,
848 1536 907 1600 sed
938 1556 996 1618 pro
1028 1536 1171 1612 arbitrio,
1207 1536 1295 1617 quod

147 1634 226 1719 ubique
246 1641 490 1719 oblatumerat,
515 1644 660 1727 arripuit,
684 1645 730 1709 ita
750 1648 787 1709 ut
803 1662 890 1725 saepe
910 1643 1055 1708 codicum
1076 1646 1109 1706 et
1124 1642 1294 1707 meliorum

146 1746 166 1805 et
179 1752 275 1826 preter
297 1768 399 1812 unum
423 1750 568 1814 omnium
593 1750 688 1815 bonae
712 1750 880 1832 scripturae
899 1750 1041 1814 novandi
1060 1768 1160 1813 causa
1176 1749 1302 1814 menda.

146 1854 363 1935 apographorum
387 1856 683 1929 recentissimorum
707 1856 885 1946 praeienret,
921 1876 960 1920 ex
984 1856 1125 1938 plurium
1157 1875 1295 1937 apogra-

144 1956 242 2033 phorum
264 1960 400 2025 diversis
423 1963 586 2026 erroribus
610 1982 712 2027 novas
735 1962 913 2045 scripturas
931 1967 1148 2044 componeret,
1173 1960 1295 2042 ubique

143 2065 224 2140 purtim
255 2086 294 2131 ex
329 2068 499 2132 levissimis
535 2069 661 2133 mendis
693 2069 951 2134 coniecturarum
975 2068 1303 2151 perversissimarmn.

142 2183 236 2235 prusam
257 2177 393 2256 peteret,
428 2175 548 2257 partim
578 2195 633 2240 eas
662 2177 732 2240 sine
760 2175 919 2240 eiusmodi
948 2195 1047 2239 causa
1076 2175 1188 2239 autin
1211 2173 1296 2238 notis

140 2275 311 2352 profunderet
334 2288 392 2345 aut
416 2281 449 2345 in
472 2287 564 2346 textu
586 2285 732 2364 poneret.
779 2282 887 2364 Atque
909 2282 980 2346 haec
1009 2281 1118 2347 omnia
1145 2282 1190 2345 ita
1220 2280 1294 2362 egit,

139 2382 317 2450 dramonis
341 2388 447 2452 Latini
470 2389 577 2471 legum
600 2409 717 2471 pamm
742 2390 887 2453 curiosus
917 2392 1011 2465 esset,
1047 2408 1135 2470 saepe
1164 2393 1295 2452 senten·

138 2485 223 2554 litum
249 2495 496 2574 grammaticam
526 2496 665 2561 formam
695 2500 727 2559 et
755 2514 961 2559 communem
990 2495 1141 2577 loquendi
1170 2513 1294 2558 rnorem

89 2636 96 2715 t
135 2594 285 2677 negligeret,
312 2601 493 2681 saepissime
516 2604 580 2666 nim
606 2607 639 2666 et
662 2607 804 2666 mentem
830 2606 862 2665 et
885 2602 1115 2665 cohaerentiam
1139 2600 1294 2665 orationis

89 2734 92 2771 ÷
134 2702 158 2761 et
173 2700 347 2783 Epicuream
372 2707 542 2771 rationem.
588 2709 700 2791 ltaque
729 2709 784 2772 ubi
813 2708 883 2771 haec
913 2707 945 2770 in
975 2708 1208 2771 commentario
1239 2726 1295 2769 ex·

89 2798 91 2807 '
133 2804 252 2883 plcanda
274 2816 378 2888 erant,
403 2817 460 2876 aut
483 2812 736 2880 coacervatione'
745 2814 966 2896 exemplorum
985 2833 1050 2877 non
1068 2818 1219 2895 aptorum
1239 2815 1295 2876 aut

131 2910 335 2982 imitationibus
359 2918 591 3001 investigandis
623 2925 680 2984 aut
711 2921 925 2986 declamando
957 2925 989 2984 et
1020 2921 1062 2984 ad
1093 2919 1202 2984 omnia
1230 2918 1294 2982 alia

132 3023 315 3101 emanando
343 3044 395 3089 res
420 3026 534 3107 agitur.
581 3027 649 3090 Nec
683 3027 811 3091 difficile
848 3032 918 3092 erat
952 3028 1013 3091 hoc
1042 3026 1139 3090 modo
1167 3025 1294 3088 codices

131 3126 209 3206 sequi.
250 3130 358 3194 Genus
383 3136 432 3196 est
454 3132 585 3197 omnino
608 3133 642 3196 id
665 3133 784 3197 criticae
808 3140 840 3197 et
864 3133 1056 3216 philologiae,
1088 3132 1174 3214 quod
1199 3132 1293 3194 huius

132 3233 192 3296 artis
220 3255 335 3302 nomen
369 3239 401 3302 in
436 3242 659 3319 contemptum
695 3239 844 3315 adduxit,
885 3240 917 3303 in
951 3241 1060 3303 verbis
1096 3242 1128 3302 et
1162 3238 1295 3320 syllabis

132 3334 243 3418 herens,
275 3344 471 3409 sententiam
505 3345 680 3426 negligens
716 3350 814 3426 atque
849 3348 891 3410 ob
927 3348 958 3410 id
988 3348 1094 3428 ipsum
1124 3365 1165 3408 ne
1193 3345 1293 3408 verba
1311 3363 1349 3401 poi

89 3448 92 3515 l
133 3444 236 3523 qudem
264 3470 450 3532 assequens.
496 3452 604 3533 Atque
633 3451 836 3515 Wakefieldii
865 3453 1039 3517 editionem
1069 3452 1295 3516 Eichstaedtius

135 3554 272 3631 expressit,
294 3557 535 3621 recentissimus
560 3557 674 3635 editor,
699 3557 862 3639 Forbiger,
888 3563 920 3622 et
943 3561 975 3623 in
995 3563 1085 3623 textu
1104 3558 1295 3639 plenumque

136 3650 204 3730 inani
228 3663 422 3726 coniecturas
446 3662 648 3727 ll'alretieldii
681 3664 804 3744 aliquot
835 3664 968 3746 expulit)
1001 3670 1033 3730 et
1064 3667 1095 3728 in
1115 3664 1212 3753 'notis
1244 3683 1296 3727 se-

138 3760 258 3847 quituf‚¹)
300 3768 414 3851 ltaque
438 3769 484 3832 ita
512 3789 546 3832 se
575 3790 627 3834 res
656 3771 757 3835 habet
786 3773 818 3834 in
848 3772 1005 3850 Lucreti0,
1043 3775 1079 3834 ut
1107 3790 1191 3833 nunc
1221 3790 1295 3833 cum

143 3898 364 3919 x—

161 3981 378 4065 ¹lEnnp10esse
402 4005 524 4068 possunt,
553 4004 580 4052 et
603 4001 739 4068 quomodo
763 4001 956 4054 Wakefieldius
980 4002 1135 4070 scripturas,
1164 4017 1232 4069 quas
1251 4001 1297 4052 alii

194 4083 289 4139 confessi
306 4106 335 4142 se
354 4106 410 4143 non
429 4089 580 4156 intelligere
599 4096 745 4153 mutarunt,
774 4091 934 4155 defenderit,
964 4097 990 4144 et
1015 4108 1099 4159 quam
1118 4107 1213 4142 secure
1232 4089 1296 4142 talia

194 4182 362 4242 propagentur,
381 4179 436 4231 duo
455 4177 507 4231 loci
527 4177 588 4230 libri
607 4180 694 4246 primi,
714 4180 741 4232 in
762 4178 860 4247 quibus
879 4180 1013 4247 particula
1025 4182 1153 4247 quoniam
1171 4178 1208 4231 ita
1221 4178 1297 4245 poni·

196 4260 235 4317 ltu,
251 4269 277 4315 ut
293 4266 393 4320 nullius
413 4267 452 4319 rei
471 4283 582 4320 causam
608 4268 710 4321 reddat.
747 4269 777 4322 V.
799 4267 849 4319 154
869 4265 932 4334 [753
952 4269 993 4322 ed.
1013 4264 1162 4334 Bernays.],
1191 4267 1295 4334 aliquot

196 4354 338 4414 annuentis
358 4361 453 4409 contra
471 4372 525 4419 eos,
546 4355 593 4423 qui
612 4356 690 4424 plura
709 4374 800 4410 rerum
820 4357 968 4426 primordia
987 4373 1045 4410 esse
1064 4356 1211 4423 ponebant,
1235 4371 1294 4422 pro·

196 4431 248 4499 litis.
264 4442 381 4497 additur:
407 4446 468 4497 Huc
487 4447 587 4497 accedit
607 4446 675 4511 item,
695 4449 822 4513 quonium
836 4448 993 4513 prinrrordia
1012 4462 1104 4497 rerum
1123 4445 1218 4497 Mollia
1236 4460 1297 4496 con-

196 4525 294 4597 nocuo,
311 4549 373 4601 quoe
390 4550 439 4586 noa
458 4536 551 4585 natira
570 4536 688 4586 uideantur
707 4536 773 4587 ane
791 4543 815 4587 et
833 4537 943 4588 increati
958 4553 1019 4588 cum
1036 4551 1146 4602 corpore
1157 4535 1298 4599 stenditur:
