2956 5190
704 287 767 356 156

134 488 228 554 codd.
254 489 402 554 Lambini
426 487 652 570 Graevianique
681 486 777 569 primi
801 501 915 568 queso,
951 481 1040 565 qnod
1069 481 1317 564 supplementur

134 595 186 658 hic
209 599 245 658 ut
269 594 345 658 alibi
370 595 581 677 interpolator
604 594 789 676 adscripsit*
806 590 916 657 verbis
935 609 998 673 per
1028 588 1104 654 deos
1134 589 1317 665 immortale,

206 825 365 879 universum
384 841 470 894 genus
487 824 679 895 disputationis
698 840 783 892 quam
797 822 886 876 multa
897 820 1000 877 habeat
1013 818 1112 886 futilia,
1132 820 1318 875 declarandum

204 913 328 968 Primum
347 915 382 967 ad
401 931 462 968 eam
481 914 615 968 accedunt
634 913 760 967 homines
779 929 814 966 ne
833 911 871 965 ita
894 910 1006 979 quidem
1029 909 1065 964 ab
1089 908 1179 979 ipsius
1202 909 1319 964 Ciceroni

205 1003 320 1056 lectione
339 1003 472 1068 instructi,
500 1008 539 1067 ut,
568 1003 634 1071 quid
656 1002 692 1056 ait
715 1002 742 1055 in
762 1001 855 1070 aliquo
873 1000 933 1054 loco
951 999 1089 1069 singulare
1109 1015 1163 1053 nec
1179 998 1247 1052 alibi
1263 999 1318 1067 apud

205 1109 269 1145 euru
287 1092 416 1160 positum,
435 1109 491 1147 non
511 1109 526 1146 e
544 1093 609 1147 solis
626 1090 720 1145 lexicis
738 1089 872 1154 iudicent;
891 1089 990 1144 deiude
1009 1089 1037 1143 in
1056 1105 1114 1142 nuo
1133 1088 1229 1158 aliquo
1245 1087 1320 1142 libello

199 1185 301 1234 notant
320 1187 347 1234 et
372 1187 522 1250 excerpunt
545 1178 701 1250 singularia,
730 1195 781 1233 nec
806 1179 935 1248 cogitant,
963 1195 1049 1248 quum
1075 1183 1177 1247 praeter
1201 1176 1320 1231 Ciceronis

204 1269 287 1323 libros
305 1286 338 1324 ex
362 1270 414 1323 hac
437 1275 518 1323 aetate
543 1269 621 1339 pauci
645 1267 783 1337 supersint
812 1272 839 1321 et
867 1285 901 1322 ex
928 1267 988 1322 aliis
1015 1265 1155 1321 scribendi
1182 1265 1320 1336 generibus,
1354 1262 1369 1343 Ἰ

204 1375 288 1426 quarn
316 1359 404 1413 multa
431 1375 542 1412 necesse
569 1358 605 1412 sit
628 1358 784 1427 singularia,
812 1357 964 1427 praesertim
990 1355 1017 1410 in
1041 1361 1161 1422 oratore,
1189 1371 1257 1418 esse,
1282 1369 1320 1408 uec

204 1446 302 1510 sciunt,
325 1446 348 1499 si
367 1452 424 1501 tarn
443 1446 587 1515 diligenter
605 1463 702 1501 omnes
721 1446 859 1500 Ciceronis
877 1446 961 1500 libros
980 1448 1205 1515 pertractassent,
1233 1444 1260 1497 iu
1276 1458 1320 1496 om

204 1536 285 1588 nilus
303 1552 381 1604 aeque
399 1536 488 1590 multa
506 1535 661 1605 singularia,
682 1535 710 1589 in
730 1535 824 1589 multis
843 1536 923 1603 louge
934 1534 1015 1605 plura
1029 1550 1059 1588 se
1072 1538 1233 1603 reperturos
1244 1532 1322 1594 luins,

205 1625 232 1677 in
251 1624 283 1677 iis
303 1642 421 1694 quoque,
440 1643 502 1694 quae
521 1625 559 1679 ita
577 1641 649 1693 sape
668 1624 696 1677 in
715 1625 815 1679 scholis
834 1625 969 1693 legantur,
987 1629 1019 1677 ut
1037 1628 1150 1692 propter
1169 1621 1322 1676 imitationes

204 1713 361 1782 trequentes
389 1731 422 1768 ea
449 1715 593 1768 credamus
621 1714 744 1783 vulgaria
771 1729 844 1778 esse,
873 1730 934 1781 quae
963 1729 1018 1767 uuo
1046 1713 1107 1766 loco
1134 1714 1256 1774 exstent;
1282 1725 1322 1763 uec

204 1809 306 1865 tenent,
334 1804 471 1871 quomodo
494 1803 553 1857 brec
576 1802 721 1857 iudicanda
744 1802 806 1865 sint,
834 1807 865 1856 ut
889 1807 1036 1870 quaeratur,
1064 1800 1140 1870 quid,
1170 1800 1224 1854 etsi
1246 1814 1322 1854 exere

204 1891 255 1959 plis
278 1908 333 1945 non
357 1893 490 1956 firmetur,
517 1898 611 1946 tamen
635 1892 765 1945 universo
788 1890 917 1960 loquendi
943 1890 1036 1959 generi
1059 1890 1143 1944 huius
1166 1886 1255 1943 atatis
1276 1902 1322 1941 nou

204 1988 337 2049 repugnet
360 1987 388 2035 et
412 1981 584 2051 alreqnenti
609 1982 756 2035 verborum
781 1996 833 2035 usu
860 1980 896 2034 sit
923 1980 1019 2035 leviter
1046 1985 1074 2033 et
1101 1977 1265 2033 naturaliter
1288 1977 1324 2031 de

204 2070 313 2128 ilerum,
335 2071 401 2140 quid
420 2071 500 2140 longe
518 2071 651 2125 desciscat
669 2075 696 2124 et
715 2074 819 2123 certam
839 2068 956 2123 formam
970 2068 1105 2123 interioris
1123 2067 1214 2122 atatis
1231 2083 1286 2137 pra
1300 2082 1325 2121 se

204 2159 285 2222 ferat;
305 2166 365 2214 turn
384 2166 508 2224 utuntur,
528 2166 661 2228 tanquam
680 2165 764 2223 certo,
783 2163 914 2212 contextu
933 2158 1047 2212 minime
1062 2159 1212 2213 emendato
1230 2156 1324 2212 librari·

204 2263 338 2316 orumque
361 2265 466 2303 errores
489 2248 617 2302 incuriosi
642 2249 761 2317 graviter
783 2253 918 2317 tanquam
946 2247 1085 2315 scriptoris
1112 2252 1253 2310 accusant,
1279 2261 1326 2315 qua

203 2351 302 2402 genere
321 2336 343 2390 si
362 2337 424 2405 quis
443 2337 482 2389 uti
506 2343 620 2391 conatus
645 2342 724 2395 esset,
753 2336 931 2406 probabiliter
954 2335 1120 2390 exercitatus
1143 2336 1180 2390 ad
1204 2352 1237 2390 ea
1260 2351 1325 2404 repe

205 2423 307 2490 rienda,
336 2442 398 2494 quae
422 2426 552 2479 inusitata
576 2432 675 2490 essent,
703 2425 857 2479 orationem
880 2425 1043 2490 Sestianam,
1072 2423 1231 2490 Caelianum,
1259 2424 1325 2487 alias,

204 2517 353 2581 antequam
373 2529 460 2582 nuper
479 2514 514 2567 ab
533 2514 593 2568 aliis
612 2520 639 2569 et
662 2532 678 2568 a
698 2532 742 2568 me
761 2514 820 2583 ipso
839 2531 854 2568 e
872 2516 950 2569 codd.
970 2514 1194 2578 emendarentur,
1222 2512 1327 2567 infinitis

205 2601 310 2654 indiciis
329 2619 345 2655 a
364 2603 492 2658 Cicerone
511 2605 614 2658 alienas
633 2621 693 2658 esse
711 2605 900 2657 demonstrare
918 2604 1061 2673 potuisset.
1098 2602 1244 2656 Postremo
1261 2602 1327 2657 Cice

205 2706 300 2744 ronem
319 2693 471 2759 perfectum
490 2710 550 2747 esse
569 2697 707 2747 oratorem
725 2697 859 2755 statuunt,
879 2691 945 2760 quid
964 2696 1057 2745 autem
1077 2690 1112 2745 sit
1126 2691 1262 2746 Romanis
1275 2707 1328 2761 per·

205 2779 306 2833 lectum
335 2781 433 2846 visum,
462 2799 512 2835 suo
535 2781 658 2835 iudicant
681 2798 776 2845 sensu;
806 2797 868 2849 quae
887 2780 1040 2849 displicent,
1068 2779 1248 2835 Ciceroniana
1275 2796 1329 2834 esse

205 2873 313 2935 negant.
351 2869 405 2937 Qui
423 2871 444 2924 si
464 2876 551 2925 totum
573 2871 709 2925 Ciceronis
728 2869 863 2924 scribendi
887 2886 973 2938 genus
996 2868 1082 2922 libere
1106 2869 1328 2932 considerassent,

204 2963 324 3022 nossent,
352 2959 440 3013 multa
467 2959 599 3013 Romanis
627 2957 746 3013 oratoria
773 2959 832 3011 risa
854 2975 922 3022 esse,
951 2974 1012 3026 quoe
1037 2958 1115 3011 nobis
1138 2956 1331 3012 declamatoria

206 3045 360 3112 videantur,
389 3050 490 3103 llumen
515 3055 675 3102 ornatorum
699 3048 855 3111 verborum,
884 3047 907 3100 si
930 3047 1080 3115 logicorum
1104 3045 1238 3100 severitas
1260 3045 1330 3099 adbi-

203 3135 309 3199 beatur,
338 3137 480 3191 turbidum
503 3153 575 3205 saepe
599 3136 719 3205 reperiri,
746 3142 909 3204 argumenta
928 3136 1015 3189 multa
1034 3142 1061 3190 et
1079 3135 1289 3204 enthymemata
1305 3138 1331 3188 et

204 3224 283 3278 valde
302 3210 411 3280 mlirma
429 3225 494 3295 poni
511 3232 538 3280 et
557 3226 653 3279 eadem
673 3225 733 3279 aliis
752 3230 834 3293 atque
854 3225 914 3279 aliis
933 3225 1023 3279 verbis
1041 3223 1136 3295 repeti.
1173 3224 1261 3279 Multa
1278 3224 1330 3279 iam

203 3311 317 3367 Wolfius
337 3315 364 3368 in
384 3316 435 3368 hoc
453 3331 553 3390 genere
571 3314 693 3383 deliquit,
713 3314 759 3382 qui
779 3314 955 3367 Gruteriauas
974 3313 1068 3367 sordes
1083 3312 1222 3382 exagitare
1236 3312 1331 3367 maluit

203 3406 336 3471 tanquam
365 3403 555 3457 declamatoris
583 3403 699 3472 ineptias
727 3419 825 3471 quam,
854 3402 996 3466 adhibitis,
1030 3418 1092 3471 quae
1120 3407 1219 3470 parata
1246 3406 1329 3465 eraut,

201 3489 317 3558 aliisque
338 3492 453 3560 provisis
472 3493 596 3546 codicum
609 3492 745 3556 subsidiis,
765 3491 793 3544 in
806 3491 953 3545 emendata
965 3490 1099 3559 scriptura
1111 3496 1218 3545 certum
1231 3505 1331 3561 ponere

204 3579 423 3635 fundamentum.
461 3582 500 3634 De
528 3581 697 3650 argumentis
725 3597 758 3634 er
786 3576 917 3649 loq'ueudi
944 3595 1043 3648 genere
1066 3579 1183 3649 sumptis
1206 3579 1331 3649 exemplo

204 3683 260 3720 rem
281 3668 434 3723 declarabo.
472 3670 533 3724 Iure
552 3670 651 3738 aliquis
670 3675 701 3723 ut
720 3687 736 3722 a
755 3669 932 3723 Ciceroniana
955 3674 1035 3722 aetate
1055 3669 1214 3732 abhorrens,
1240 3669 1275 3723 ad
1293 3669 1329 3722 iu·

204 3757 330 3812 seriorem
354 3760 503 3828 pertinens,
531 3759 681 3835 exagitaret
705 3759 733 3811 in
757 3764 825 3812 orat.
849 3774 898 3826 pro
922 3758 990 3810 Sest.
1010 3756 1057 3819 50,
1086 3756 1137 3810 107
1161 3759 1331 3811 abstultas

203 3855 347 3912 auctorem,
376 3850 448 3917 quod
477 3866 527 3903 nec
555 3849 581 3902 id
611 3842 700 3916 ipsum
726 3864 845 3918 usquam
874 3848 948 3917 apud
972 3848 1130 3901 Ciceronem
1159 3853 1187 3900 et
1214 3847 1331 3915 aequal&

203 3935 302 4004 legitur
320 3953 370 3991 nec
389 3938 484 3992 similis
503 3937 601 4006 aliquis
626 3936 841 4006 deprehenditur
864 3943 911 3990 aut
936 3937 990 3990 huc
1014 3937 1148 3990 inclinans
1174 3935 1233 3990 eius
1257 3934 1331 3989 verbi

118 4086 121 4091 7
203 4041 277 4089 usus,
297 4030 324 4079 et
343 4026 396 4080 alia
415 4027 540 4096 quaedam
560 4027 644 4080 verba
662 4025 840 4079 usitatissima
859 4026 886 4079 in
905 4043 938 4079 eo
956 4024 1109 4094 significatu
1121 4031 1194 4090 suut,
1214 4031 1242 4078 et
1260 4025 1331 4078 eati·

203 4115 262 4167 bere
280 4115 391 4183 quando
410 4120 506 4184 postea
524 4121 551 4169 et
575 4116 713 4183 quomodo
737 4115 838 4168 sensim
862 4114 901 4167 sic
925 4114 976 4168 dici
1002 4113 1121 4182 coeperit,
1149 4111 1330 4167 demonstrari

202 4210 300 4271 potest.
338 4205 390 4259 Sed
409 4204 435 4257 id
456 4222 505 4273 ego
524 4205 639 4258 verbum
659 4203 686 4257 iu
706 4203 752 4257 illo
771 4204 831 4256 loco
856 4203 1057 4272 interpolatoris
1077 4207 1218 4257 assecta
1235 4200 1330 4255 codici·

202 4292 254 4345 bus
272 4293 393 4362 antiquis
411 4293 507 4347 abesse
519 4292 614 4359 docui.
652 4292 753 4346 Contra
772 4292 800 4344 iu
820 4292 877 4347 Cat.
898 4293 942 4356 lv,
967 4290 992 4357 2,
1017 4290 1182 4345 ascensam
1199 4296 1241 4345 est
1259 4291 1330 4345 locu-

203 4379 240 4432 tio
254 4399 309 4447 pro
328 4399 356 4435 eo
375 4401 407 4435 cc
426 4398 536 4444 mereor,
564 4381 638 4449 quod
662 4381 727 4434 alibi
751 4382 824 4449 apud
847 4381 1006 4435 Ciceronem
1030 4396 1063 4433 ea
1081 4396 1137 4434 non
1156 4380 1275 4448 legatum
1303 4384 1331 4433 at

203 4468 300 4536 legitur
331 4471 404 4538 apud
424 4469 583 4540 Sulpicium,
612 4470 749 4524 Ciceronis
772 4471 907 4539 aequalem
936 4468 975 4534 (in
994 4469 1048 4523 Cic.
1067 4469 1115 4538 Ep.
1138 4469 1173 4522 ad
1191 4468 1267 4522 Fam.
1287 4467 1330 4531 ill,

202 4554 314 4621 bibiti,
338 4576 393 4625 pro
412 4577 441 4614 eo
468 4576 500 4612 oc
523 4559 613 4617 delum
642 4560 715 4627 apud
744 4559 835 4628 ipsum
863 4564 956 4613 autern
980 4558 1139 4612 Ciceronem
1162 4561 1205 4611 est
1223 4574 1279 4625 pro
1303 4572 1330 4610 eo
