2948 5206
687 278 752 345 299

167 478 247 545 catimi
266 477 375 542 obstat
397 476 506 558 ipsum
530 475 726 540 vocabulum
751 478 942 561 reparatione,
967 476 1055 557 quod
1074 477 1164 540 iubet
1188 476 1319 558 proprie

168 585 235 667 accipi
251 583 382 648 verbum
407 584 582 667 caterpam
618 580 756 646 Orellius
786 586 896 646 autem
919 581 1049 647 solitam
1072 595 1236 658 περίφρασιν
1259 602 1318 664 ap·

168 691 251 773 pelans
270 690 348 755 nihil
371 690 456 772 agit3
479 708 555 753 nam
581 687 670 770 quod
693 688 912 753 diciturillud
935 691 1058 771 optime
1082 690 1206 771 aliquot
1228 689 1316 767 locis

168 816 209 862 nou
224 802 319 862 tamen
340 799 455 860 nomm
471 797 585 879 populi
607 794 694 859 idem
718 794 878 877 significat
895 815 1045 877 usquam,
1070 797 1158 878 quod
1170 798 1317 881 populos,

169 899 272 982 oliti,
305 901 435 967 etiamsi
464 922 531 967 non
558 900 678 966 rectius
706 901 776 983 ipse
805 901 960 966 edidisset
986 904 1115 986 imperii
1136 904 1250 987 populi
1277 904 1319 968 It.

169 1028 247 1087 mea
276 1013 389 1074 umen
416 1028 483 1074 non
506 1027 586 1073 sane
604 1008 742 1091 populus
765 1007 806 1072 R.
830 1007 991 1073 diceretur
1014 1009 1183 1092 Syracusis
1208 1009 1318 1075 fuisse.
1375 1051 1379 1057 -
1416 1001 1418 1004 ⁴

167 1112 236 1179 sum
254 1115 291 1180 de
313 1115 474 1180 Vaticano
496 1115 607 1180 codice
632 1134 672 1183 ex
695 1115 822 1180 silentio
847 1115 922 1180 Maii
951 1135 1068 1198 parum
1096 1120 1167 1181 tuto
1192 1116 1318 1182 coniec-

168 1220 207 1284 lai
221 1222 315 1287 multis
344 1220 471 1287 indiciis
493 1226 597 1303 patet
643 1222 785 1288 Causam
813 1225 925 1287 tamen
954 1221 1210 1303 interpolationis
1239 1242 1319 1288 sane

168 1343 209 1391 nor
223 1346 249 1392 re
313 1349 345 1393 o.

224 1329 514 1513 Depelrioco,t
384 1433 441 1516 qui
464 1438 514 1499 est
537 1454 565 1500 c.
589 1435 642 1513 38,
669 1436 743 1514 100,
774 1439 862 1500 recte
886 1438 940 1499 eat
941 1454 1022 1499 enus
1046 1454 1066 1499 a
1090 1456 1142 1500 me
1166 1436 1320 1501 dissensit
1420 1447 1427 1458 ·

169 1536 298 1622 lampius,
333 1540 424 1623 quod
457 1540 619 1605 bominum
652 1549 833 1607 converellam
868 1548 960 1627 atque
993 1532 1224 1606 multitudinem
1252 1563 1319 1608 non

169 1647 275 1724 noenu
305 1651 397 1712 recte
424 1647 510 1712 enim
535 1650 683 1714 homines
705 1654 884 1731 praesentes
909 1651 1046 1713 vetustae
1069 1648 1179 1730 gloriae
1203 1653 1236 1714 et
1258 1649 1318 1714 ab·

115 1768 118 1791 ¹
169 1753 232 1817 ento
255 1754 363 1836 populi
391 1755 533 1820 Romani
561 1754 685 1820 nomini
708 1755 944 1837 adiunguntur;
979 1755 1037 1820 sed
1069 1755 1216 1820 dativum
1249 1756 1318 1821 iure

169 1859 336 1938 murebarm
360 1865 394 1926 et
417 1861 505 1942 quod
528 1860 675 1926 defendit
698 1860 760 1925 dici
784 1882 975 1945 oeyoporoeee
997 1861 1194 1945 memphrua
1214 1883 1317 1947 apere,

115 2002 121 2009 -
168 1977 208 2028 ooo
221 1985 335 2048 perse,
359 1967 420 2032 sed
442 1966 661 2032 redundantia
684 1968 836 2032 vitiosum
853 1968 1080 2046 est‚·maxime
1096 1969 1128 2032 in
1143 1969 1207 2033 hac
1229 1987 1318 2033 com-

167 2070 297 2160 positione:¹
309 2075 452 2159 piratico
474 2093 675 2157 myoparone
690 2067 893 2156 triumphum
910 2094 1006 2157 agere
1024 2077 1180 2159 piratam.
1204 2070 1317 2140 'Com-

167 2176 227 2242 nie
242 2179 335 2263 igitur
356 2180 509 2246 subveni
531 2179 734 2269 addubitare
762 2180 838 2245 fider
861 2181 980 2247 suenio
1004 2181 1184 2247 arationis
1201 2165 1316 2247 'naun

115 2306 118 2310 ·
167 2281 231 2349 ola
247 2285 317 2352 Par.
342 2287 485 2364 tutte,
510 2305 550 2351 ex
573 2305 638 2368 quo
661 2287 841 2369 Krarupius
866 2290 1052 2372 myoparoni
1075 2288 1229 2353 enotavit.
1264 2288 1317 2352 ln·

165 2384 379 2475 tremendum
411 2397 462 2458 est
493 2393 591 2476 igitur
613 2393 675 2459 sic:
710 2393 872 2458 bominem
903 2403 1030 2460 convent
1032 2416 1084 2458 um
1116 2403 1208 2492 utque
1237 2396 1317 2460 mul·

164 2491 284 2562 uorem
300 2500 442 2583 piratico
464 2502 673 2583 myoparooi;
696 2501 731 2563 in
749 2507 847 2583 portu
870 2507 930 2566 cet.

219 2605 248 2670 0
267 2607 320 2685 40,
351 2607 415 2672 104
444 2606 624 2688 Zumptius‚
660 2607 836 2690 quodiam
861 2607 1032 2689 aliquoties
1056 2608 1211 2672 accidisse
1234 2608 1317 2672 vidi·

160 2722 214 2788 mus
241 2714 271 2777 in
297 2713 450 2779 dissensu
477 2713 639 2779 bonorum
669 2714 817 2779 codicum
846 2717 977 2779 secutus
1009 2719 1058 2779 est
1081 2715 1253 2780 inferiores
1277 2735 1316 2779 ex

155 2809 199 2879 lar
214 2817 337 2898 familia,
362 2820 502 2885 fortasse
525 2821 614 2902 quod
636 2811 819 2903 principum
844 2822 1003 2903 scriptura
1024 2823 1145 2887 satisne
1166 2826 1317 2887 accurate

151 2924 237 2989 muta
257 2930 340 2991 esset
363 2926 548 2992 dubitabat
594 2928 678 2992 Nam
703 2948 743 2992 ex
767 2928 883 2993 Guelff.
908 2933 941 2993 et
964 2927 1052 2993 Leid.
1078 2929 1194 2993 edidit:
1166 2928 1318 3008 tQuid

149 3025 348 3097 detteomore
376 3032 452 3115 fiet?
483 3034 605 3116 Regius
636 3038 747 3100 auem
778 3039 811 3099 et
841 3036 915 3099 Par.
941 3035 1080 3098 7774A
1111 3039 1144 3099 et
1131 3034 1349 3099 tLambini.

115 3130 259 3201 babent:
294 3138 378 3218 Quid
414 3138 575 3203 Cleomene
607 3141 669 3223 fiet,
706 3161 745 3206 ex
780 3161 845 3224 qua
879 3140 1040 3223 scriptura
1069 3145 1107 3205 ut
1133 3141 1316 3223 vulgarium
1332 3159 1371 3199 :uo

143 3238 286 3322 Cleomeni,
309 3246 356 3310 ita
378 3246 458 3310 illud
481 3246 520 3310 de
537 3247 584 3311 Gt
608 3254 716 3314 ortum
740 3269 811 3313 esse
828 3248 989 3325 addendo,
1015 3248 1103 3330 quod
1127 3248 1169 3311 ad
1185 3248 1317 3342 plenam

137 3349 299 3416 orationem
323 3352 438 3418 deesse
462 3353 636 3432 videretur,
671 3358 724 3420 vix
755 3355 928 3431 dubitabit,
964 3356 1019 3436 qui
1043 3354 1160 3418 similia
1184 3354 1316 3437 supple·

135 3461 233 3523 menta
253 3459 369 3524 viderit
390 3459 435 3524 ad
457 3460 549 3525 Fam.
572 3461 654 3540 XIV,
678 3464 710 3539 4,
734 3462 754 3526 3
779 3462 848 3544 (ubi
868 3461 901 3525 in
920 3461 1065 3526 Mediceo
1083 3460 1121 3524 de
1144 3458 1316 3541 omittitur)

131 3565 163 3626 et
190 3562 228 3628 de
259 3565 374 3648 imper.
409 3566 524 3649 Pomp.
549 3568 607 3644 20,
642 3569 685 3633 59
725 3566 795 3650 (ubi
832 3568 866 3632 in
900 3568 1033 3632 meliore
1068 3566 1162 3632 codd.
1197 3587 1315 3648 genere

130 3667 237 3750 abest).
245 3666 271 3753 ¹)
315 3671 411 3750 Quod
445 3673 615 3755 Zumptius
650 3676 790 3740 alterum
830 3677 881 3751 „in
914 3674 976 3738 hac
1005 3669 1252 3756 significatione
1273 3674 1314 3761 de

125 3777 291 3859 pudendis
315 3798 354 3843 ac
377 3780 592 3846 destituendis
614 3782 819 3846 hominibus“
847 3780 1097 3845 usitatissimum
1127 3799 1198 3844 esse
1222 3779 1314 3844 Cice-

123 3886 188 3950 roni
209 3886 331 3965 scribit,
360 3886 479 3952 dicitur
501 3890 609 3970 potius
633 3889 672 3952 de
697 3890 796 3965 exitu,
827 3888 904 3964 sato,
940 3886 1028 3968 quod
1052 3886 1123 3967 quis
1147 3886 1313 3967 neglectus

121 4011 175 4059 nec
197 3994 329 4059 adiutus
353 3994 505 4076 aliquave
527 4015 580 4060 res
604 4014 670 4059 non
693 3998 807 4059 curata
830 3994 985 4058 habitura
1002 3994 1059 4068 sit;
1083 3994 1116 4057 in
1140 4011 1179 4055 ea
1203 3996 1313 4056 autem

117 4100 347 4185 amifimuone
371 4101 460 4183 apud
477 4101 664 4166 Ciceronem
681 4101 870 4183 praepositio
885 4119 951 4164 non
967 4099 1125 4176 adiicitur,
1150 4099 1210 4161 nisi
1231 4098 1315 4162 forte
1450 4126 1453 4131 ·

115 4261 381 4273 -—.--—-—-

132 4348 156 4418 ¹]
174 4346 282 4418 [Etiam
299 4347 377 4416 apud
395 4347 503 4402 Livium
523 4348 630 4413 XXVII,
654 4348 696 4413 16,
719 4347 736 4399 8
755 4347 902 4401 deteriores
922 4347 1027 4400 codices
1046 4349 1077 4398 de
1096 4345 1200 4398 addunt
1219 4350 1314 4397 contra

175 4435 331 4504 meliores]
