2948 5206
632 324 694 389 741

59 526 132 594 τινας
162 517 262 584 etiam
287 517 311 598 I,
342 519 384 583 14
407 519 496 584 solus
520 520 785 603 exprincipibus
809 541 924 585 rcum
949 543 999 585 ow
1022 525 1055 585 et
1079 520 1267 603 vulgaribus

59 625 181 689 retinet
202 625 304 703 oleri,
330 645 440 691 errore
463 627 496 691 in
520 625 602 691 Mau
625 625 809 710 omissum).

151 730 218 797 Sed
241 731 340 797 etiam
364 733 410 797 illi
442 733 580 811 codices,
616 754 698 816 quos
729 739 864 818 propter
894 738 1026 800 aemtem
1057 735 1090 799 in
1123 734 1268 800 secundo

60 839 196 903 testium
219 839 291 905 loco
310 841 414 922 posui,
439 859 504 904 non
528 840 634 905 solum
658 841 842 924 principum
864 841 993 907 illorum
1018 842 1100 907 duos
1124 860 1268 905 unumve

61 949 178 1011 contra
207 950 332 1011 ceteros
361 946 529 1025 adiuvant,
565 948 624 1013 sed
655 948 754 1012 etiam
786 949 938 1031 quaedam
969 948 1095 1014 babent
1125 948 1267 1030 propria,

60 1052 216 1118 omnibus
239 1052 386 1117 veritatis
409 1054 495 1117 notis
518 1053 565 1119 ita
588 1053 758 1136 impressa,
794 1059 832 1120 ut
860 1076 915 1121 eos
945 1055 1076 1120 aliunde
1105 1062 1193 1119 ortos
1217 1053 1268 1119 sui

61 1159 188 1242 aliquid
210 1159 288 1224 boni
311 1159 485 1224 retinuisse
508 1164 679 1242 appareat.
725 1162 810 1226 Nam
840 1166 879 1227 ut
907 1163 1095 1237 concedam,
1131 1160 1269 1225 dubium

59 1265 166 1330 videri
188 1285 295 1348 posse,
318 1266 353 1330 in
375 1266 523 1330 oratione
545 1267 560 1330 I
582 1264 601 1348 5
620 1268 661 1332 19
686 1268 831 1333 codexne
855 1290 875 1332 a
898 1269 987 1333 solus
1011 1287 1086 1332 cum
1103 1267 1269 1332 veteribus

61 1372 285 1454 grammaticis
315 1373 454 1437 servarit
483 1372 528 1437 od
558 1373 605 1437 Μ.
629 1373 788 1458 Lepidum
816 1373 889 1457 (pro
913 1373 1014 1459 apud)
1045 1375 1134 1439 etin
1157 1374 1195 1451 II,
1225 1373 1270 1439 20

61 1479 134 1544 isne
166 1497 240 1545 cum
272 1479 343 1544 aliis
374 1480 572 1562 quibusdam
603 1481 898 1563 Lagomarsinianis
907 1477 934 1562 ¹)
965 1481 1106 1546 caruerit
1136 1481 1269 1546 nomine

62 1587 96 1652 in
121 1588 238 1652 ceteris
264 1587 377 1652 addito
402 1586 556 1664 Faesulas,
592 1607 635 1652 an
663 1591 803 1670 utroque
826 1587 897 1651 loco
921 1606 1011 1652 error
1034 1588 1141 1652 subsit
1163 1588 1269 1670 Lago·

63 1692 212 1759 marsinii
234 1693 314 1757 nibil
338 1693 381 1758 ad
398 1693 607 1758 emendatam
623 1695 820 1777 scripturam
837 1693 997 1769 editionis,
1022 1714 1087 1775 qua
1103 1694 1269 1772 utebatur,

63 1799 266 1874 annotantis,
297 1799 376 1865 illud
405 1799 543 1864 dubium
565 1820 632 1865 non
655 1804 715 1878 est,
745 1802 823 1884 quin
846 1801 884 1877 II,
916 1805 931 1864 1
957 1801 1044 1865 idem
1069 1800 1172 1865 codex
1195 1818 1269 1863 cum

64 1906 295 1973 Gemblacensi
318 1906 441 1970 babeat
462 1905 553 1988 ferro
574 1906 775 1992 flammaque,
799 1909 832 1972 in
856 1907 883 1971 Π
907 1912 1017 1971 autem
1040 1907 1063 1970 4
1085 1905 1174 1970 solus
1198 1903 1270 1970 om·

63 2015 156 2078 nium
180 2017 332 2079 notorum
355 2013 369 2075 i
397 2011 542 2093 (Halmio
565 2011 663 2095 teste)
696 2015 732 2078 in
755 2022 915 2098 protem
945 2015 1015 2078 sine
1044 2014 1109 2102 ullo
1140 2012 1270 2078 addita·

64 2125 188 2198 mento,
223 2140 285 2184 nec
319 2139 406 2195 veru,
444 2120 522 2200 quin
557 2120 590 2183 in
617 2120 669 2197 IV,
705 2120 745 2185 13
776 2121 880 2185 Cassii
914 2140 1044 2195 nomen,
1079 2121 1113 2184 in
1142 2119 1269 2196 ceteris,

67 2228 169 2292 etiam
191 2227 402 2308 principibus
436 2246 545 2290 errore
568 2227 736 2300 omissum,
772 2232 939 2292 serratum
962 2228 1060 2292 sitin
1084 2226 1270 2289 iw'tribus·

66 2352 132 2415 que
155 2333 243 2409 aliis;
266 2333 300 2396 in
324 2334 505 2414 eodemque
528 2333 598 2398 loco
622 2333 720 2414 paulo
743 2341 821 2398 ante
838 2338 916 2410 tres,
940 2338 976 2398 ut
992 2336 1117 2415 opinor,
1142 2331 1270 2396 codices

66 2438 124 2521 (hle
147 2443 180 2503 et
203 2442 364 2521 praeterea
387 2459 472 2504 unus
497 2439 820 2521 Lagomarsinianus)
849 2443 938 2504 recte
965 2442 1122 2522 scriptum
1145 2439 1271 2502 habent

66 2545 106 2609 de
129 2567 254 2609 summ
277 2566 312 2609 rc
325 2567 372 2629 p,
398 2547 441 2610 ad
464 2547 552 2628 quod
575 2551 688 2611 tamen
710 2547 858 2630 proxime
881 2548 1042 2612 accedunt
1064 2554 1117 2610 nu
1138 2547 1270 2627 tresque

67 2652 132 2730 alii,
168 2652 201 2715 in
230 2652 351 2734 quibus
381 2657 431 2716 est
460 2653 498 2716 de
527 2674 651 2717 summu
680 2656 728 2718 rei
745 2676 798 2738 p.;
833 2655 866 2718 in
896 2654 1021 2730 ceteris,
1058 2653 1157 2718 etiam
1181 2652 1273 2716 bairo

67 2766 112 2834 et,
136 2762 265 2822 mutato
289 2763 418 2824 tantum
443 2761 566 2835 ordine,
592 2782 612 2824 α
635 2761 864 2843 interpolando
886 2761 1010 2832 factum
1027 2764 1078 2825 est
1092 2759 1131 2823 de
1148 2779 1272 2824 summ

67 2865 223 2950 dipnitate
245 2867 294 2929 rei
314 2888 346 2950 p.
393 2867 473 2931 Haec
498 2867 655 2931 eiusmodi
680 2871 766 2945 sunt,
797 2867 824 2932 si
847 2868 884 2944 H,
912 2868 935 2931 4
958 2866 1110 2949 excipias,
1135 2868 1172 2929 ut
1194 2885 1271 2930 con·

67 2975 193 3037 iectura
217 2974 393 3037 emendata
416 2993 488 3037 esse
511 2978 685 3054 nequeant,
711 2975 798 3055 quod
822 2975 885 3038 dici
908 2977 1017 3056 potest
1032 2975 1073 3040 de
1089 2974 1112 3049 l,
1137 2973 1189 3047 29,
1215 2972 1269 3036 ubi

67 3079 233 3161 principes
257 3099 371 3143 omues
395 3099 470 3143 cum
493 3081 543 3156 iro,
567 3079 638 3142 aliis
662 3079 787 3142 habent
809 3080 1027 3161 vehementior,
1056 3101 1079 3143 o
1101 3099 1175 3143 cum
1199 3078 1270 3142 vul-

67 3185 202 3267 garibus
233 3189 321 3249 recte
352 3180 605 3266 vehementius.²)
651 3186 800 3268 Apparet
831 3183 880 3268 (ut
903 3205 1065 3250 summam
1098 3183 1271 3264 iaciamus)

68 3311 129 3374 per
157 3312 271 3356 omues
299 3293 426 3357 codices
457 3291 690 3374 multiplicibus
722 3292 831 3374 stirpis
862 3292 1057 3375 ambagibus
1088 3291 1271 3372 implicatos

69 3398 351 3480 interpolationem
383 3401 577 3483 pervasisse,
613 3418 728 3463 verum
762 3419 829 3464 non
863 3400 906 3463 ab
942 3400 1056 3463 eodem
1093 3399 1183 3462 initio
1211 3416 1271 3462 nec

69 3506 249 3588 aequaliter,
281 3527 381 3588 quum
411 3527 477 3572 non
506 3507 610 3571 solum
635 3526 737 3571 novos
761 3507 889 3571 codices
912 3504 1127 3569 describendo
1150 3523 1272 3585 propa·

69 3617 211 3695 garetur,
235 3615 294 3677 sed
317 3614 350 3678 in
373 3614 492 3679 scholis
515 3634 603 3696 saepe
627 3635 667 3678 ex
690 3613 761 3677 aliis
785 3612 950 3678 codicibus
973 3613 1007 3676 in
1030 3612 1110 3676 alios
1134 3611 1274 3674 diversae

68 3721 200 3802 originis
225 3720 364 3802 sparsim
388 3721 629 3785 transferretur.
676 3719 866 3785 Communis
889 3719 1036 3783 omnium
1057 3718 1188 3801 originis
1204 3719 1269 3782 iam

68 3828 193 3890 vitiatae
224 3831 319 3891 notas
351 3827 475 3908 aliquot
506 3846 546 3890 ex
576 3828 617 3890 ΙΙΙ
649 3834 682 3891 et
713 3828 754 3890 lV
784 3826 931 3891 oratione
960 3826 1108 3907 posuisse
1130 3824 1272 3889 sufficiat

70 3934 136 4016 (Ill,
164 3934 205 3997 10
222 3935 462 4017 precepissent3
498 3933 548 4010 IV,
580 3934 701 3997 brello
724 3934 854 4004 curulis,
884 3933 1078 4010 9uindicat,
1111 3934 1148 3995 ll
1175 3931 1272 3995 exsu-

69 4076 148 4083 «—

99 4144 122 4210 Ι)
142 4146 213 4199 Ante
241 4146 343 4200 multos
370 4161 458 4199 annos
485 4145 640 4214 suspicatus
667 4162 729 4198 sum
753 4144 876 4200 numeris
898 4145 1002 4213 aliquot
1025 4142 1273 4212 Lagomarsinianis

144 4234 201 4288 fere
220 4234 283 4286 inde
302 4251 318 4287 a
338 4233 372 4286 50
391 4250 446 4287 non
466 4233 573 4287 codices
592 4235 793 4304 manuscriptos
811 4234 965 4303 significari,
985 4235 1032 4287 sed
1052 4233 1186 4286 editiones
1200 4230 1272 4300 typis

146 4339 298 4391 expressas;
330 4323 357 4376 id
381 4323 449 4376 mibi
473 4323 500 4376 in
525 4322 559 4375 53
582 4328 610 4376 et
633 4323 676 4387 65,
704 4323 751 4391 qui
774 4339 847 4392 saepe
871 4324 943 4392 apud
963 4322 1104 4377 Halmium
1122 4325 1272 4389 ponuntur,

144 4428 256 4480 prorsus
275 4417 381 4465 certum
400 4417 449 4466 est.
1185 4421 1187 4425 '

100 4498 124 4565 ¹)
143 4497 324 4567 [Coniecturae
347 4500 465 4568 suspicio
487 4499 552 4553 oriri
575 4505 666 4570 potest
688 4502 772 4555 etiam
795 4500 823 4554 in
846 4501 867 4565 l,
892 4498 939 4563 22,
964 4499 1011 4554 ubi
1035 4518 1053 4553 a
1076 4499 1160 4553 babet
1182 4502 1274 4562 duent,

144 4589 268 4658 proxime
287 4589 420 4643 accedens
438 4589 473 4642 ad
493 4605 589 4643 rerum
608 4587 708 4657 duint]
