2956 5190
745 277 811 342 200

179 472 330 538 custodes
354 492 428 536 cum
453 473 500 549 iia,
525 492 607 554 quos
630 471 793 537 custodire
816 471 984 550 deberent,
1013 474 1142 538 iunctos
1164 475 1203 538 et
1227 474 1374 554 aequatos,

179 579 237 644 sed
260 581 394 644 omnino
417 579 579 642 universae
602 579 680 643 iuris
710 580 827 644 veteris
857 583 985 645 naturae
1013 583 1176 663 repugnat
1205 580 1377 645 vehemet-

180 688 305 751 tissime
335 686 409 750 talis
441 686 580 749 civitatis
604 704 670 749 ncn
693 685 835 763 amissio,
871 686 930 750 sed
960 687 1146 751 imminutio
1175 687 1214 751 in
1246 705 1298 763 eo,
1330 686 1378 768 qui

180 793 312 874 plenam
336 811 411 856 eam
428 795 526 856 antea
544 793 717 870 tenuisset;
742 812 802 857 nec
819 792 921 857 ullum
939 797 1102 874 praeterea
1119 793 1191 857 eius
1210 793 1378 875 vestigitnn

181 903 240 976 est,
276 900 337 962 nisi
368 899 402 962 in
428 918 527 980 poena
556 900 704 962 censoria
727 918 850 977 eorum,
887 901 942 981 qui
965 900 1052 965 tribu
1075 901 1312 977 movebantur,
1345 918 1380 964 ex

181 1025 247 1087 qua
263 1007 334 1087 ipsa
350 1003 593 1086 comparatione
618 1004 658 1068 de
681 1009 751 1070 tota
774 1025 810 1070 re
834 1006 968 1072 iudicari
988 1011 1106 1089 potest.
1145 1006 1232 1071 Illud
1250 1009 1382 1088 praeter·
1427 1086 1429 1105 Ι

181 1113 219 1175 iri
247 1130 313 1176 non
342 1110 450 1187 debet,
488 1110 630 1193 antiquis
661 1110 864 1191 temporibus
896 1112 940 1177 ab
971 1113 1026 1178 illa
1055 1115 1128 1196 ipsa
1157 1113 1278 1195 plebe,
1311 1132 1383 1195 qne
1427 1112 1429 1189 Ξ

181 1221 352 1300 tantopere
376 1218 423 1282 rei
446 1216 585 1299 publieae
609 1217 877 1282 administrandae
901 1220 1058 1284 maiorem
1081 1223 1213 1302 partem
1239 1221 1381 1303 petebat,
1426 1198 1429 1209 ¹

182 1325 316 1406 eiusque
339 1324 479 1388 tribunis
502 1323 684 1406 postulatas
709 1343 781 1388 esse
810 1344 961 1406 agromm
993 1327 1234 1408 assignationes
1265 1326 1383 1392 colom·

182 1450 342 1512 arumque
376 1430 587 1495 deductiones
619 1428 691 1511 (cir.
715 1430 783 1494 Liv.
808 1430 858 1508 IV,
897 1433 947 1507 11,
983 1433 1037 1508 47,
1072 1433 1115 1497 58
1151 1431 1223 1516 (ubi
1261 1436 1383 1498 veteres

182 1539 341 1603 editiones
364 1538 549 1603 necessaria
571 1537 800 1601 emendatione
823 1538 963 1602 habent:
987 1560 1105 1603 mmor
1127 1539 1290 1604 libertatis
1310 1541 1385 1603 eolc-

182 1646 313 1708 nicrum
348 1651 404 1707 oct
438 1645 512 1728 apri
539 1643 662 1727 publici
696 1650 752 1707 ortt
785 1642 937 1728 suffragii
969 1644 1065 1708 libere
1090 1645 1221 1727 ferendi
1255 1648 1385 1711 coendia

183 1749 302 1836 opiter),
334 1751 370 1829 V,
400 1752 453 1828 24,
481 1750 533 1828 Vl,
571 1751 622 1826 16,
653 1747 754 1831 alibi).
800 1750 914 1832 Neque
937 1750 1004 1815 ulla
1027 1753 1096 1816 eius
1120 1754 1265 1818 instituti
1290 1772 1385 1819 eausa

183 1857 358 1940 excogitari
382 1861 500 1940 potest.
540 1857 625 1921 Nam
649 1855 737 1937 quod
760 1856 803 1920 ab
827 1857 909 1921 urbe
933 1857 1135 1940 aliquantum
1160 1858 1385 1935 discedebant,

184 1966 290 2030 minus
325 1965 464 2030 sortasse
501 1962 672 2028 commode
703 1965 753 2026 ius
784 1982 880 2027 suum
904 1984 1017 2030 omnes
1041 1984 1195 2030 exercere
1217 1970 1387 2049 poterant;

184 2076 329 2137 ceterum
352 2072 588 2154 antiquissimae
612 2070 747 2134 coloniae
764 2070 882 2134 civium
900 2090 966 2136 non
984 2071 1110 2155 longius
1129 2071 1274 2138 aberant
1291 2094 1387 2156 quarn

184 2179 361 2260 municipia
383 2178 538 2259 suffragio
562 2177 693 2252 donata,
724 2195 784 2240 nec
807 2180 876 2240 tam
899 2177 1003 2242 multa
1025 2182 1096 2243 tum
1120 2180 1273 2257 comitia3
1308 2200 1388 2264 pau·

184 2285 275 2349 latim
310 2284 436 2366 longius
471 2282 734 2359 deducebantur3
775 2302 889 2347 verum
925 2285 1040 2348 eodem
1074 2284 1173 2350 modo
1209 2286 1388 2369 municipia

184 2390 461 2473 propagabantur,
486 2396 528 2467 et,
554 2397 719 2454 crescente
743 2409 777 2453 re
802 2390 942 2471 publica,
971 2390 1079 2455 minus
1102 2392 1168 2455 iam
1192 2395 1253 2456 aut
1277 2412 1389 2457 omnes

184 2501 242 2562 aut
265 2497 369 2561 maior
385 2516 463 2578 pars
482 2497 610 2569 civium,
635 2497 754 2577 quibus
772 2496 901 2572 beabat,
926 2498 1106 2562 intererant
1122 2497 1224 2562 rebus
1241 2499 1390 2582 agendis.

184 2602 280 2681 Quid,
312 2602 401 2684 quod
429 2605 549 2685 saepius
573 2603 638 2667 iam
662 2604 805 2684 antiquis
828 2602 1031 2684 temporibus
1055 2622 1134 2685 ager
1156 2606 1238 2669 satis
1263 2605 1391 2688 longin-

185 2729 269 2792 quus
293 2709 428 2786 civibus,
463 2710 620 2774 militibus
644 2711 796 2787 maxime,
832 2709 1039 2774 dividebatur
1070 2715 1103 2774 et
1126 2711 1147 2774 ii
1170 2712 1205 2775 in
1230 2731 1310 2777 eum
1335 2713 1390 2777 de-

185 2817 406 2893 ducebantur,
446 2816 536 2881 nulla
578 2815 754 2881 constituta
795 2816 942 2881 colonia?
983 2837 1065 2898 quos
1100 2835 1197 2882 nemo
1233 2820 1391 2901 suffragio

185 2925 330 3005 privatos
353 2924 490 3005 putavit,
516 2942 617 3005 quum
640 2925 752 3013 tamen
775 2942 908 3005 prorsus
930 2924 1045 2988 eodem
1062 2924 1134 2988 loeo
1151 2923 1269 2989 haberi
1289 2924 1392 2990 debe·

186 3034 259 3094 rent
293 3027 375 3111 (Liv.
399 3030 513 3106 XXXI,
549 3030 581 3108 4,
616 3027 684 3109 49).
734 3028 770 3092 ln
806 3030 855 3093 his
891 3033 1001 3094 autem
1037 3034 1176 3112 apparet
1210 3031 1392 3097 similitudo

187 3146 241 3193 aaa
260 3141 417 3213 κληρούχων
435 3136 524 3218 apud
548 3136 688 3212 Graecos,
717 3136 859 3200 maxime
884 3136 1115 3211 Athenienses;
1144 3136 1178 3200 hi
1203 3139 1294 3201 enim
1319 3158 1392 3202 cum

186 3243 345 3307 Romanis
369 3243 502 3308 coloniis
532 3242 742 3324 comparandi
772 3246 857 3319 sunt,
894 3263 958 3306 non
990 3243 1124 3307 coloniae
1156 3243 1394 3310 Graecoruma

187 3369 247 3414 sua
270 3352 392 3433 origine
416 3350 595 3414 disiunctae.
642 3349 702 3413 His
725 3353 794 3414 tam
818 3351 997 3431 perspicuis
1026 3352 1239 3433 argumentis
1272 3352 1393 3432 quibus

187 3456 374 3521 testimonia
396 3459 512 3538 postca
531 3457 732 3534 adiicientur,
758 3462 928 3539 opponunt
944 3459 1087 3539 primum
1105 3458 1272 3521 silentium
1289 3460 1393 3541 scrip-

133 3576 173 3617 w
187 3568 310 3639 torum3
346 3561 434 3644 quod
462 3567 576 3627 contra
603 3564 692 3645 ipsos
716 3566 813 3629 valet.
859 3564 1072 3629 Mutationem
1103 3565 1189 3628 enim
1214 3564 1247 3627 in
1272 3564 1392 3629 civium

188 3670 376 3736 condicione
400 3670 521 3735 factam
539 3691 600 3753 par
616 3674 688 3735 erat
706 3671 970 3746 commemorari3
995 3691 1081 3735 nunc
1097 3669 1288 3752 simpliciter
1305 3672 1394 3737 cives

188 3795 228 3841 ex
251 3777 333 3840 urbe
358 3776 473 3842 ductos
497 3778 672 3859 scriptores
696 3781 846 3853 narrant;
881 3797 942 3842 nec
966 3778 997 3854 ii,
1027 3798 1109 3861 quos
1138 3779 1303 3843 sociomm
1333 3799 1394 3843 no·

187 3886 275 3949 mine
299 3885 340 3948 de
364 3885 489 3949 civibus
512 3885 703 3967 suffragium
728 3904 794 3949 non
817 3884 1016 3949 habentibus
1039 3905 1116 3949 usos
1139 3885 1301 3961 videmus,
1331 3904 1394 3949 un·

188 4010 288 4072 quam
323 3990 370 4055 ita
404 3990 445 4054 de
481 3990 605 4055 civibus
641 3992 853 4068 coloniarum,
889 3991 951 4055 nisi
987 3991 1027 4055 de
1063 3991 1230 4056 veteribus
1266 3991 1394 4067 ineolis,

188 4096 374 4179 loquuntur.
421 4097 489 4162 Nec
512 4098 614 4162 ullum
643 4098 828 4163 institutum
858 4098 936 4163 iuris
965 4097 1008 4162 ad
1037 4117 1094 4162 eos
1118 4099 1215 4174 cives,
1251 4117 1395 4180 quorum

260 4345 353 4400 addita
371 4362 461 4415 poena,
484 4345 507 4400 ai
531 4345 592 4415 quis
615 4362 672 4400 non
696 4345 761 4400 isset
779 4342 869 4405 (Dion.
889 4345 975 4400 Halia.
994 4346 1051 4409 Vll,
1077 4344 1118 4410 13,
1142 4344 1282 4399 Plutarch.
1302 4344 1396 4399 Corio

260 4435 314 4488 lan.
336 4433 388 4499 13).
